{"path_per_floor":["M","?","$","?","M","R","E","R","T","?","R","M","$","M","R","B",null,"M","M","$","?","?","R","M","M","T","?","R","$","E","M","R","B",null,"M","$","M","M","M","R","?","R","T","M","E","T","R","E","R","B"],"character_chosen":"IRONCLAD","items_purchased":["Flash of Steel","Madness","Finesse"],"gold_per_floor":[112,212,49,49,74,74,110,110,110,110,110,125,37,53,53,174,174,174,174,77,77,77,77,77,77,77,2,2,2,2,2,2,2,2,2,2,2,2,2,2,2,2,2,2,2,2,2,2,2,2],"floor_reached":51,"campfire_rested":0,"playtime":3970,"current_hp_per_floor":[80,80,80,74,74,74,74,74,74,74,74,74,74,70,70,67,74,51,54,54,54,54,54,41,28,28,28,28,28,26,30,30,26,62,64,64,53,55,52,52,52,52,52,56,60,60,60,64,64,65],"items_purged":["Defend_R"],"gold":2,"play_id":"0d28df21-e4a0-4936-9c8a-b9c677e06c24","is_prod":false,"is_daily":false,"campfire_rituals":0,"campfire_upgraded":2,"is_hardmode":false,"path_taken":["M","?","$","?","M","R","E","R","T","?","R","M","?","M","R","BOSS","M","M","$","?","?","R","?","M","T","?","R","?","E","?","R","BOSS","M","?","?","M","M","R","?","R","T","M","E","?","R","E","R","BOSS"],"build_version":"2018-01-18-PROD4","purchased_purges":1,"victory":true,"master_deck":["Flash of Steel","Demon Form","Thunderclap","Madness","Brutality","Burning Pact","Finesse","Offering","Shrug It Off","Burning Pact"],"max_hp_per_floor":[80,80,80,74,74,74,74,74,74,74,74,74,74,74,74,74,74,74,74,74,74,74,74,74,74,74,74,74,74,76,78,78,78,62,64,64,64,66,66,66,66,66,66,68,70,70,70,72,72,72],"relics":["Burning Blood","NeowsBlessing","Golden Idol","Peace Pipe","Du-Vu Doll","Ectoplasm","Lantern","Singing Bowl","Toxic Egg","Runic Cube","Ice Cream","Juzu Bracelet","Bag of Marbles","Prayer Wheel"],"campfire_meditates":0,"card_choices":[{"not_picked":["Thunderclap","Heavy Blade"],"picked":"Clash"},{"not_picked":["Body Slam","Wild Strike"],"picked":"Demon Form"},{"not_picked":["Hemokinesis","Cleave"],"picked":"Thunderclap"},{"not_picked":["Exhume","Impervious"],"picked":"Brutality"},{"not_picked":["Shrug It Off","Corruption"],"picked":"Burning Pact"},{"not_picked":["Dark Embrace","Limit Break"],"picked":"Offering"},{"not_picked":["Body Slam","Sword Boomerang"],"picked":"Shrug It Off"},{"not_picked":["Perfected Strike","Rupture"],"picked":"Burning Pact"}],"player_experience":104293,"potions_floor_usage":[19,30,33,50,50],"damage_taken":[{"damage":0,"enemies":"Jaw Worm","floor":1,"turns":1},{"damage":0,"enemies":"Blue Slaver","floor":5,"turns":1},{"damage":0,"enemies":"Gremlin Nob","floor":7,"turns":1},{"damage":5,"enemies":"2 Louse","floor":12,"turns":2},{"damage":10,"enemies":"Looter","floor":14,"turns":3},{"damage":9,"enemies":"Slime Boss","floor":16,"turns":5},{"damage":29,"enemies":"Spheric Guardian","floor":18,"turns":4},{"damage":3,"enemies":"Shell Parasite","floor":19,"turns":3},{"damage":19,"enemies":"Snake Plant","floor":24,"turns":3},{"damage":19,"enemies":"Sentry and Sphere","floor":25,"turns":4},{"damage":10,"enemies":"Gremlin Leader","floor":30,"turns":3},{"damage":4,"enemies":"Centurion and Healer","floor":31,"turns":3},{"damage":10,"enemies":"Champ","floor":33,"turns":5},{"damage":4,"enemies":"3 Shapes","floor":35,"turns":1},{"damage":17,"enemies":"3 Darklings","floor":37,"turns":2},{"damage":6,"enemies":"Maw","floor":38,"turns":4},{"damage":9,"enemies":"Sphere and 2 Shapes","floor":39,"turns":2},{"damage":4,"enemies":"3 Darklings","floor":44,"turns":3},{"damage":4,"enemies":"2 Orb Walkers","floor":45,"turns":2},{"damage":4,"enemies":"Nemesis","floor":48,"turns":4},{"damage":5,"enemies":"Awakened One","floor":50,"turns":6}],"event_choices":[{"event_name":"Golden Shrine","player_choice":"Pray","floor":2,"damage_taken":0},{"event_name":"Golden Idol","player_choice":"Lose Max HP","floor":4,"damage_taken":0},{"event_name":"The Woman in Blue","player_choice":"Bought 0 Potions","floor":10,"damage_taken":0},{"event_name":"Golden Shrine","player_choice":"Pray","floor":21,"damage_taken":0},{"event_name":"The Mausoleum","player_choice":"Yes","floor":22,"damage_taken":0},{"event_name":"Beggar","player_choice":"Gave Gold","floor":27,"damage_taken":0},{"event_name":"Match and Keep!","player_choice":"0 cards matched","floor":41,"damage_taken":0}],"boss_relics":[{"not_picked":["Astrolabe","Black Star"],"picked":"Ectoplasm"},{"not_picked":["Calling Bell","White Beast Statue"],"picked":"Runic Cube"}],"potions_floor_spawned":[12,14,16,19,25,33,35,37,45],"seed_played":"5654837386477115642","is_trial":false}