{"gold_per_floor":[112,112,112,136,161,161,199,199,225,264,288,288],"floor_reached":12,"playtime":280,"items_purged":[],"score":176,"play_id":"eda67e28-36aa-4dc2-940d-ce1c0cb584a5","local_time":"20190307195047","is_ascension_mode":true,"campfire_choices":[{"data":"Perfected Strike","floor":6,"key":"SMITH"},{"data":"Whirlwind","floor":8,"key":"SMITH"}],"neow_cost":"NONE","seed_source_timestamp":62454413143700,"circlet_count":0,"master_deck":["AscendersBane","Strike_R","Strike_R","Strike_R","Strike_R","Strike_R","Defend_R","Defend_R","Defend_R","Defend_R","Bash+1","Rampage","Perfected Strike+1","Whirlwind+1","Shrug It Off"],"relics":["Burning Blood","NeowsBlessing","Golden Idol","Juzu Bracelet","Happy Flower","Turnip"],"potions_floor_usage":[7,11],"damage_taken":[{"damage":0,"enemies":"Cultist","floor":1,"turns":1},{"damage":0,"enemies":"Jaw Worm","floor":4,"turns":1},{"damage":0,"enemies":"Small Slimes","floor":5,"turns":1},{"damage":30,"enemies":"Lagavulin","floor":7,"turns":7},{"damage":25,"enemies":"3 Sentries","floor":10,"turns":6},{"damage":6,"enemies":"Exordium Wildlife","floor":11,"turns":5},{"damage":32,"enemies":"Gremlin Nob","floor":12,"turns":3}],"seed_played":"-5991451027509174351","potions_obtained":[{"floor":1,"key":"Poison Potion"},{"floor":4,"key":"Explosive Potion"}],"is_trial":false,"path_per_floor":["M","?","?","M","M","R","E","R","T","E","M","E"],"character_chosen":"IRONCLAD","items_purchased":[],"campfire_rested":0,"item_purchase_floors":[],"current_hp_per_floor":[74,48,48,54,60,60,36,36,36,17,17,0],"gold":288,"neow_bonus":"THREE_ENEMY_KILL","is_prod":false,"is_daily":false,"chose_seed":false,"campfire_upgraded":2,"win_rate":0,"timestamp":1552006247,"path_taken":["M","?","?","?","M","R","E","R","T","E","M","E"],"build_version":"2019-02-06","purchased_purges":0,"victory":false,"max_hp_per_floor":[75,75,75,75,75,75,75,75,75,75,75,75],"card_choices":[{"not_picked":["Wild Strike","Seeing Red"],"picked":"Rampage","floor":1},{"not_picked":["Infernal Blade","Twin Strike","Warcry"],"picked":"SKIP","floor":4},{"not_picked":["Headbutt","Havoc"],"picked":"Perfected Strike","floor":5},{"not_picked":["Clothesline","Warcry"],"picked":"Whirlwind","floor":7},{"not_picked":["Juggernaut","Rampage"],"picked":"Shrug It Off","floor":10},{"not_picked":["Carnage","Hemokinesis","Rupture"],"picked":"SKIP","floor":11}],"player_experience":1065753,"relics_obtained":[{"floor":7,"key":"Juzu Bracelet"},{"floor":9,"key":"Happy Flower"},{"floor":10,"key":"Turnip"}],"event_choices":[{"damage_healed":0,"gold_gain":0,"player_choice":"Take Damage","damage_taken":26,"relics_obtained":["Golden Idol"],"max_hp_gain":0,"max_hp_loss":0,"event_name":"Golden Idol","floor":2,"gold_loss":0},{"damage_healed":0,"gold_gain":0,"player_choice":"Upgraded","damage_taken":0,"max_hp_gain":0,"max_hp_loss":0,"event_name":"Upgrade Shrine","floor":3,"gold_loss":0,"cards_upgraded":["Bash"]}],"is_beta":true,"boss_relics":[],"items_purged_floors":[],"is_endless":false,"potions_floor_spawned":[1,4,5],"killed_by":"Gremlin Nob","ascension_level":20}