{"gold_per_floor":[112,112,126,140,140,140,152,166,236,236,19,30,48,59,59,59],"floor_reached":16,"playtime":413,"items_purged":["Strike_R"],"score":96,"play_id":"6e64cb4b-6d0c-4a01-b126-c1644b900562","local_time":"20190130044740","is_ascension_mode":false,"campfire_choices":[{"data":"Spot Weakness","floor":6,"key":"SMITH"},{"floor":10,"key":"REST"},{"data":"Feed","floor":15,"key":"SMITH"}],"neow_cost":"NONE","seed_source_timestamp":251527068533423,"circlet_count":0,"master_deck":["Strike_R","Strike_R","Strike_R","Strike_R","Defend_R+1","Defend_R","Defend_R+1","Defend_R","Bash","Trip","Spot Weakness+1","Feed+1","Flex","Flex"],"relics":["Burning Blood","Bottled Lightning"],"potions_floor_usage":[8,12,14,14],"damage_taken":[{"damage":6,"enemies":"Cultist","floor":1,"turns":3},{"damage":6,"enemies":"Jaw Worm","floor":3,"turns":3},{"damage":10,"enemies":"Small Slimes","floor":4,"turns":3},{"damage":21,"enemies":"Exordium Wildlife","floor":7,"turns":6},{"damage":6,"enemies":"3 Louse","floor":8,"turns":2},{"damage":17,"enemies":"Large Slime","floor":12,"turns":4},{"damage":0,"enemies":"Red Slaver","floor":13,"turns":3},{"damage":2,"enemies":"Looter","floor":14,"turns":2},{"damage":71,"enemies":"The Guardian","floor":16,"turns":10}],"seed_played":"-5585003081357181662","potions_obtained":[{"floor":7,"key":"Fire Potion"},{"floor":8,"key":"Strength Potion"},{"floor":12,"key":"Energy Potion"},{"floor":13,"key":"SteroidPotion"},{"floor":14,"key":"Ancient Potion"}],"is_trial":false,"path_per_floor":["M","?","M","M","?","R","M","M","T","R","$","M","M","M","R","B"],"character_chosen":"IRONCLAD","items_purchased":["Feed"],"campfire_rested":1,"item_purchase_floors":[11],"current_hp_per_floor":[80,64,64,60,60,60,45,45,45,69,69,61,67,71,71,0],"gold":59,"neow_bonus":"RANDOM_COLORLESS","is_prod":false,"is_daily":false,"chose_seed":false,"campfire_upgraded":2,"win_rate":0,"timestamp":1548852460,"path_taken":["M","?","M","M","?","R","M","M","T","R","$","M","M","M","R","BOSS"],"build_version":"2019-01-23","purchased_purges":1,"victory":false,"max_hp_per_floor":[80,80,80,80,80,80,80,80,80,80,80,83,83,83,83,83],"card_choices":[{"not_picked":["Havoc","Whirlwind","Iron Wave"],"picked":"SKIP","floor":1},{"not_picked":["Bloodletting","Twin Strike"],"picked":"Spot Weakness","floor":3},{"not_picked":["True Grit","Perfected Strike","Warcry"],"picked":"SKIP","floor":4},{"not_picked":["Battle Trance","Body Slam","Second Wind"],"picked":"SKIP","floor":7},{"not_picked":["Infernal Blade","Sever Soul","Uppercut"],"picked":"SKIP","floor":8},{"not_picked":["Warcry","Clothesline"],"picked":"Flex","floor":12},{"not_picked":["Cleave","Dual Wield"],"picked":"Flex","floor":13},{"not_picked":["Clothesline","Twin Strike","Wild Strike"],"picked":"SKIP","floor":14}],"player_experience":227251,"relics_obtained":[{"floor":9,"key":"Bottled Lightning"}],"event_choices":[{"damage_healed":0,"gold_gain":0,"player_choice":"Entered Light","damage_taken":16,"max_hp_gain":0,"max_hp_loss":0,"event_name":"Shining Light","floor":2,"gold_loss":0,"cards_upgraded":["Defend_R","Defend_R"]},{"damage_healed":0,"gold_gain":0,"player_choice":"Ignored","damage_taken":0,"max_hp_gain":0,"max_hp_loss":0,"event_name":"Golden Wing","floor":5,"gold_loss":0}],"is_beta":false,"boss_relics":[],"items_purged_floors":[11],"is_endless":false,"potions_floor_spawned":[7,8,12,13,14],"killed_by":"The Guardian","ascension_level":0}