{"gold_per_floor":[115,129,139,64,64,82,82,99,99,109,124,24,24,24,24,24],"floor_reached":16,"playtime":682,"items_purged":["Strike_G","Defend_G"],"score":94,"play_id":"a7d9861a-8c5a-45fd-9af2-f1bb7407ffcc","local_time":"20190127071028","is_ascension_mode":false,"campfire_choices":[{"data":"Neutralize","floor":7,"key":"SMITH"},{"data":"Corpse Explosion","floor":15,"key":"SMITH"}],"neow_cost":"NONE","seed_source_timestamp":608475903160,"circlet_count":0,"master_deck":["Defend_G","Defend_G","Defend_G","Defend_G","Strike_G","Strike_G","Strike_G","Strike_G","Survivor","Neutralize+1","Corpse Explosion+1","Accuracy+1"],"relics":["Ring of the Snake","Potion Belt","Centennial Puzzle"],"potions_floor_usage":[8,16,16,16,16,16],"damage_taken":[{"damage":0,"enemies":"Jaw Worm","floor":1,"turns":7},{"damage":0,"enemies":"Cultist","floor":2,"turns":4},{"damage":8,"enemies":"Small Slimes","floor":3,"turns":3},{"damage":12,"enemies":"3 Louse","floor":6,"turns":2},{"damage":7,"enemies":"Looter","floor":8,"turns":3},{"damage":3,"enemies":"Exordium Wildlife","floor":10,"turns":4},{"damage":3,"enemies":"Exordium Thugs","floor":11,"turns":8},{"damage":53,"enemies":"Slime Boss","floor":16,"turns":10}],"seed_played":"3168321803547870604","potions_obtained":[{"floor":2,"key":"GamblersBrew"},{"floor":5,"key":"FearPotion"},{"floor":5,"key":"FairyPotion"},{"floor":5,"key":"EntropicBrew"},{"floor":8,"key":"Dexterity Potion"},{"floor":10,"key":"SmokeBomb"}],"is_trial":false,"path_per_floor":["M","M","M","$","?","M","R","M","T","M","M","$","?","?","R","B"],"character_chosen":"THE_SILENT","items_purchased":[],"campfire_rested":0,"item_purchase_floors":[],"current_hp_per_floor":[70,70,62,62,62,50,50,43,43,40,37,37,37,37,37,0],"gold":24,"neow_bonus":"RANDOM_COMMON_RELIC","is_prod":false,"is_daily":false,"chose_seed":false,"campfire_upgraded":2,"win_rate":0,"timestamp":1548601828,"path_taken":["M","M","M","$","?","M","R","M","T","M","?","$","?","?","R","BOSS"],"build_version":"2019-01-23","purchased_purges":2,"victory":false,"max_hp_per_floor":[70,70,70,70,70,70,70,70,70,70,70,70,70,70,70,70],"card_choices":[{"not_picked":["Deflect","PiercingWail","Outmaneuver"],"picked":"SKIP","floor":1},{"not_picked":["Outmaneuver","Acrobatics"],"picked":"Corpse Explosion","floor":2},{"not_picked":["Reflex","Escape Plan","Dash"],"picked":"SKIP","floor":3},{"not_picked":["Dagger Spray","Setup","Choke"],"picked":"SKIP","floor":6},{"not_picked":["Well Laid Plans","PiercingWail","Backflip"],"picked":"SKIP","floor":8},{"not_picked":["Endless Agony","Blade Dance"],"picked":"Accuracy","floor":10},{"not_picked":["Tactician","Outmaneuver","Deflect"],"picked":"SKIP","floor":11}],"player_experience":196448,"relics_obtained":[{"floor":9,"key":"Centennial Puzzle"}],"event_choices":[{"damage_healed":0,"gold_gain":0,"player_choice":"Got Potions","damage_taken":0,"max_hp_gain":0,"max_hp_loss":0,"event_name":"Lab","floor":5,"gold_loss":0},{"damage_healed":0,"gold_gain":0,"player_choice":"Grow","damage_taken":0,"max_hp_gain":0,"max_hp_loss":0,"event_name":"Living Wall","floor":13,"gold_loss":0,"cards_upgraded":["Accuracy"]},{"damage_healed":0,"gold_gain":0,"player_choice":"Ignored","damage_taken":0,"max_hp_gain":0,"max_hp_loss":0,"event_name":"Shining Light","floor":14,"gold_loss":0}],"is_beta":false,"boss_relics":[],"items_purged_floors":[4,12],"is_endless":false,"potions_floor_spawned":[2,8,10],"killed_by":"Slime Boss","ascension_level":0}