{"gold_per_floor":[117,117,12,28,45,45,77,77,77,106,124,124],"floor_reached":12,"playtime":344,"items_purged":[],"score":176,"play_id":"51f17ad1-cb7d-44f8-9fb4-52d47f2cee82","local_time":"20181105232054","is_ascension_mode":true,"campfire_choices":[{"data":"Sweeping Beam","floor":6,"key":"SMITH"},{"data":"Blind","floor":8,"key":"SMITH"}],"neow_cost":"NONE","seed_source_timestamp":225098123889342,"circlet_count":0,"master_deck":["AscendersBane","Strike_B","Strike_B","Strike_B","Strike_B","Defend_B","Defend_B","Defend_B","Defend_B","Zap","Dualcast","Fission","Steam","Blind+1","Chill","Sweeping Beam+1","Electrodynamics","Cold Snap","Turbo"],"relics":["Cracked Core","Ice Cream","Omamori","Gambling Chip","Smiling Mask"],"potions_floor_usage":[12,12],"damage_taken":[{"damage":6,"enemies":"Jaw Worm","floor":1,"turns":4},{"damage":1,"enemies":"2 Louse","floor":4,"turns":3},{"damage":6,"enemies":"Cultist","floor":5,"turns":4},{"damage":10,"enemies":"Lagavulin","floor":7,"turns":7},{"damage":10,"enemies":"3 Sentries","floor":10,"turns":2},{"damage":0,"enemies":"3 Louse","floor":11,"turns":1},{"damage":27,"enemies":"Gremlin Nob","floor":12,"turns":4}],"seed_played":"4712984177700400248","potions_obtained":[{"floor":4,"key":"Ancient Potion"},{"floor":11,"key":"SpeedPotion"}],"is_trial":false,"path_per_floor":["M","?","$","M","M","R","E","R","T","E","M","E"],"character_chosen":"DEFECT","items_purchased":["Blind"],"campfire_rested":0,"item_purchase_floors":[3],"current_hp_per_floor":[58,53,53,52,46,46,36,36,36,26,26,0],"gold":124,"neow_bonus":"ONE_RANDOM_RARE_CARD","is_prod":false,"is_daily":false,"chose_seed":false,"campfire_upgraded":2,"win_rate":0,"timestamp":1541478054,"path_taken":["M","?","$","M","M","R","E","R","T","E","M","E"],"build_version":"2018-11-02","purchased_purges":0,"victory":false,"max_hp_per_floor":[71,71,71,71,71,71,71,71,71,71,71,71],"card_choices":[{"not_picked":["Conserve Battery","Beam Cell"],"picked":"Steam","floor":1},{"not_picked":["Redo","Steam"],"picked":"Chill","floor":4},{"not_picked":["Steam","Gash"],"picked":"Sweeping Beam","floor":5},{"not_picked":["FTL","Hologram"],"picked":"Electrodynamics","floor":7},{"not_picked":["Genetic Algorithm","Streamline"],"picked":"Cold Snap","floor":10},{"not_picked":["Consume","Rebound"],"picked":"Turbo","floor":11}],"player_experience":856758,"relics_obtained":[{"floor":7,"key":"Omamori"},{"floor":9,"key":"Gambling Chip"},{"floor":10,"key":"Smiling Mask"}],"event_choices":[{"damage_healed":0,"gold_gain":0,"player_choice":"Success","damage_taken":5,"relics_obtained":["Ice Cream"],"max_hp_gain":0,"max_hp_loss":0,"event_name":"Scrap Ooze","floor":2,"gold_loss":0}],"is_beta":true,"boss_relics":[],"items_purged_floors":[],"is_endless":false,"potions_floor_spawned":[4,11],"killed_by":"Gremlin Nob","ascension_level":20}