{"gold_per_floor":[117,267,267,278,296,296,324,341,365,365,365,365],"floor_reached":12,"playtime":299,"items_purged":[],"score":156,"play_id":"fe65b404-4ccf-4e71-ac77-be04460bde0b","local_time":"20181009221521","is_ascension_mode":true,"campfire_choices":[{"data":"Zap","floor":6.0,"key":"SMITH"}],"neow_cost":"NONE","seed_source_timestamp":540290723481172,"circlet_count":0,"master_deck":["Strike_B","Strike_B","Strike_B","Strike_B","Defend_B","Defend_B","Defend_B","Defend_B","Zap+1","Dualcast","AscendersBane","Lockon","Leap","Doubt","Reinforced Body","Doom and Gloom","Ball Lightning","Leap"],"special_seed":0,"relics":["Cracked Core","Smiling Mask","Bag of Preparation","Juzu Bracelet"],"potions_floor_usage":[7],"damage_taken":[{"damage":1.0,"enemies":"2 Louse","floor":1.0,"turns":2.0},{"damage":12.0,"enemies":"Small Slimes","floor":4.0,"turns":2.0},{"damage":1.0,"enemies":"Cultist","floor":5.0,"turns":3.0},{"damage":27,"enemies":"Gremlin Nob","floor":7,"turns":4},{"damage":3,"enemies":"Blue Slaver","floor":8,"turns":3},{"damage":14,"enemies":"Large Slime","floor":12,"turns":4}],"seed_played":"6309396049286707851","potions_obtained":[{"floor":4.0,"key":"Fire Potion"},{"floor":8,"key":"Block Potion"}],"is_trial":false,"path_per_floor":["M","?","?","M","M","R","E","M","T","?","?"],"character_chosen":"DEFECT","items_purchased":[],"campfire_rested":0,"item_purchase_floors":[],"current_hp_per_floor":[63,63,45,33,32,32,5,2,2,2,7,0],"gold":365,"neow_bonus":"THREE_CARDS","is_prod":false,"is_daily":false,"chose_seed":false,"campfire_upgraded":1,"win_rate":0,"timestamp":1539137721,"path_taken":["M","?","?","M","M","R","E","M","T","?","?","M"],"build_version":"2018-10-04v2","purchased_purges":0,"victory":false,"max_hp_per_floor":[71,71,71,71,71,71,71,71,71,71,76,76],"card_choices":[{"not_picked":["Hologram","Fusion"],"picked":"Lockon","floor":0.0},{"not_picked":["Barrage","Gash"],"picked":"Leap","floor":1.0},{"not_picked":["Rebound","Doom and Gloom"],"picked":"Reinforced Body","floor":4.0},{"not_picked":["Barrage","Meteor Strike"],"picked":"Doom and Gloom","floor":5.0},{"not_picked":["Cold Snap","Compile Driver"],"picked":"Ball Lightning","floor":7},{"not_picked":["Hologram","Steam"],"picked":"Leap","floor":8}],"player_experience":945930,"relics_obtained":[{"floor":7,"key":"Bag of Preparation"},{"floor":9,"key":"Juzu Bracelet"}],"event_choices":[{"event_name":"Liars Game","player_choice":"agreed","floor":2.0,"damage_taken":0.0},{"event_name":"Scrap Ooze","player_choice":"success","floor":3.0,"damage_taken":18.0},{"event_name":"Match and Keep!","player_choice":"0 cards matched","floor":10,"damage_taken":0},{"event_name":"Big Fish","player_choice":"Donut","floor":11,"damage_taken":0}],"is_beta":false,"boss_relics":[],"items_purged_floors":[],"is_endless":false,"potions_floor_spawned":[4,8],"killed_by":"Large Slime","ascension_level":20}