{"gold_per_floor":[112,130,150,161,161,161,188,208,208,208,238,163,163,180,180,252,252,271,1,16,16,26,26,52,52,126,157,157,174,174,200,200,278,278,290,290,300,312,42,42,71,86,86,36,0,27,27,37,37,37],"floor_reached":50,"playtime":2967,"items_purged":["Strike_R","Doubt"],"score":1082,"play_id":"0762353b-1b81-49dc-8358-5da18a02fa29","local_time":"20190319191329","is_ascension_mode":true,"campfire_choices":[{"floor":6,"key":"REST"},{"data":"Ghostly Armor","floor":10,"key":"SMITH"},{"floor":13,"key":"REST"},{"data":"Battle Trance","floor":15,"key":"SMITH"},{"data":"Limit Break","floor":23,"key":"SMITH"},{"floor":25,"key":"REST"},{"floor":28,"key":"REST"},{"data":"Flex","floor":30,"key":"SMITH"},{"floor":32,"key":"REST"},{"data":"Barricade","floor":40,"key":"SMITH"},{"floor":47,"key":"REST"},{"data":"True Grit","floor":49,"key":"SMITH"}],"neow_cost":"NONE","seed_source_timestamp":2854585946786,"circlet_count":0,"master_deck":["AscendersBane","Strike_R","Strike_R","Strike_R+1","Defend_R","Defend_R+1","Defend_R+1","Defend_R","Bash","Ghostly Armor+1","Pommel Strike","Thunderclap","Battle Trance+1","Clothesline+1","Iron Wave+1","Thunderclap+1","Limit Break+1","Headbutt+1","Shrug It Off","Pommel Strike+1","Flex+1","Dropkick+1","Dropkick+1","Headbutt+1","Barricade+1","Seeing Red+1","Pummel+1","Shrug It Off","Headbutt+1","Whirlwind+1","Flex+1","Normality","True Grit","True Grit+1"],"relics":["Burning Blood","Molten Egg 2","Ice Cream","Cursed Key","Sling","Sundial","Pear","Prayer Wheel","Smiling Mask","Runic Pyramid","Lee\u0027s Waffle","Bottled Lightning","Red Mask","War Paint"],"potions_floor_usage":[7,18,20,22,24,31,42,50,50],"damage_taken":[{"damage":0,"enemies":"2 Louse","floor":1,"turns":4},{"damage":0,"enemies":"Small Slimes","floor":2,"turns":3},{"damage":7,"enemies":"Jaw Worm","floor":3,"turns":3},{"damage":32,"enemies":"Exordium Thugs","floor":4,"turns":7},{"damage":27,"enemies":"Lagavulin","floor":7,"turns":8},{"damage":5,"enemies":"Gremlin Gang","floor":8,"turns":5},{"damage":0,"enemies":"2 Fungi Beasts","floor":14,"turns":4},{"damage":42,"enemies":"The Guardian","floor":16,"turns":14},{"damage":5,"enemies":"2 Thieves","floor":18,"turns":4},{"damage":3,"enemies":"3 Byrds","floor":20,"turns":5},{"damage":15,"enemies":"Cultist and Chosen","floor":22,"turns":5},{"damage":48,"enemies":"Slavers","floor":24,"turns":7},{"damage":18,"enemies":"Gremlin Leader","floor":27,"turns":5},{"damage":24,"enemies":"Snecko","floor":29,"turns":4},{"damage":8,"enemies":"Book of Stabbing","floor":31,"turns":4},{"damage":61,"enemies":"Champ","floor":33,"turns":8},{"damage":0,"enemies":"Orb Walker","floor":35,"turns":3},{"damage":10,"enemies":"3 Shapes","floor":37,"turns":4},{"damage":35,"enemies":"Transient","floor":38,"turns":6},{"damage":21,"enemies":"Nemesis","floor":41,"turns":3},{"damage":30,"enemies":"3 Darklings","floor":42,"turns":3},{"damage":34,"enemies":"Maw","floor":48,"turns":5},{"damage":63,"enemies":"Donu and Deca","floor":50,"turns":5}],"seed_played":"-8277934988651606798","potions_obtained":[{"floor":4,"key":"EssenceOfSteel"},{"floor":14,"key":"SpeedPotion"},{"floor":16,"key":"Block Potion"},{"floor":18,"key":"Energy Potion"},{"floor":20,"key":"AttackPotion"},{"floor":24,"key":"Explosive Potion"},{"floor":29,"key":"EssenceOfSteel"},{"floor":37,"key":"BloodPotion"},{"floor":41,"key":"Strength Potion"},{"floor":42,"key":"SpeedPotion"}],"is_trial":false,"path_per_floor":["M","M","M","M","?","R","E","M","T","R","?","?","R","M","R","B",null,"M","$","M","?","M","R","E","R","T","E","R","M","R","E","R","B",null,"M","?","M","M","$","R","E","M","T","$","?","T","R","M","R","B"],"character_chosen":"IRONCLAD","items_purchased":["Sling","Shrug It Off","Lee\u0027s Waffle"],"campfire_rested":6,"item_purchase_floors":[19,19,39],"current_hp_per_floor":[74,75,74,48,25,47,26,27,27,27,27,27,49,55,55,19,61,62,62,65,65,56,56,14,36,46,34,59,41,41,39,64,9,66,72,72,68,39,92,92,77,53,53,53,53,53,80,52,52,0],"gold":37,"neow_bonus":"THREE_CARDS","is_prod":false,"is_daily":false,"chose_seed":false,"campfire_upgraded":6,"win_rate":0,"timestamp":1553037209,"path_taken":["M","M","M","M","?","R","E","M","T","R","?","?","R","M","R","BOSS","M","$","M","?","M","R","E","R","T","E","R","M","R","E","R","BOSS","M","?","?","?","$","R","E","M","T","$","?","?","R","M","R","BOSS"],"build_version":"2019-03-15","purchased_purges":2,"victory":false,"max_hp_per_floor":[75,75,75,75,75,75,75,75,75,75,75,75,75,75,75,75,75,75,75,75,75,75,75,75,75,85,85,85,85,85,85,85,85,85,85,85,85,85,92,92,92,92,92,92,92,92,92,92,92,92],"card_choices":[{"not_picked":["Fire Breathing","Thunderclap"],"picked":"Ghostly Armor","floor":0},{"not_picked":["Warcry","Perfected Strike"],"picked":"Pommel Strike","floor":1},{"not_picked":["Shrug It Off","Dropkick"],"picked":"Thunderclap","floor":2},{"not_picked":["Pommel Strike","Bloodletting"],"picked":"Battle Trance","floor":3},{"not_picked":["Anger","Feel No Pain"],"picked":"Clothesline","floor":4},{"not_picked":["Wild Strike","Juggernaut"],"picked":"Iron Wave","floor":7},{"not_picked":["Armaments","Heavy Blade+1"],"picked":"Thunderclap+1","floor":8},{"not_picked":["Wild Strike+1","Perfected Strike+1","Anger+1"],"picked":"SKIP","floor":14},{"not_picked":["Exhume","Dark Embrace"],"picked":"Limit Break","floor":16},{"not_picked":["Entrench+1","Rampage+1"],"picked":"Headbutt+1","floor":18},{"not_picked":["Power Through+1","Havoc"],"picked":"Pommel Strike+1","floor":20},{"not_picked":["Twin Strike+1","Fire Breathing"],"picked":"Flex","floor":22},{"not_picked":["Feel No Pain","Clash+1","Sword Boomerang+1"],"picked":"SKIP","floor":24},{"not_picked":["Clothesline+1","Fire Breathing"],"picked":"Dropkick+1","floor":27},{"not_picked":["Entrench","Wild Strike+1"],"picked":"Dropkick+1","floor":29},{"not_picked":["Entrench","Flex","Anger+1"],"picked":"SKIP","floor":29},{"not_picked":["Berserk","Hemokinesis+1"],"picked":"Headbutt+1","floor":31},{"not_picked":["Fiend Fire+1","Immolate+1"],"picked":"Barricade","floor":33},{"not_picked":["Anger+1","Clothesline+1"],"picked":"Seeing Red+1","floor":35},{"not_picked":["Fire Breathing","Battle Trance","Dual Wield"],"picked":"SKIP","floor":35},{"not_picked":["Battle Trance","Sword Boomerang+1"],"picked":"Pummel+1","floor":37},{"not_picked":["Pommel Strike+1","Thunderclap+1"],"picked":"Shrug It Off","floor":37},{"not_picked":["Hemokinesis+1","Havoc"],"picked":"Headbutt+1","floor":38},{"not_picked":["Clash+1","Burning Pact+1"],"picked":"Whirlwind+1","floor":38},{"not_picked":["Headbutt+1","Hemokinesis+1"],"picked":"Flex+1","floor":41},{"not_picked":["Clash+1","Heavy Blade+1","Dark Embrace"],"picked":"SKIP","floor":42},{"not_picked":["Sword Boomerang+1","Perfected Strike+1","Pummel+1"],"picked":"SKIP","floor":42},{"not_picked":["Blood for Blood+1","Searing Blow+1"],"picked":"True Grit","floor":48},{"not_picked":["Seeing Red","Uppercut+1"],"picked":"True Grit","floor":48}],"player_experience":590665,"relics_obtained":[{"floor":7,"key":"Molten Egg 2"},{"floor":9,"key":"Ice Cream"},{"floor":24,"key":"Sundial"},{"floor":26,"key":"Pear"},{"floor":27,"key":"Prayer Wheel"},{"floor":31,"key":"Smiling Mask"},{"floor":41,"key":"Bottled Lightning"},{"floor":46,"key":"War Paint"}],"event_choices":[{"damage_healed":0,"gold_gain":0,"player_choice":"Entered Light","damage_taken":23,"max_hp_gain":0,"max_hp_loss":0,"event_name":"Shining Light","floor":5,"gold_loss":0,"cards_upgraded":["Strike_R","Clothesline"]},{"damage_healed":0,"gold_gain":30,"player_choice":"Searched \u00271\u0027 times","damage_taken":0,"max_hp_gain":0,"max_hp_loss":0,"event_name":"Dead Adventurer","floor":11,"gold_loss":0},{"cards_removed":["Strike_R"],"damage_healed":0,"gold_gain":0,"player_choice":"Card Removal","damage_taken":0,"max_hp_gain":0,"max_hp_loss":0,"event_name":"The Cleric","floor":12,"gold_loss":75},{"damage_healed":0,"gold_gain":0,"player_choice":"Ignored","damage_taken":0,"max_hp_gain":0,"max_hp_loss":0,"event_name":"Ghosts","floor":21,"gold_loss":0},{"cards_removed":["Clumsy"],"damage_healed":0,"gold_gain":0,"player_choice":"Purged","damage_taken":0,"max_hp_gain":0,"max_hp_loss":0,"event_name":"Purifier","floor":36,"gold_loss":0},{"damage_healed":0,"gold_gain":0,"player_choice":"Paid","damage_taken":0,"relics_obtained":["Red Mask"],"max_hp_gain":0,"max_hp_loss":0,"event_name":"Tomb of Lord Red Mask","floor":45,"gold_loss":36}],"is_beta":true,"boss_relics":[{"not_picked":["Eternal Feather","Snecko Eye"],"picked":"Cursed Key"},{"not_picked":["Calling Bell","Astrolabe"],"picked":"Runic Pyramid"}],"items_purged_floors":[39,44],"is_endless":false,"potions_floor_spawned":[4,14,16,18,20,24,29,37,41,42],"killed_by":"Donu and Deca","ascension_level":19}