{"gold_per_floor":[116,116,116,128,140,140,169,186,210,210,238,252,252,269,269,269],"floor_reached":16,"playtime":654,"items_purged":[],"score":224,"play_id":"62882a8a-ec35-4eff-87d3-226ad3c35a36","local_time":"20190223092449","is_ascension_mode":true,"campfire_choices":[{"data":"Bash","floor":6,"key":"SMITH"},{"data":"Feel No Pain","floor":10,"key":"SMITH"},{"data":"Uppercut","floor":15,"key":"SMITH"}],"neow_cost":"NONE","seed_source_timestamp":44412524937066,"circlet_count":0,"master_deck":["AscendersBane","Strike_R","Strike_R","Strike_R","Strike_R+1","Defend_R","Defend_R+1","Defend_R","Defend_R","Bash+1","Impatience","Thunderclap","Feel No Pain+1","Reaper","Perfected Strike","Uppercut+1"],"relics":["Burning Blood","Happy Flower","PreservedInsect","Pen Nib"],"potions_floor_usage":[8,16],"damage_taken":[{"damage":1,"enemies":"Small Slimes","floor":1,"turns":5},{"damage":14,"enemies":"Jaw Worm","floor":4,"turns":4},{"damage":4,"enemies":"2 Louse","floor":5,"turns":3},{"damage":19,"enemies":"3 Sentries","floor":7,"turns":10},{"damage":13,"enemies":"Lots of Slimes","floor":8,"turns":2},{"damage":28,"enemies":"Lagavulin","floor":11,"turns":6},{"damage":3,"enemies":"3 Louse","floor":12,"turns":3},{"damage":20,"enemies":"Exordium Wildlife","floor":14,"turns":4},{"damage":51,"enemies":"Hexaghost","floor":16,"turns":8}],"seed_played":"1005219782591349722","potions_obtained":[{"floor":5,"key":"BloodPotion"},{"floor":7,"key":"SteroidPotion"},{"floor":8,"key":"Energy Potion"},{"floor":11,"key":"PowerPotion"}],"is_trial":false,"path_per_floor":["M","?","?","M","M","R","E","M","T","R","E","M","?","M","R","B"],"character_chosen":"IRONCLAD","items_purchased":[],"campfire_rested":0,"item_purchase_floors":[],"current_hp_per_floor":[73,66,43,35,37,37,24,62,62,62,46,55,55,49,49,0],"gold":269,"neow_bonus":"RANDOM_COLORLESS","is_prod":false,"is_daily":false,"chose_seed":false,"campfire_upgraded":3,"win_rate":0,"timestamp":1550931889,"path_taken":["M","?","?","M","M","R","E","M","T","R","E","M","?","M","R","BOSS"],"build_version":"2019-02-06","purchased_purges":0,"victory":false,"max_hp_per_floor":[75,75,75,75,75,75,75,75,75,75,75,75,75,75,75,75],"card_choices":[{"not_picked":["Body Slam","Burning Pact"],"picked":"Thunderclap","floor":1},{"not_picked":["True Grit","Wild Strike"],"picked":"Feel No Pain","floor":4},{"not_picked":["Clash","Thunderclap","Blood for Blood"],"picked":"SKIP","floor":5},{"not_picked":["Uppercut","Clothesline"],"picked":"Reaper","floor":7},{"not_picked":["Heavy Blade","Wild Strike","Clash"],"picked":"SKIP","floor":8},{"not_picked":["Sword Boomerang","Flex"],"picked":"Perfected Strike","floor":11},{"not_picked":["Combust","Body Slam","Headbutt"],"picked":"SKIP","floor":12},{"not_picked":["Combust","Body Slam","Headbutt"],"picked":"SKIP","floor":12},{"not_picked":["Exhume","Clash"],"picked":"Uppercut","floor":14}],"player_experience":982051,"relics_obtained":[{"floor":7,"key":"Happy Flower"},{"floor":9,"key":"PreservedInsect"},{"floor":11,"key":"Pen Nib"}],"event_choices":[{"cards_removed":["Strike_R"],"damage_healed":0,"gold_gain":0,"player_choice":"Card Removal","damage_taken":7,"max_hp_gain":0,"max_hp_loss":0,"event_name":"Golden Wing","floor":2,"gold_loss":0},{"damage_healed":0,"gold_gain":0,"player_choice":"Entered Light","damage_taken":23,"max_hp_gain":0,"max_hp_loss":0,"event_name":"Shining Light","floor":3,"gold_loss":0,"cards_upgraded":["Defend_R","Strike_R"]},{"damage_healed":0,"gold_gain":0,"player_choice":"Leave","damage_taken":0,"max_hp_gain":0,"max_hp_loss":0,"event_name":"The Cleric","floor":13,"gold_loss":0}],"is_beta":true,"boss_relics":[],"items_purged_floors":[],"is_endless":false,"potions_floor_spawned":[5,7,8,11],"killed_by":"Hexaghost","ascension_level":20}