{"gold_per_floor":[114,189,207,218,88,88,118,118,118,131,131,131,160,21,21,21],"floor_reached":16,"playtime":522,"items_purged":["Strike_R"],"score":211,"play_id":"14e3d0cf-2a63-448a-a265-d7318bf49b3a","local_time":"20181030091341","is_ascension_mode":true,"campfire_choices":[{"data":"Armaments","floor":6,"key":"SMITH"},{"data":"Uppercut","floor":8,"key":"SMITH"},{"data":"Bash","floor":11,"key":"SMITH"},{"floor":15,"key":"DIG"}],"neow_cost":"NONE","seed_source_timestamp":486536473452,"circlet_count":0,"master_deck":["Strike_R","Strike_R","Strike_R","Strike_R","Defend_R","Defend_R","Defend_R","Defend_R","Bash+1","AscendersBane","Shrug It Off","Feel No Pain","Uppercut+1","Armaments+1","Seeing Red","Evolve"],"relics":["Burning Blood","NeowsBlessing","Prayer Wheel","Charon\u0027s Ashes","Shovel","Juzu Bracelet","Potion Belt"],"potions_floor_usage":[7,13,13],"damage_taken":[{"damage":0,"enemies":"Jaw Worm","floor":1,"turns":1},{"damage":0,"enemies":"2 Louse","floor":3,"turns":1},{"damage":0,"enemies":"Cultist","floor":4,"turns":1},{"damage":24,"enemies":"3 Sentries","floor":7,"turns":19},{"damage":7,"enemies":"Large Slime","floor":10,"turns":6},{"damage":16,"enemies":"Lagavulin","floor":13,"turns":10},{"damage":0,"enemies":"The Guardian","floor":16,"turns":2}],"seed_played":"189880192581597475","potions_obtained":[{"floor":1,"key":"EssenceOfSteel"},{"floor":3,"key":"BloodPotion"},{"floor":7,"key":"GamblersBrew"}],"is_trial":false,"path_per_floor":["M","?","M","M","$","R","E","R","T","M","R","?","E","$","R"],"character_chosen":"IRONCLAD","items_purchased":["Armaments","Evolve","Block Potion"],"campfire_rested":0,"item_purchase_floors":[5,14,14],"current_hp_per_floor":[74,63,69,75,75,75,57,57,57,56,56,11,8,8,8,8],"gold":21,"neow_bonus":"THREE_ENEMY_KILL","is_prod":false,"is_daily":false,"chose_seed":false,"campfire_upgraded":3,"win_rate":0,"timestamp":1540905221,"path_taken":["M","?","M","M","$","R","E","R","T","M","R","?","E","$","R","BOSS"],"build_version":"2018-10-29v2","purchased_purges":1,"victory":false,"max_hp_per_floor":[75,75,75,75,75,75,75,75,75,75,75,75,75,75,75,75],"card_choices":[{"not_picked":["Sever Soul","Perfected Strike"],"picked":"Shrug It Off","floor":1},{"not_picked":["Flame Barrier","Pummel"],"picked":"Feel No Pain","floor":3},{"not_picked":["Thunderclap","Twin Strike"],"picked":"Uppercut","floor":4},{"not_picked":["Pommel Strike","Brutality","Clothesline"],"picked":"SKIP","floor":7},{"not_picked":["Twin Strike","Clothesline","Pommel Strike"],"picked":"SKIP","floor":10},{"not_picked":["Infernal Blade","Dual Wield","Rage"],"picked":"SKIP","floor":10},{"not_picked":["Wild Strike","Anger"],"picked":"Seeing Red","floor":13}],"player_experience":785834,"relics_obtained":[{"floor":7,"key":"Prayer Wheel"},{"floor":9,"key":"Charon\u0027s Ashes"},{"floor":13,"key":"Juzu Bracelet"},{"floor":15,"key":"Potion Belt"}],"event_choices":[{"damage_healed":0,"gold_gain":75,"player_choice":"Gather Gold","damage_taken":11,"max_hp_gain":0,"max_hp_loss":0,"event_name":"World of Goop","floor":2,"gold_loss":0},{"damage_healed":0,"gold_gain":0,"player_choice":"Success","damage_taken":45,"relics_obtained":["Shovel"],"max_hp_gain":0,"max_hp_loss":0,"event_name":"Scrap Ooze","floor":12,"gold_loss":0}],"is_beta":true,"boss_relics":[],"items_purged_floors":[5],"is_endless":false,"potions_floor_spawned":[1,3,7],"killed_by":"The Guardian","ascension_level":19}