{"path_per_floor":["M","M","M","M","$","R","E","M","T","$","M","?"],"character_chosen":"DEFECT","items_purchased":["Blood Vial"],"gold_per_floor":[116,126,145,164,19,19,51,66,96,21,34,34,34],"floor_reached":13,"campfire_rested":1,"playtime":477,"item_purchase_floors":[5],"current_hp_per_floor":[61,60,60,28,28,48,31,26,26,26,14,2,0],"items_purged":["Defend_B"],"gold":34,"score":87,"play_id":"aa5efa4d-d95a-470b-9c77-c57ff0e58d3c","local_time":"20180608070947","is_prod":false,"is_daily":false,"chose_seed":false,"is_ascension_mode":false,"campfire_upgraded":0,"win_rate":0.0,"timestamp":1528466987,"campfire_choices":[{"floor":6,"key":"REST"}],"path_taken":["M","M","M","M","$","R","E","M","T","$","M","?","M"],"build_version":"2018-06-07","seed_source_timestamp":1407628036604646,"purchased_purges":1,"victory":false,"master_deck":["Strike_B","Strike_B","Strike_B","Strike_B","Defend_B","Defend_B","Defend_B","Zap","Dualcast","Reprogram","Cold Snap","Ball Lightning","Defragment","Ball Lightning","Redo"],"max_hp_per_floor":[68,68,68,68,68,68,68,68,68,68,68,68,68],"relics":["Cracked Core","Unceasing Top","Blood Vial","Matryoshka","Tiny Chest","Toolbox","Mummified Hand"],"card_choices":[{"not_picked":["Barrage","Compile Driver"],"picked":"Reprogram","floor":1},{"not_picked":["Turbo","Tempest"],"picked":"Cold Snap","floor":2},{"not_picked":["Steam","Leap"],"picked":"Ball Lightning","floor":3},{"not_picked":["Reinforced Body","Lockon"],"picked":"Defragment","floor":4},{"not_picked":["Undo","Stack"],"picked":"Ball Lightning","floor":7},{"not_picked":["Streamline","Thunder Strike","Cold Snap"],"picked":"SKIP","floor":8},{"not_picked":["Hologram","Stack"],"picked":"Redo","floor":11}],"player_experience":153630,"potions_floor_usage":[7],"damage_taken":[{"damage":7,"enemies":"Small Slimes","floor":1,"turns":4},{"damage":1,"enemies":"Jaw Worm","floor":2,"turns":3},{"damage":0,"enemies":"Cultist","floor":3,"turns":4},{"damage":32,"enemies":"Gremlin Gang","floor":4,"turns":4},{"damage":19,"enemies":"Gremlin Nob","floor":7,"turns":4},{"damage":7,"enemies":"Looter","floor":8,"turns":3},{"damage":18,"enemies":"Exordium Thugs","floor":11,"turns":4},{"damage":4,"enemies":"3 Louse","floor":13,"turns":1}],"relics_obtained":[{"floor":7,"key":"Matryoshka"},{"floor":9,"key":"Tiny Chest"},{"floor":9,"key":"Toolbox"}],"event_choices":[{"event_name":"Scrap Ooze","player_choice":"success","floor":12,"damage_taken":12}],"boss_relics":[],"items_purged_floors":[10],"potions_floor_spawned":[1,11],"seed_played":"-3921349763587224810","killed_by":"3 Louse","ascension_level":0,"potions_obtained":[{"floor":1,"key":"LiquidBronze"},{"floor":11,"key":"Poison Potion"}],"is_trial":false}