{"gold_per_floor":[20,30,30,30,30,30,58,18,18,53,53,78,88,108,108,204,204,224,224,224,224,241,241,166,200,223,223,223,234,234,253,253,358,358,378,453,4,20,31,57,57,75,75,94,140,175,190,221,221,221,221,221,76,107,107],"floor_reached":56,"playtime":7694,"items_purged":["Writhe"],"score":1372,"play_id":"0ef41b97-92eb-46b1-9ebd-96e12cb465f3","local_time":"20190318132608","is_ascension_mode":true,"campfire_choices":[{"data":"Cleave","floor":6.0,"key":"SMITH"},{"floor":11.0,"key":"REST"},{"floor":15.0,"key":"DIG"},{"floor":23.0,"key":"DIG"},{"floor":27.0,"key":"DIG"},{"floor":30.0,"key":"DIG"},{"floor":32.0,"key":"REST"},{"floor":41.0,"key":"RECALL"},{"floor":49.0,"key":"DIG"},{"floor":52,"key":"DIG"}],"neow_cost":"NO_GOLD","seed_source_timestamp":74148488079900,"circlet_count":0,"master_deck":["Defend_R+1","Defend_R+1","Defend_R+1","Defend_R+1","Bash","Cleave+1","Iron Wave","True Grit+1","Blood for Blood","Metallicize","Carnage","Berserk","Thunderclap","Iron Wave","Demon Form","Battle Trance+1","Armaments+1","Bite","Bite","Bite","Bite","Bite","Flame Barrier","Sword Boomerang+1","Shrug It Off+1","Battle Trance+1","Pommel Strike","Offering","Shockwave+1","Intimidate+1","Shrug It Off+1","Metallicize+1","Corruption+1","Ghostly Armor+1","Ghostly Armor+1","Shrug It Off+1","Spot Weakness+1","Disarm"],"special_seed":0,"relics":["Black Blood","Happy Flower","Shovel","Prayer Wheel","Mercury Hourglass","Mummified Hand","Pear","Nilry\u0027s Codex","Question Card","Matryoshka","Omamori","Orichalcum","Gremlin Horn","Bag of Preparation","Lizard Tail","ClockworkSouvenir","Shuriken","Regal Pillow","Blood Vial","Pocketwatch","Charon\u0027s Ashes","Anchor","Torii","Self Forming Clay","Sundial","War Paint","Ice Cream"],"potions_floor_usage":[55,55,55],"damage_taken":[{"damage":7.0,"enemies":"Small Slimes","floor":1.0,"turns":4.0},{"damage":1.0,"enemies":"Jaw Worm","floor":2.0,"turns":3.0},{"damage":39.0,"enemies":"Lagavulin","floor":7.0,"turns":8.0},{"damage":46.0,"enemies":"3 Sentries","floor":10.0,"turns":14.0},{"damage":6.0,"enemies":"Gremlin Nob","floor":12.0,"turns":3.0},{"damage":0.0,"enemies":"2 Louse","floor":13.0,"turns":1.0},{"damage":0.0,"enemies":"2 Fungi Beasts","floor":14.0,"turns":2.0},{"damage":42.0,"enemies":"Slime Boss","floor":16.0,"turns":8.0},{"damage":29.0,"enemies":"Shell Parasite","floor":18.0,"turns":6.0},{"damage":2.0,"enemies":"3 Byrds","floor":22.0,"turns":4.0},{"damage":37.0,"enemies":"Gremlin Leader","floor":25.0,"turns":6.0},{"damage":12.0,"enemies":"Centurion and Healer","floor":29.0,"turns":6.0},{"damage":38.0,"enemies":"Snake Plant","floor":31.0,"turns":5.0},{"damage":42.0,"enemies":"Collector","floor":33.0,"turns":7.0},{"damage":28.0,"enemies":"Orb Walker","floor":35.0,"turns":4.0},{"damage":10.0,"enemies":"3 Darklings","floor":38.0,"turns":4.0},{"damage":18.0,"enemies":"Writhing Mass","floor":39.0,"turns":7.0},{"damage":47.0,"enemies":"Nemesis","floor":40.0,"turns":7.0},{"damage":0.0,"enemies":"Sphere and 2 Shapes","floor":42.0,"turns":5.0},{"damage":0.0,"enemies":"4 Shapes","floor":44.0,"turns":5.0},{"damage":26.0,"enemies":"2 Orb Walkers","floor":45.0,"turns":6.0},{"damage":20.0,"enemies":"Reptomancer","floor":46.0,"turns":5.0},{"damage":22.0,"enemies":"Spire Growth","floor":47.0,"turns":5.0},{"damage":23.0,"enemies":"Giant Head","floor":48.0,"turns":7.0},{"damage":64,"enemies":"Awakened One","floor":50,"turns":10},{"damage":19,"enemies":"Shield and Spear","floor":54,"turns":7},{"damage":37,"enemies":"The Heart","floor":55,"turns":11}],"seed_played":"7697273592520137980","potions_obtained":[{"floor":2.0,"key":"FearPotion"},{"floor":12.0,"key":"LiquidBronze"},{"floor":14.0,"key":"Swift Potion"},{"floor":16.0,"key":"BloodPotion"},{"floor":22.0,"key":"SkillPotion"},{"floor":31.0,"key":"Ancient Potion"},{"floor":35.0,"key":"Block Potion"},{"floor":38.0,"key":"Weak Potion"},{"floor":39.0,"key":"GamblersBrew"},{"floor":44.0,"key":"Swift Potion"}],"is_trial":false,"path_per_floor":["M","M","?","?","$","R","E","?","T","E","R","E","M","M","R","B",null,"M","?","?","?","M","R","$","E","T","R","?","M","R","M","R","B",null,"M","?","$","M","M","E","R","M","T","M","?","E","M","E","R","B",null,"R","$","E","B",null],"character_chosen":"IRONCLAD","items_purchased":["ClockworkSouvenir","Shuriken","War Paint"],"campfire_rested":2,"item_purchase_floors":[37,37,53],"current_hp_per_floor":[95,96,84,84,84,84,51,51,51,11,39,39,45,51,61,25,106,87,74,58,58,74,74,74,53,53,53,53,58,58,32,54,32,74,62,55,55,63,63,30,30,54,54,70,65,69,66,63,63,34,74,74,74,74,69],"gold":107,"neow_bonus":"TWENTY_PERCENT_HP_BONUS","is_prod":false,"is_daily":false,"chose_seed":false,"campfire_upgraded":1,"win_rate":0,"timestamp":1552895768,"path_taken":["M","M","?","?","?","R","E","?","T","E","R","E","M","M","R","BOSS","M","?","?","?","M","R","$","E","T","R","?","M","R","M","R","BOSS","M","?","?","M","M","E","R","M","T","M","?","E","M","E","R","BOSS","R","$","E","BOSS"],"build_version":"2019-01-23","purchased_purges":1,"victory":true,"max_hp_per_floor":[96,96,96,96,96,96,96,96,96,96,96,96,96,96,106,106,106,106,74,74,74,74,74,74,74,74,74,74,74,74,74,74,74,74,74,74,74,74,74,74,74,74,74,74,74,74,74,74,74,74,74,74,74,74,74],"card_choices":[{"not_picked":["Wild Strike","Entrench"],"picked":"Cleave","floor":1.0},{"not_picked":["Thunderclap","Pommel Strike"],"picked":"Iron Wave","floor":2.0},{"not_picked":["Sever Soul","Flex"],"picked":"True Grit","floor":7.0},{"not_picked":["Headbutt","Power Through"],"picked":"Blood for Blood","floor":10.0},{"not_picked":["Armaments","Headbutt"],"picked":"Metallicize","floor":12.0},{"not_picked":["Bloodletting","Metallicize"],"picked":"Carnage","floor":13.0},{"not_picked":["Cleave","Searing Blow"],"picked":"Berserk","floor":13.0},{"not_picked":["Headbutt","Cleave"],"picked":"Thunderclap","floor":14.0},{"not_picked":["Body Slam","Wild Strike"],"picked":"Iron Wave","floor":14.0},{"not_picked":["Reaper","Feed"],"picked":"Demon Form","floor":16.0},{"not_picked":["Seeing Red","Headbutt+1"],"picked":"Battle Trance","floor":18.0},{"not_picked":["Wild Strike+1","Thunderclap"],"picked":"Armaments+1","floor":18.0},{"not_picked":["Armaments+1","Body Slam","Whirlwind"],"picked":"Flame Barrier","floor":22.0},{"not_picked":["Headbutt+1","Bloodletting","Armaments+1","Perfected Strike+1"],"picked":"SKIP","floor":22.0},{"not_picked":["Shrug It Off","Flex","Ghostly Armor+1"],"picked":"Sword Boomerang+1","floor":25.0},{"not_picked":["Impervious","Armaments","Flex+1"],"picked":"Shrug It Off+1","floor":29.0},{"not_picked":["Sever Soul","Ghostly Armor","Corruption+1"],"picked":"Battle Trance+1","floor":29.0},{"not_picked":["Infernal Blade+1","Wild Strike+1","Twin Strike+1"],"picked":"Pommel Strike","floor":31.0},{"not_picked":["Heavy Blade","Shockwave","Headbutt","Warcry"],"picked":"SKIP","floor":31.0},{"not_picked":["Immolate","Demon Form","Dark Embrace"],"picked":"Offering","floor":33.0},{"not_picked":["Clash+1","Bloodletting","Wild Strike"],"picked":"Shockwave+1","floor":35.0},{"not_picked":["Rage","Whirlwind+1","Clash+1","Carnage"],"picked":"SKIP","floor":35.0},{"not_picked":["Searing Blow+1","Bloodletting+1","Entrench","Flex+1"],"picked":"SKIP","floor":38.0},{"not_picked":["Reckless Charge","Sword Boomerang","Evolve+1","True Grit"],"picked":"SKIP","floor":38.0},{"not_picked":["Carnage+1","Twin Strike","Bloodletting+1"],"picked":"Intimidate+1","floor":39.0},{"not_picked":["Warcry+1","Iron Wave","Pommel Strike","Dark Embrace"],"picked":"SKIP","floor":39.0},{"not_picked":["True Grit","Whirlwind","Heavy Blade+1"],"picked":"Shrug It Off+1","floor":40.0},{"not_picked":["Headbutt+1","Rupture","Armaments"],"picked":"Metallicize+1","floor":42.0},{"not_picked":["True Grit","Perfected Strike+1","Heavy Blade"],"picked":"Corruption+1","floor":42.0},{"not_picked":["Heavy Blade","Infernal Blade+1","Headbutt"],"picked":"Ghostly Armor+1","floor":44.0},{"not_picked":["Pommel Strike+1","Clothesline+1","Infernal Blade+1","Rage"],"picked":"SKIP","floor":44.0},{"not_picked":["Whirlwind+1","Bloodletting","Searing Blow"],"picked":"Ghostly Armor+1","floor":45.0},{"not_picked":["Anger+1","Clash+1","Warcry"],"picked":"Shrug It Off+1","floor":46.0},{"not_picked":["Evolve+1","Flex+1","Seeing Red+1"],"picked":"Spot Weakness+1","floor":47.0},{"not_picked":["Iron Wave","Impervious","Rampage","Flex"],"picked":"SKIP","floor":47.0},{"not_picked":["Pommel Strike","Headbutt","Offering","Pummel+1"],"picked":"SKIP","floor":48.0},{"not_picked":["Wild Strike+1","Battle Trance","Warcry+1"],"picked":"Disarm","floor":54}],"player_experience":23100,"relics_obtained":[{"floor":7.0,"key":"Shovel"},{"floor":9.0,"key":"Prayer Wheel"},{"floor":10.0,"key":"Mercury Hourglass"},{"floor":12.0,"key":"Mummified Hand"},{"floor":15.0,"key":"Pear"},{"floor":20.0,"key":"Nilry\u0027s Codex"},{"floor":23.0,"key":"Matryoshka"},{"floor":25.0,"key":"Omamori"},{"floor":26.0,"key":"Orichalcum"},{"floor":27.0,"key":"Gremlin Horn"},{"floor":30.0,"key":"Bag of Preparation"},{"floor":40.0,"key":"Regal Pillow"},{"floor":43.0,"key":"Blood Vial"},{"floor":43.0,"key":"Pocketwatch"},{"floor":45.0,"key":"Charon\u0027s Ashes"},{"floor":46.0,"key":"Anchor"},{"floor":48.0,"key":"Torii"},{"floor":49.0,"key":"Self Forming Clay"},{"floor":52,"key":"Sundial"},{"floor":54,"key":"Ice Cream"}],"event_choices":[{"damage_healed":0.0,"max_hp_gain":0.0,"max_hp_loss":0.0,"gold_gain":0.0,"event_name":"Scrap Ooze","player_choice":"Success","floor":3.0,"gold_loss":0.0,"damage_taken":12.0,"relics_obtained":["Happy Flower"]},{"damage_healed":0.0,"max_hp_gain":0.0,"max_hp_loss":0.0,"gold_gain":0.0,"event_name":"The Cleric","player_choice":"Leave","floor":4.0,"gold_loss":0.0,"damage_taken":0.0},{"damage_healed":0.0,"max_hp_gain":0.0,"max_hp_loss":0.0,"gold_gain":0.0,"event_name":"World of Goop","player_choice":"Left Gold","floor":8.0,"gold_loss":40.0,"damage_taken":0.0},{"damage_healed":0.0,"max_hp_gain":0.0,"max_hp_loss":32.0,"gold_gain":0.0,"event_name":"Vampires","player_choice":"Became a vampire","floor":19.0,"gold_loss":0.0,"damage_taken":0.0,"cards_obtained":["Bite","Bite","Bite","Bite","Bite"]},{"damage_healed":0.0,"max_hp_gain":0.0,"max_hp_loss":0.0,"gold_gain":0.0,"event_name":"Cursed Tome","player_choice":"Obtained Book","floor":20.0,"gold_loss":0.0,"damage_taken":16.0},{"damage_healed":0.0,"max_hp_gain":0.0,"max_hp_loss":0.0,"gold_gain":0.0,"event_name":"The Mausoleum","player_choice":"Opened","floor":21.0,"gold_loss":0.0,"damage_taken":0.0,"relics_obtained":["Question Card"],"cards_obtained":["Writhe"]},{"damage_healed":0.0,"max_hp_gain":0.0,"max_hp_loss":0.0,"gold_gain":0.0,"event_name":"Back to Basics","player_choice":"Simplicity","floor":28.0,"gold_loss":0.0,"damage_taken":0.0,"cards_upgraded":["Defend_R","Defend_R","Defend_R","Defend_R"]},{"damage_healed":0.0,"max_hp_gain":0.0,"max_hp_loss":0.0,"gold_gain":75.0,"event_name":"FaceTrader","player_choice":"Touch","floor":36.0,"gold_loss":0.0,"damage_taken":7.0},{"damage_healed":0.0,"max_hp_gain":0.0,"max_hp_loss":0.0,"gold_gain":0.0,"event_name":"Mysterious Sphere","player_choice":"Fight","floor":45.0,"gold_loss":0.0,"damage_taken":0.0}],"is_beta":false,"boss_relics":[{"not_picked":["Calling Bell","Black Star"],"picked":"Black Blood"},{"not_picked":["Velvet Choker","Coffee Dripper"],"picked":"Lizard Tail"}],"items_purged_floors":[24],"is_endless":false,"potions_floor_spawned":[2,12,14,16,22,31,35,38,39,44,46,54],"ascension_level":1}