{"gold_per_floor":[110,32,32,49,49,76,76,86,109,109,124,124,142,171,171,272,272,291,391,391,441,453,453,487,487,487,487,522,533,314,314,314,415,415,431,445,445,461,205,205,234,251,278,278,293,293,309,344,344,344],"floor_reached":51,"playtime":2823,"items_purged":["Strike_R","Strike_R"],"score":853,"play_id":"86c1974c-233c-495c-aaf6-7f0d5b977d59","local_time":"20190316035924","is_ascension_mode":false,"campfire_choices":[{"data":"Feed","floor":7.0,"key":"SMITH"},{"data":"Feel No Pain","floor":10.0,"key":"SMITH"},{"data":"Cleave","floor":12.0,"key":"SMITH"},{"data":"Shockwave","floor":15.0,"key":"SMITH"},{"data":"Dual Wield","floor":23.0,"key":"SMITH"},{"data":"Evolve","floor":25.0,"key":"SMITH"},{"floor":27.0,"key":"REST"},{"data":"Fiend Fire","floor":32.0,"key":"SMITH"},{"data":"True Grit","floor":40.0,"key":"SMITH"},{"data":"Disarm","floor":44.0,"key":"SMITH"},{"data":"Burning Pact","floor":49.0,"key":"SMITH"}],"neow_cost":"NONE","seed_source_timestamp":255021804554555,"circlet_count":0,"master_deck":["Defend_R","Defend_R","Defend_R","Defend_R","Bash","Thunderclap","Feel No Pain+1","Cleave+1","Feed+1","Power Through","Shrug It Off","Shockwave+1","Dual Wield+1","Fiend Fire+1","Evolve+1","Headbutt+1","Iron Wave","Fiend Fire+1","Shrug It Off+1","Shrug It Off","True Grit+1","Burning Pact+1","Disarm+1","Ghostly Armor","Sentinel","True Grit+1"],"special_seed":0,"relics":["Burning Blood","NeowsBlessing","Omamori","Lantern","Shuriken","Snecko Eye","Incense Burner","Self Forming Clay","Nilry\u0027s Codex","Molten Egg 2","Paper Frog","Centennial Puzzle","Happy Flower","Philosopher\u0027s Stone","WarpedTongs","Ancient Tea Set","Red Skull","Orichalcum","Vajra"],"potions_floor_usage":[50,50,50],"damage_taken":[{"damage":0.0,"enemies":"Jaw Worm","floor":1.0,"turns":1.0},{"damage":0.0,"enemies":"Cultist","floor":4.0,"turns":1.0},{"damage":0.0,"enemies":"Gremlin Nob","floor":6.0,"turns":1.0},{"damage":0.0,"enemies":"2 Louse","floor":8.0,"turns":2.0},{"damage":21.0,"enemies":"Large Slime","floor":11.0,"turns":6.0},{"damage":0.0,"enemies":"Gremlin Gang","floor":13.0,"turns":3.0},{"damage":0.0,"enemies":"3 Sentries","floor":14.0,"turns":3.0},{"damage":61.0,"enemies":"The Guardian","floor":16.0,"turns":17.0},{"damage":13.0,"enemies":"2 Thieves","floor":18.0,"turns":3.0},{"damage":8.0,"enemies":"Colosseum Slavers","floor":19.0,"turns":3.0},{"damage":25.0,"enemies":"Colosseum Nobs","floor":19.0,"turns":9.0},{"damage":11.0,"enemies":"Spheric Guardian","floor":22.0,"turns":4.0},{"damage":40.0,"enemies":"Slavers","floor":24.0,"turns":5.0},{"damage":28.0,"enemies":"Gremlin Leader","floor":28.0,"turns":5.0},{"damage":10.0,"enemies":"Snake Plant","floor":29.0,"turns":5.0},{"damage":20.0,"enemies":"Collector","floor":33.0,"turns":5.0},{"damage":0.0,"enemies":"Orb Walker","floor":35.0,"turns":3.0},{"damage":0.0,"enemies":"3 Darklings","floor":36.0,"turns":5.0},{"damage":2.0,"enemies":"Sphere and 2 Shapes","floor":38.0,"turns":9.0},{"damage":11.0,"enemies":"Reptomancer","floor":41.0,"turns":10.0},{"damage":3.0,"enemies":"4 Shapes","floor":42.0,"turns":6.0},{"damage":0.0,"enemies":"Transient","floor":45.0,"turns":5.0},{"damage":0.0,"enemies":"Maw","floor":47.0,"turns":7.0},{"damage":0.0,"enemies":"Giant Head","floor":48.0,"turns":5.0},{"damage":23,"enemies":"Time Eater","floor":50,"turns":10}],"seed_played":"-8401715402140559691","potions_obtained":[{"floor":4.0,"key":"FearPotion"},{"floor":8.0,"key":"Energy Potion"},{"floor":11.0,"key":"Poison Potion"},{"floor":13.0,"key":"SteroidPotion"},{"floor":22.0,"key":"BloodPotion"},{"floor":33.0,"key":"Ancient Potion"},{"floor":36.0,"key":"EssenceOfSteel"},{"floor":41.0,"key":"SkillPotion"}],"is_trial":false,"path_per_floor":["M","$","?","M","$","E","R","M","T","R","M","R","M","E","R","B",null,"M","?","?","?","M","R","E","R","T","R","E","M","$","?","R","B",null,"M","M","?","M","$","R","E","M","T","R","M","?","M","E","R","B",null],"character_chosen":"IRONCLAD","items_purchased":["Feel No Pain","Happy Flower","Ancient Tea Set"],"campfire_rested":1,"item_purchase_floors":[2,30,39],"current_hp_per_floor":[80,80,80,80,80,80,80,84,84,84,73,73,83,93,93,42,100,97,84,68,68,67,67,52,52,52,89,71,71,71,71,71,57,132,132,136,136,148,148,148,147,154,154,154,156,156,160,160,160,143],"gold":344,"neow_bonus":"THREE_ENEMY_KILL","is_prod":false,"is_daily":false,"chose_seed":false,"campfire_upgraded":10,"win_rate":0,"timestamp":1552723164,"path_taken":["M","$","?","?","$","E","R","M","T","R","M","R","M","E","R","BOSS","M","?","?","?","?","R","E","R","T","R","E","M","?","?","R","BOSS","M","M","?","?","$","R","E","?","T","R","M","?","?","E","R","BOSS"],"build_version":"2019-03-15","purchased_purges":2,"victory":true,"max_hp_per_floor":[80,80,80,80,80,80,80,84,84,84,88,88,92,96,96,100,100,104,112,112,112,116,116,124,124,124,124,128,132,132,132,132,132,132,132,136,136,148,148,148,152,156,156,156,156,156,160,160,160,160],"card_choices":[{"not_picked":["Clash","Dual Wield"],"picked":"Thunderclap","floor":1.0},{"not_picked":["Ghostly Armor","Searing Blow"],"picked":"Cleave","floor":4.0},{"not_picked":["Shrug It Off","Infernal Blade"],"picked":"Feed","floor":6.0},{"not_picked":["Rupture","Carnage"],"picked":"Power Through","floor":8.0},{"not_picked":["Pummel","Warcry"],"picked":"Shrug It Off","floor":11.0},{"not_picked":["Headbutt","Dual Wield"],"picked":"Shockwave","floor":13.0},{"not_picked":["Perfected Strike","Twin Strike"],"picked":"Dual Wield","floor":14.0},{"not_picked":["Bludgeon","Exhume"],"picked":"Fiend Fire","floor":16.0},{"not_picked":["Heavy Blade","Combust","Reckless Charge+1"],"picked":"SKIP","floor":18.0},{"not_picked":["Bloodletting+1","Reckless Charge","Anger"],"picked":"SKIP","floor":22.0},{"not_picked":["Reckless Charge","Iron Wave"],"picked":"Evolve","floor":24.0},{"not_picked":["Entrench+1","Sentinel+1","Bloodletting"],"picked":"SKIP","floor":28.0},{"not_picked":["Ghostly Armor","Dual Wield"],"picked":"Headbutt+1","floor":29.0},{"not_picked":["Immolate+1","Impervious"],"picked":"Fiend Fire+1","floor":33.0},{"not_picked":["Perfected Strike+1","Pummel+1"],"picked":"Shrug It Off+1","floor":35.0},{"not_picked":["Armaments","Twin Strike+1"],"picked":"Shrug It Off","floor":36.0},{"not_picked":["Twin Strike+1","Spot Weakness"],"picked":"True Grit","floor":38.0},{"not_picked":["Body Slam+1","Iron Wave+1"],"picked":"Burning Pact","floor":41.0},{"not_picked":["Clothesline+1","Shrug It Off+1"],"picked":"Disarm","floor":42.0},{"not_picked":["Anger+1","Cleave+1"],"picked":"Ghostly Armor","floor":45.0},{"not_picked":["Clothesline+1","Carnage+1","Anger+1"],"picked":"SKIP","floor":47.0},{"not_picked":["Uppercut+1","Seeing Red"],"picked":"True Grit+1","floor":48.0}],"player_experience":1100715,"relics_obtained":[{"floor":6.0,"key":"Omamori"},{"floor":9.0,"key":"Lantern"},{"floor":14.0,"key":"Shuriken"},{"floor":19.0,"key":"Incense Burner"},{"floor":19.0,"key":"Self Forming Clay"},{"floor":20.0,"key":"Nilry\u0027s Codex"},{"floor":24.0,"key":"Molten Egg 2"},{"floor":26.0,"key":"Paper Frog"},{"floor":28.0,"key":"Centennial Puzzle"},{"floor":41.0,"key":"Red Skull"},{"floor":43.0,"key":"Orichalcum"},{"floor":48.0,"key":"Vajra"}],"event_choices":[{"cards_removed":["Strike_R"],"damage_healed":0.0,"max_hp_gain":0.0,"max_hp_loss":0.0,"gold_gain":0.0,"event_name":"Bonfire Elementals","player_choice":"Offered Basic","floor":3.0,"gold_loss":0.0,"damage_taken":0.0},{"damage_healed":0.0,"max_hp_gain":0.0,"max_hp_loss":0.0,"gold_gain":0.0,"event_name":"Colosseum","player_choice":"Fight","floor":19.0,"gold_loss":0.0,"damage_taken":0.0},{"damage_healed":0.0,"max_hp_gain":0.0,"max_hp_loss":0.0,"gold_gain":0.0,"event_name":"Colosseum","player_choice":"Fought Nobs","floor":19.0,"gold_loss":0.0,"damage_taken":0.0},{"damage_healed":0.0,"max_hp_gain":0.0,"max_hp_loss":0.0,"gold_gain":0.0,"event_name":"Cursed Tome","player_choice":"Obtained Book","floor":20.0,"gold_loss":0.0,"damage_taken":16.0},{"damage_healed":0.0,"max_hp_gain":0.0,"max_hp_loss":0.0,"gold_gain":100.0,"event_name":"The Joust","player_choice":"Bet on Murderer","floor":21.0,"gold_loss":50.0,"damage_taken":0.0},{"cards_removed":["Strike_R"],"damage_healed":0.0,"max_hp_gain":0.0,"max_hp_loss":0.0,"gold_gain":0.0,"event_name":"NoteForYourself","player_choice":"Took Card","floor":31.0,"gold_loss":0.0,"damage_taken":0.0,"cards_obtained":["Iron Wave"]},{"damage_healed":0.0,"max_hp_gain":0.0,"max_hp_loss":0.0,"gold_gain":0.0,"event_name":"Accursed Blacksmith","player_choice":"Rummage","floor":37.0,"gold_loss":0.0,"damage_taken":0.0,"relics_obtained":["WarpedTongs"],"cards_obtained":["Pain"]},{"damage_healed":0.0,"max_hp_gain":0.0,"max_hp_loss":0.0,"gold_gain":0.0,"cards_transformed":["Strike_R"],"event_name":"Transmorgrifier","player_choice":"Transformed","floor":46.0,"gold_loss":0.0,"damage_taken":0.0,"cards_obtained":["Sentinel"]}],"is_beta":true,"boss_relics":[{"not_picked":["Black Star","Lizard Tail"],"picked":"Snecko Eye"},{"not_picked":["Velvet Choker","Runic Dome"],"picked":"Philosopher\u0027s Stone"}],"items_purged_floors":[30,39],"is_endless":false,"potions_floor_spawned":[4,8,11,13,19,22,33,36,41,42],"ascension_level":0}