{"path_per_floor":["M","M","M","M","$","E","M","M","T","M","E","R","M","M","R","B",null,"M","$","M","M","?","R","E","R","T","R","M","M"],"character_chosen":"DEFECT","items_purchased":["Heatsinks","Toxic Egg 2"],"gold_per_floor":[113,130,146,165,15,50,63,78,78,89,115,115,131,145,145,242,242,262,19,31,31,181,181,216,216,243,243,255,271,271],"floor_reached":30,"campfire_rested":5,"playtime":1173,"item_purchase_floors":[5,19],"current_hp_per_floor":[75,75,68,66,66,28,19,19,19,11,7,29,21,18,40,2,75,75,75,37,23,23,45,2,24,24,46,20,6,0],"items_purged":["Strike_B"],"gold":271,"score":293,"play_id":"f4928710-608c-4c83-b909-e0f57e1d1f5d","local_time":"20180608092308","is_prod":false,"is_daily":false,"chose_seed":false,"is_ascension_mode":false,"campfire_upgraded":0,"win_rate":0.0,"timestamp":1528474988,"campfire_choices":[{"floor":12,"key":"REST"},{"floor":15,"key":"REST"},{"floor":23,"key":"REST"},{"floor":25,"key":"REST"},{"floor":27,"key":"REST"}],"path_taken":["M","M","M","M","$","E","M","M","T","?","E","R","M","M","R","BOSS","M","$","M","M","?","R","E","R","T","R","M","M","?"],"build_version":"2018-06-07","seed_source_timestamp":1414932879893951,"purchased_purges":1,"victory":false,"master_deck":["Strike_B","Strike_B","Strike_B","Defend_B","Defend_B","Defend_B","Defend_B","Zap","Dualcast","Go for the Eyes","White Noise","Beam Cell","Redo","Heatsinks","Ball Lightning","Storm","Ball Lightning","Ball Lightning","Fission","Capacitor","Loop","Ball Lightning","FTL","BootSequence+1"],"max_hp_per_floor":[75,75,75,75,75,75,75,75,75,75,75,75,75,75,75,75,75,75,75,75,75,75,75,75,75,75,75,75,75,80],"relics":["Cracked Core","Ornamental Fan","Gremlin Horn","Orichalcum","Orrery","Toxic Egg 2","Cables","Anchor"],"card_choices":[{"not_picked":["Coolheaded","Beam Cell"],"picked":"Go for the Eyes","floor":0},{"not_picked":["Leap","Gash"],"picked":"White Noise","floor":1},{"not_picked":["Rebound","Cold Snap"],"picked":"Beam Cell","floor":2},{"not_picked":["Double Energy","Beam Cell"],"picked":"Redo","floor":3},{"not_picked":["Turbo","Blizzard","Rip and Tear"],"picked":"SKIP","floor":4},{"not_picked":["Reprogram","Reinforced Body"],"picked":"Ball Lightning","floor":6},{"not_picked":["Aggregate","Rebound"],"picked":"Storm","floor":7},{"not_picked":["Rebound","Genetic Algorithm"],"picked":"Ball Lightning","floor":8},{"not_picked":["Cold Snap","Turbo","Skim"],"picked":"SKIP","floor":10},{"not_picked":["Core Surge","Sweeping Beam","Doom and Gloom"],"picked":"SKIP","floor":11},{"not_picked":["Sweeping Beam","Hello World"],"picked":"Ball Lightning","floor":13},{"not_picked":["Conserve Battery","Go for the Eyes","Coolheaded"],"picked":"SKIP","floor":14},{"not_picked":["Meteor Strike","Core Surge"],"picked":"Fission","floor":16},{"not_picked":["Melter","Darkness"],"picked":"Capacitor","floor":17},{"not_picked":["Compile Driver","Cold Snap"],"picked":"Loop","floor":17},{"not_picked":["FTL","Undo"],"picked":"Ball Lightning","floor":17},{"not_picked":["Beam Cell","Stack"],"picked":"FTL","floor":17},{"not_picked":["Conserve Battery+1","Sweeping Beam","Streamline+1"],"picked":"SKIP","floor":18},{"not_picked":["Skim+1","Conserve Battery+1","Reprogram+1"],"picked":"SKIP","floor":20},{"not_picked":["Beam Cell","FTL+1","Coolheaded+1"],"picked":"SKIP","floor":21},{"not_picked":["Stack+1","Cold Snap","Coolheaded+1"],"picked":"SKIP","floor":24},{"not_picked":["Chill+1","Rip and Tear"],"picked":"BootSequence+1","floor":28},{"not_picked":["Cold Snap","Rip and Tear","Turbo+1"],"picked":"SKIP","floor":29}],"player_experience":160818,"potions_floor_usage":[11,11,14,21],"damage_taken":[{"damage":0,"enemies":"Cultist","floor":1,"turns":3},{"damage":0,"enemies":"Jaw Worm","floor":2,"turns":5},{"damage":7,"enemies":"2 Louse","floor":3,"turns":2},{"damage":2,"enemies":"Looter","floor":4,"turns":2},{"damage":38,"enemies":"3 Sentries","floor":6,"turns":7},{"damage":9,"enemies":"2 Fungi Beasts","floor":7,"turns":3},{"damage":0,"enemies":"3 Louse","floor":8,"turns":1},{"damage":8,"enemies":"Large Slime","floor":10,"turns":4},{"damage":14,"enemies":"Lagavulin","floor":11,"turns":4},{"damage":8,"enemies":"2 Fungi Beasts","floor":13,"turns":3},{"damage":3,"enemies":"Red Slaver","floor":14,"turns":3},{"damage":38,"enemies":"The Guardian","floor":16,"turns":8},{"damage":0,"enemies":"Chosen","floor":18,"turns":4},{"damage":38,"enemies":"2 Thieves","floor":20,"turns":4},{"damage":14,"enemies":"3 Cultists","floor":21,"turns":4},{"damage":43,"enemies":"Book of Stabbing","floor":24,"turns":5},{"damage":26,"enemies":"Snake Plant","floor":28,"turns":4},{"damage":14,"enemies":"Snecko","floor":29,"turns":5}],"relics_obtained":[{"floor":6,"key":"Ornamental Fan"},{"floor":9,"key":"Gremlin Horn"},{"floor":11,"key":"Orichalcum"},{"floor":24,"key":"Cables"},{"floor":26,"key":"Anchor"}],"event_choices":[{"event_name":"Nest","player_choice":"Stole From Cult","floor":22,"damage_taken":0}],"boss_relics":[{"not_picked":["Busted Crown","Black Star"],"picked":"Orrery"}],"items_purged_floors":[5],"potions_floor_spawned":[1,6,7,8,11,20,24,29],"seed_played":"-6041310003760344688","ascension_level":0,"potions_obtained":[{"floor":1,"key":"GamblersBrew"},{"floor":6,"key":"FairyPotion"},{"floor":7,"key":"GamblersBrew"},{"floor":8,"key":"EssenceOfSteel"},{"floor":11,"key":"Weak Potion"},{"floor":20,"key":"Block Potion"},{"floor":24,"key":"SpeedPotion"},{"floor":29,"key":"Strength Potion"}],"is_trial":false}