{"gold_per_floor":[117,128,147,38,38,71,71,81,81,81,94,104,104,54,54,155,155,173,123,139,154,54,54,54],"floor_reached":24,"playtime":854,"items_purged":["Defend_G","Strike_G"],"score":198,"play_id":"7186370f-b9bf-47c8-a9ac-cb6dd2e6e95d","local_time":"20190127062239","is_ascension_mode":false,"campfire_choices":[{"data":"Neutralize","floor":7,"key":"SMITH"},{"floor":10,"key":"REST"},{"data":"Infinite Blades","floor":15,"key":"SMITH"},{"data":"Infinite Blades","floor":23,"key":"SMITH"}],"neow_cost":"NONE","seed_source_timestamp":836650964505188,"circlet_count":0,"master_deck":["Defend_G","Defend_G","Defend_G","Defend_G","Strike_G","Strike_G","Strike_G","Survivor","Neutralize+1","Infinite Blades+1","Infinite Blades+1","Cloak And Dagger+1","Blade Dance+1","Cloak And Dagger+1","Cloak And Dagger+1"],"relics":["Ring of the Snake","NeowsBlessing","Toxic Egg 2","Pear","Cursed Key"],"potions_floor_usage":[16,16,20,21,21],"damage_taken":[{"damage":0,"enemies":"Cultist","floor":1,"turns":1},{"damage":0,"enemies":"2 Louse","floor":2,"turns":1},{"damage":0,"enemies":"Small Slimes","floor":3,"turns":1},{"damage":23,"enemies":"Lagavulin","floor":6,"turns":6},{"damage":7,"enemies":"Red Slaver","floor":8,"turns":4},{"damage":19,"enemies":"Lots of Slimes","floor":11,"turns":3},{"damage":12,"enemies":"Blue Slaver","floor":12,"turns":4},{"damage":20,"enemies":"Hexaghost","floor":16,"turns":9},{"damage":7,"enemies":"Chosen","floor":18,"turns":5},{"damage":0,"enemies":"3 Byrds","floor":20,"turns":6},{"damage":7,"enemies":"3 Cultists","floor":21,"turns":5},{"damage":68,"enemies":"Gremlin Leader","floor":24,"turns":5}],"seed_played":"3031284932133487843","potions_obtained":[{"floor":3,"key":"GamblersBrew"},{"floor":8,"key":"Poison Potion"},{"floor":12,"key":"Poison Potion"},{"floor":18,"key":"SteroidPotion"},{"floor":20,"key":"PowerPotion"}],"is_trial":false,"path_per_floor":["M","M","M","$","?","E","R","M","T","R","M","M","?","?","R","B",null,"M","?","M","M","$","R","E"],"character_chosen":"THE_SILENT","items_purchased":["Infinite Blades"],"campfire_rested":1,"item_purchase_floors":[4],"current_hp_per_floor":[70,70,70,70,70,47,47,40,50,74,55,43,69,69,69,49,80,73,73,73,66,66,66,0],"gold":54,"neow_bonus":"THREE_ENEMY_KILL","is_prod":false,"is_daily":false,"chose_seed":false,"campfire_upgraded":3,"win_rate":0,"timestamp":1548598959,"path_taken":["M","M","M","$","?","E","R","M","T","R","M","M","?","?","R","BOSS","M","?","M","M","$","R","E"],"build_version":"2019-01-23","purchased_purges":2,"victory":false,"max_hp_per_floor":[70,70,70,70,70,70,70,70,80,80,80,80,80,80,80,80,80,80,80,80,80,80,80,80],"card_choices":[{"not_picked":["Dagger Throw","Distraction"],"picked":"Infinite Blades","floor":1},{"not_picked":["Dodge and Roll","Prepared","Dagger Throw"],"picked":"SKIP","floor":2},{"not_picked":["Dodge and Roll","Setup","Flying Knee"],"picked":"SKIP","floor":3},{"not_picked":["Deadly Poison","PiercingWail"],"picked":"Cloak And Dagger","floor":6},{"not_picked":["Distraction+1","PiercingWail+1"],"picked":"Blade Dance+1","floor":8},{"not_picked":["Distraction+1","Glass Knife","Leg Sweep+1"],"picked":"SKIP","floor":11},{"not_picked":["Quick Slash","Outmaneuver+1","Flechettes"],"picked":"SKIP","floor":12},{"not_picked":["Quick Slash","Flechettes+1"],"picked":"Cloak And Dagger+1","floor":18},{"not_picked":["Choke","Dagger Spray","Tactician+1"],"picked":"SKIP","floor":20},{"not_picked":["Poisoned Stab","Choke"],"picked":"Cloak And Dagger+1","floor":21}],"player_experience":194222,"relics_obtained":[{"floor":6,"key":"Toxic Egg 2"},{"floor":9,"key":"Pear"}],"event_choices":[{"damage_healed":0,"gold_gain":0,"player_choice":"Ignored","damage_taken":0,"max_hp_gain":0,"max_hp_loss":0,"event_name":"Liars Game","floor":5,"gold_loss":0},{"damage_healed":26,"gold_gain":0,"player_choice":"Banana","damage_taken":0,"max_hp_gain":0,"max_hp_loss":0,"event_name":"Big Fish","floor":13,"gold_loss":0},{"cards_removed":["Strike_G"],"damage_healed":0,"gold_gain":0,"player_choice":"Card Removal","damage_taken":0,"max_hp_gain":0,"max_hp_loss":0,"event_name":"The Cleric","floor":14,"gold_loss":50},{"damage_healed":0,"gold_gain":0,"player_choice":"Bet on Murderer","damage_taken":0,"max_hp_gain":0,"max_hp_loss":0,"event_name":"The Joust","floor":19,"gold_loss":50}],"is_beta":false,"boss_relics":[{"not_picked":["Runic Dome","Busted Crown"],"picked":"Cursed Key"}],"items_purged_floors":[4,22],"is_endless":false,"potions_floor_spawned":[3,8,12,18,20],"killed_by":"Gremlin Leader","ascension_level":0}