{"gold_per_floor":[113,41,41,58,74,102,102,135,135,135,154,154,154,170,170,273,323,336,336,353,33,33,33,65,65,65,65,65,90,90,103,103,208,208,219,194,294,306,320,354,354,387,387,387,137,137,148,183,183,183,183,183,106,131,131],"floor_reached":56,"playtime":6754,"items_purged":["Strike_B"],"score":1277,"play_id":"7ab52726-4f77-4323-a2d6-b3576b5f3741","local_time":"20190318233825","is_ascension_mode":true,"campfire_choices":[{"data":"Defragment","floor":7,"key":"SMITH"},{"floor":10,"key":"REST"},{"data":"Zap","floor":12,"key":"SMITH"},{"floor":15,"key":"REST"},{"data":"Defragment","floor":23,"key":"SMITH"},{"floor":25,"key":"REST"},{"data":"Machine Learning","floor":28,"key":"SMITH"},{"data":"Go for the Eyes","floor":30,"key":"SMITH"},{"data":"Defragment","floor":32,"key":"SMITH"},{"floor":41,"key":"REST"},{"floor":44,"key":"RECALL"},{"floor":49,"key":"REST"},{"floor":52,"key":"REST"}],"neow_cost":"NONE","seed_source_timestamp":22915383808200,"circlet_count":0,"master_deck":["Strike_B+1","Strike_B+1","Defend_B+1","Defend_B+1","Defend_B+1","Defend_B+1","Zap+1","Dualcast+1","Go for the Eyes+1","Defragment+1","Echo Form","BootSequence+1","Machine Learning+1","Conserve Battery","Cold Snap+1","Defragment+1","Bandage Up+1","Defragment+1","Cold Snap+1","Hologram+1","White Noise","Loop","Coolheaded","Storm+1","Electrodynamics"],"relics":["Cracked Core","Oddly Smooth Stone","WingedGreaves","Tiny House","Membership Card","War Paint","Smiling Mask","Mummified Hand","PreservedInsect","Fusion Hammer","Omamori","Prayer Wheel","Bag of Marbles","Incense Burner","Whetstone","Dream Catcher","Happy Flower","Shuriken"],"potions_floor_usage":[14,24,55,55,55],"damage_taken":[{"damage":8,"enemies":"2 Louse","floor":1,"turns":3},{"damage":5,"enemies":"Small Slimes","floor":4,"turns":3},{"damage":0,"enemies":"Cultist","floor":5,"turns":3},{"damage":22,"enemies":"Gremlin Nob","floor":6,"turns":4},{"damage":15,"enemies":"Lagavulin","floor":8,"turns":7},{"damage":14,"enemies":"3 Louse","floor":11,"turns":4},{"damage":4,"enemies":"Exordium Wildlife","floor":14,"turns":4},{"damage":32,"enemies":"The Guardian","floor":16,"turns":11},{"damage":12,"enemies":"Spheric Guardian","floor":18,"turns":5},{"damage":0,"enemies":"Shell Parasite","floor":20,"turns":5},{"damage":25,"enemies":"Book of Stabbing","floor":24,"turns":7},{"damage":25,"enemies":"Gremlin Leader","floor":29,"turns":9},{"damage":0,"enemies":"Centurion and Healer","floor":31,"turns":7},{"damage":27,"enemies":"Collector","floor":33,"turns":16},{"damage":0,"enemies":"3 Shapes","floor":35,"turns":6},{"damage":19,"enemies":"3 Darklings","floor":38,"turns":7},{"damage":3,"enemies":"Writhing Mass","floor":39,"turns":10},{"damage":48,"enemies":"Reptomancer","floor":40,"turns":8},{"damage":4,"enemies":"Giant Head","floor":42,"turns":9},{"damage":0,"enemies":"Transient","floor":47,"turns":5},{"damage":19,"enemies":"Nemesis","floor":48,"turns":5},{"damage":9,"enemies":"Awakened One","floor":50,"turns":15},{"damage":26,"enemies":"Shield and Spear","floor":54,"turns":4},{"damage":61,"enemies":"The Heart","floor":55,"turns":14}],"seed_played":"-8268487930750631993","potions_obtained":[{"floor":1,"key":"Energy Potion"},{"floor":4,"key":"Swift Potion"},{"floor":14,"key":"GamblersBrew"},{"floor":17,"key":"SmokeBomb"},{"floor":31,"key":"Ancient Potion"},{"floor":38,"key":"Weak Potion"},{"floor":39,"key":"FocusPotion"}],"is_trial":false,"path_per_floor":["M","$","?","M","M","E","R","E","T","R","M","R","?","M","R","B",null,"M","?","M","$","?","R","E","R","T","?","R","E","R","M","R","B",null,"M","$","?","M","M","E","R","E","T","R","$","?","M","E","R","B",null,"R","$","E","B",null],"character_chosen":"DEFECT","items_purchased":["Defragment","Membership Card","Defragment","Bandage Up","Cold Snap","Incense Burner","Whetstone","Coolheaded","Happy Flower"],"campfire_rested":6,"item_purchase_floors":[2,21,21,21,36,45,45,45,53],"current_hp_per_floor":[74,74,58,53,53,31,31,16,16,40,26,26,26,22,46,14,87,75,58,58,58,58,58,37,64,64,64,64,45,45,51,51,30,92,92,92,92,85,88,46,73,75,75,75,75,75,81,68,92,84,92,92,92,66,11],"gold":131,"neow_bonus":"TEN_PERCENT_HP_BONUS","is_prod":false,"is_daily":false,"chose_seed":false,"campfire_upgraded":6,"win_rate":0,"timestamp":1552932505,"path_taken":["M","$","?","M","M","E","R","E","T","R","M","R","?","?","R","BOSS","M","?","M","$","?","R","E","R","T","?","R","E","R","M","R","BOSS","M","$","?","M","?","E","R","E","T","R","$","?","M","E","R","BOSS","R","$","E","BOSS"],"build_version":"2019-01-23","purchased_purges":1,"victory":true,"max_hp_per_floor":[82,82,82,82,82,82,82,82,82,82,82,82,82,82,82,82,87,87,92,92,92,92,92,92,92,92,92,92,92,92,92,92,92,92,92,92,92,92,92,92,92,92,92,92,92,92,92,92,92,92,92,92,92,92,92],"card_choices":[{"not_picked":["Hologram","Rebound"],"picked":"Go for the Eyes","floor":1},{"not_picked":["Barrage","Stack","Redo"],"picked":"SKIP","floor":4},{"not_picked":["Fusion","Go for the Eyes","Blizzard"],"picked":"SKIP","floor":5},{"not_picked":["Redo","Sweeping Beam","Go for the Eyes"],"picked":"SKIP","floor":6},{"not_picked":["Sweeping Beam","Beam Cell","Go for the Eyes"],"picked":"SKIP","floor":8},{"not_picked":["Conserve Battery","Ball Lightning"],"picked":"Echo Form","floor":11},{"not_picked":["Streamline","Ball Lightning"],"picked":"BootSequence","floor":14},{"not_picked":["Rainbow","Thunder Strike"],"picked":"Machine Learning","floor":16},{"not_picked":["Redo","Steam"],"picked":"Conserve Battery","floor":17},{"not_picked":["Compile Driver+1","Beam Cell","Tempest"],"picked":"SKIP","floor":18},{"not_picked":["Beam Cell+1","Lockon+1"],"picked":"Cold Snap","floor":20},{"not_picked":["Redo","Streamline","Rip and Tear"],"picked":"SKIP","floor":24},{"not_picked":["Recycle","Redo"],"picked":"BootSequence","floor":29},{"not_picked":["Go for the Eyes","Self Repair"],"picked":"Defragment","floor":31},{"not_picked":["Beam Cell","Blizzard+1","Rebound+1"],"picked":"SKIP","floor":35},{"not_picked":["Defragment","BootSequence+1"],"picked":"Hologram+1","floor":38},{"not_picked":["Reprogram","Hologram"],"picked":"White Noise","floor":39},{"not_picked":["Defragment","Ball Lightning+1"],"picked":"Loop","floor":40},{"not_picked":["Stack+1","Hologram+1","Defragment"],"picked":"SKIP","floor":42},{"not_picked":["Leap+1","Melter+1"],"picked":"Storm+1","floor":47},{"not_picked":["Leap+1","Genetic Algorithm","Thunder Strike"],"picked":"SKIP","floor":47},{"not_picked":["Ball Lightning","Undo+1"],"picked":"Electrodynamics","floor":48},{"not_picked":["Blizzard+1","Rebound","Streamline"],"picked":"SKIP","floor":54}],"player_experience":54790,"relics_obtained":[{"floor":6,"key":"Oddly Smooth Stone"},{"floor":8,"key":"WingedGreaves"},{"floor":24,"key":"War Paint"},{"floor":26,"key":"Smiling Mask"},{"floor":29,"key":"PreservedInsect"},{"floor":40,"key":"Omamori"},{"floor":42,"key":"Prayer Wheel"},{"floor":43,"key":"Bag of Marbles"},{"floor":48,"key":"Dream Catcher"},{"floor":54,"key":"Shuriken"}],"event_choices":[{"damage_healed":0,"gold_gain":0,"player_choice":"Entered Light","damage_taken":16,"max_hp_gain":0,"max_hp_loss":0,"event_name":"Shining Light","floor":3,"gold_loss":0,"cards_upgraded":["Strike_B","Defend_B"]},{"cards_removed":["Strike_B"],"damage_healed":0,"gold_gain":0,"player_choice":"Offered Basic","damage_taken":0,"max_hp_gain":0,"max_hp_loss":0,"event_name":"Bonfire Elementals","floor":13,"gold_loss":0},{"damage_healed":0,"gold_gain":0,"player_choice":"Shed Blood","damage_taken":22,"max_hp_gain":5,"max_hp_loss":0,"event_name":"Forgotten Altar","floor":19,"gold_loss":0},{"damage_healed":0,"gold_gain":0,"player_choice":"Simplicity","damage_taken":0,"max_hp_gain":0,"max_hp_loss":0,"event_name":"Back to Basics","floor":22,"gold_loss":0,"cards_upgraded":["Strike_B","Defend_B","Defend_B","Defend_B"]},{"damage_healed":0,"gold_gain":0,"player_choice":"Opened","damage_taken":0,"relics_obtained":["Mummified Hand"],"max_hp_gain":0,"max_hp_loss":0,"event_name":"The Mausoleum","floor":27,"gold_loss":0},{"damage_healed":0,"gold_gain":100,"player_choice":"Pray","damage_taken":0,"max_hp_gain":0,"max_hp_loss":0,"event_name":"Golden Shrine","floor":37,"gold_loss":0},{"cards_removed":["BootSequence"],"damage_healed":0,"gold_gain":0,"player_choice":"Removed Skill","damage_taken":0,"max_hp_gain":0,"max_hp_loss":0,"event_name":"Falling","floor":46,"gold_loss":0}],"is_beta":false,"boss_relics":[{"not_picked":["Ectoplasm","Nuclear Battery"],"picked":"Tiny House"},{"not_picked":["Velvet Choker","Astrolabe"],"picked":"Fusion Hammer"}],"items_purged_floors":[21],"is_endless":false,"potions_floor_spawned":[1,4,14,31,38,39,47],"ascension_level":1}