{"path_per_floor":["M","?","?","M","$","E","R","T","T","M","R","E","M","$","R","B",null,"M","?","M","$","?","R","?","R","T","E","?","M","R","?","R","B",null,"M","T","T","M","?","R","M","R","T","M","M","?","?","M","R"],"character_chosen":"THE_SILENT","items_purchased":["Acrobatics","Masterful Stab"],"gold_per_floor":[99,99,99,99,6,6,6,6,6,0,0,0,0,0,0,0,0,0,0,0,0,0,0,0,0,0,0,0,0,0,0,0,0,0,0,0,0,0,0,0,0,0,0,0,0,0,0,0,0,0],"floor_reached":50,"campfire_rested":4,"playtime":1914,"current_hp_per_floor":[70,70,56,56,56,43,43,43,43,45,70,56,48,48,70,59,70,55,55,55,55,55,55,55,55,55,50,34,28,64,64,64,22,70,43,43,43,42,42,54,43,70,70,70,55,55,55,44,58,0],"items_purged":[],"gold":0,"score":516,"play_id":"dbf7c0bc-7649-4070-a888-785baf7d45f3","local_time":"20180331194214","is_prod":false,"is_daily":false,"is_ascension_mode":false,"campfire_upgraded":6,"timestamp":1522550534,"path_taken":["M","?","?","?","?","E","R","?","T","M","R","E","M","$","R","BOSS","M","?","M","$","?","R","?","R","T","E","?","?","R","?","R","BOSS","M","?","?","M","?","R","?","R","T","?","M","?","?","M","R","BOSS"],"build_version":"2018-03-29v2","purchased_purges":0,"victory":false,"master_deck":["Defend_G+1","Defend_G+1","Defend_G+1","Defend_G+1","Defend_G+1","Strike_G+1","Strike_G+1","Strike_G+1","Strike_G+1","Strike_G+1","Survivor","Neutralize+1","Acrobatics","Choke","Acrobatics","Masterful Stab","Dagger Throw","Flying Knee","Cloak And Dagger+1","Flying Knee","Adrenaline","Infinite Blades+1","Backstab+1","Cloak And Dagger+1","Outmaneuver+1","Accuracy+1","Adrenaline","Flechettes+1","Parasite","Deflect","Backstab","Concentrate","Parasite","Outmaneuver+1","Storm of Steel","Slice"],"max_hp_per_floor":[70,70,70,70,70,70,70,70,70,70,70,70,70,70,70,70,70,70,70,70,70,70,70,70,70,70,70,70,70,70,70,70,70,70,70,70,70,70,70,70,70,70,70,70,70,70,70,70,70,70],"relics":["Ectoplasm","Shuriken","Regal Pillow","Meat on the Bone","Bronze Scales","Cursed Key","Omamori","Tiny Chest","Orichalcum","Enchiridion","Eternal Feather","Bag of Preparation","Singing Bowl","Blood Vial","Red Mask"],"card_choices":[{"not_picked":["Prepared","Blur"],"picked":"Acrobatics","floor":1},{"not_picked":["Skewer","Endless Agony"],"picked":"Choke","floor":4},{"not_picked":["Backflip","Deadly Poison"],"picked":"Dagger Throw","floor":6},{"not_picked":["Acrobatics","Dagger Spray"],"picked":"Flying Knee","floor":10},{"not_picked":["Dash","Deadly Poison"],"picked":"Cloak And Dagger","floor":12},{"not_picked":["Deadly Poison","Bane"],"picked":"Flying Knee","floor":13},{"not_picked":["Unload","Tools of the Trade"],"picked":"Adrenaline","floor":16},{"not_picked":["Poisoned Stab","Prepared"],"picked":"Infinite Blades","floor":18},{"not_picked":["Leg Sweep","Flying Knee"],"picked":"Cloak And Dagger","floor":20},{"not_picked":["Predator","Leg Sweep"],"picked":"Outmaneuver","floor":27},{"not_picked":["Dagger Throw","Poisoned Stab"],"picked":"Accuracy","floor":29},{"not_picked":["Bullet Time","Corpse Explosion"],"picked":"Adrenaline","floor":33},{"not_picked":["Deadly Poison","PiercingWail"],"picked":"Flechettes","floor":35},{"not_picked":["Prepared","Reflex"],"picked":"Deflect","floor":38},{"not_picked":["Dash","Calculated Gamble"],"picked":"Concentrate","floor":41},{"not_picked":["Skewer","Footwork"],"picked":"Outmaneuver","floor":44},{"not_picked":["PiercingWail","Heel Hook"],"picked":"Storm of Steel","floor":45},{"not_picked":["PiercingWail","Poisoned Stab"],"picked":"Slice","floor":48}],"player_experience":79713,"potions_floor_usage":[16,20,48,50,50,50],"damage_taken":[{"damage":0.0,"enemies":"Small Slimes","floor":1.0,"turns":4.0},{"damage":0,"enemies":"2 Louse","floor":4,"turns":2},{"damage":13,"enemies":"Lagavulin","floor":6,"turns":6},{"damage":10,"enemies":"Exordium Thugs","floor":10,"turns":4},{"damage":14,"enemies":"Gremlin Nob","floor":12,"turns":3},{"damage":8,"enemies":"Exordium Wildlife","floor":13,"turns":2},{"damage":11,"enemies":"Slime Boss","floor":16,"turns":8},{"damage":15,"enemies":"Spheric Guardian","floor":18,"turns":3},{"damage":0,"enemies":"Shell Parasite","floor":20,"turns":3},{"damage":5,"enemies":"Book of Stabbing","floor":27,"turns":4},{"damage":18,"enemies":"Chosen and Byrds","floor":29,"turns":5},{"damage":54,"enemies":"Champ","floor":33,"turns":7},{"damage":27,"enemies":"3 Darklings","floor":35,"turns":4},{"damage":1,"enemies":"Orb Walker","floor":38,"turns":2},{"damage":11,"enemies":"Maw","floor":41,"turns":6},{"damage":0,"enemies":"Sphere and 2 Shapes","floor":44,"turns":3},{"damage":15,"enemies":"3 Darklings","floor":45,"turns":5},{"damage":13,"enemies":"Maw","floor":48,"turns":7},{"damage":70,"enemies":"Awakened One","floor":50,"turns":4}],"event_choices":[{"event_name":"The Cleric","player_choice":"Leave","floor":2,"damage_taken":0},{"event_name":"Shining Light","player_choice":"Entered Light","floor":3,"damage_taken":0},{"event_name":"The Library","player_choice":"Read","floor":19,"damage_taken":0},{"event_name":"The Mausoleum","player_choice":"Yes","floor":22,"damage_taken":0},{"event_name":"Back to Basics","player_choice":"Simplicity","floor":24,"damage_taken":0},{"event_name":"Cursed Tome","player_choice":"Obtained Book","floor":28,"damage_taken":0},{"event_name":"Beggar","player_choice":"Ignored","floor":31,"damage_taken":0},{"event_name":"Duplicator","player_choice":"One dupe","floor":39,"damage_taken":0},{"event_name":"Purifier","player_choice":"One Purge","floor":46,"damage_taken":0},{"event_name":"Tomb of Lord Red Mask","player_choice":"Paid","floor":47,"damage_taken":0}],"boss_relics":[{"not_picked":["Orrery","White Beast Statue"],"picked":"Cursed Key"},{"not_picked":["Sozu","Runic Dome"],"picked":"Eternal Feather"}],"potions_floor_spawned":[10,12,13,20,33,35,38,48],"seed_played":"6683913302325200877","killed_by":"Awakened One","ascension_level":0,"is_trial":false}