{"gold_per_floor":[111,16,31,31,31,66,66,66,119,133,165,182,182,192,192,266,266,279,289,305,355,355,355],"floor_reached":23,"playtime":991,"items_purged":[],"score":402,"play_id":"97e09fc5-7e35-4a6d-98c5-2ac4d606cb34","local_time":"20181124152656","is_ascension_mode":true,"campfire_choices":[{"floor":7.0,"key":"REST"},{"data":"Go for the Eyes","floor":13.0,"key":"SMITH"},{"data":"Capacitor","floor":15.0,"key":"SMITH"}],"neow_cost":"NONE","seed_source_timestamp":847295657428316,"circlet_count":0,"master_deck":["AscendersBane","Strike_B+1","Strike_B+1","Defend_B","Defend_B","Defend_B","Defend_B","Zap","Dualcast","Leap","Glacier","Go for the Eyes+1","Ball Lightning","Core Surge","Capacitor+1","Core Surge","Conserve Battery","Cold Snap+1"],"special_seed":0,"relics":["Cracked Core","Blood Vial","Orichalcum","Ancient Tea Set","Singing Bowl","Black Star"],"potions_floor_usage":[23],"damage_taken":[{"damage":5.0,"enemies":"2 Louse","floor":1.0,"turns":2.0},{"damage":0.0,"enemies":"Jaw Worm","floor":3.0,"turns":5.0},{"damage":13.0,"enemies":"Lagavulin","floor":6.0,"turns":8.0},{"damage":0.0,"enemies":"Cultist","floor":10.0,"turns":4.0},{"damage":19.0,"enemies":"Gremlin Nob","floor":11.0,"turns":6.0},{"damage":1.0,"enemies":"Looter","floor":12.0,"turns":3.0},{"damage":6.0,"enemies":"3 Louse","floor":14.0,"turns":3.0},{"damage":18.0,"enemies":"Slime Boss","floor":16.0,"turns":8.0},{"damage":10.0,"enemies":"Shell Parasite","floor":18.0,"turns":10.0},{"damage":14.0,"enemies":"Chosen","floor":19.0,"turns":5.0},{"damage":37.0,"enemies":"Shelled Parasite and Fungi","floor":20.0,"turns":13.0},{"damage":28,"enemies":"Slavers","floor":23,"turns":2}],"seed_played":"7134598759367936161","potions_obtained":[{"floor":1.0,"key":"PowerPotion"},{"floor":10.0,"key":"FairyPotion"},{"floor":18.0,"key":"FearPotion"},{"floor":20.0,"key":"PowerPotion"}],"is_trial":false,"path_per_floor":["M","$","M","?","?","E","R","?","T","M","E","M","R","M","R","B",null,"M","M","M","?","?","E"],"character_chosen":"DEFECT","items_purchased":["Glacier","Fire Potion"],"campfire_rested":1,"item_purchase_floors":[2,2],"current_hp_per_floor":[61,61,63,42,35,24,45,45,45,47,30,33,33,29,29,13,58,50,38,5,5,5,0],"gold":355,"neow_bonus":"RANDOM_COMMON_RELIC","is_prod":false,"is_daily":false,"chose_seed":false,"campfire_upgraded":2,"win_rate":0,"timestamp":1543091216,"path_taken":["M","$","M","?","?","E","R","?","T","?","E","M","R","M","R","BOSS","M","M","M","?","?","E"],"build_version":"2018-11-15","purchased_purges":0,"victory":false,"max_hp_per_floor":[71,71,71,71,71,71,71,71,71,71,71,73,73,73,73,73,73,73,73,75,75,75,75],"card_choices":[{"not_picked":["Self Repair","Capacitor"],"picked":"Leap","floor":1.0},{"not_picked":["Heatsinks","Rebound"],"picked":"Go for the Eyes","floor":3.0},{"not_picked":["Gash","Stack","Scrape"],"picked":"SKIP","floor":6.0},{"not_picked":["Hologram","Streamline"],"picked":"Ball Lightning","floor":10.0},{"not_picked":["Barrage","Beam Cell"],"picked":"Core Surge","floor":11.0},{"not_picked":["Hologram","Auto Shields","Heatsinks"],"picked":"Singing Bowl","floor":12.0},{"not_picked":["Gash","Conserve Battery"],"picked":"Capacitor","floor":14.0},{"not_picked":["Meteor Strike","Amplify"],"picked":"Core Surge","floor":16.0},{"not_picked":["Leap","Skim"],"picked":"Conserve Battery","floor":18.0},{"not_picked":["Sweeping Beam","Barrage"],"picked":"Cold Snap+1","floor":19.0},{"not_picked":["Coolheaded","Beam Cell","Recycle"],"picked":"Singing Bowl","floor":20.0}],"player_experience":901976,"relics_obtained":[{"floor":6.0,"key":"Orichalcum"},{"floor":9.0,"key":"Ancient Tea Set"},{"floor":11.0,"key":"Singing Bowl"}],"event_choices":[{"damage_healed":0.0,"max_hp_gain":0.0,"max_hp_loss":0.0,"gold_gain":0.0,"event_name":"Shining Light","player_choice":"Entered Light","floor":4.0,"gold_loss":0.0,"damage_taken":21.0,"cards_upgraded":["Strike_B","Strike_B"]},{"cards_removed":["Strike_B"],"damage_healed":0.0,"max_hp_gain":0.0,"max_hp_loss":0.0,"gold_gain":0.0,"event_name":"Golden Wing","player_choice":"Card Removal","floor":5.0,"gold_loss":0.0,"damage_taken":7.0},{"cards_removed":["Strike_B"],"damage_healed":0.0,"max_hp_gain":0.0,"max_hp_loss":0.0,"gold_gain":0.0,"event_name":"Bonfire Elementals","player_choice":"Offered Basic","floor":8.0,"gold_loss":0.0,"damage_taken":0.0},{"damage_healed":0.0,"max_hp_gain":0.0,"max_hp_loss":0.0,"gold_gain":50.0,"event_name":"Nest","player_choice":"Stole From Cult","floor":21.0,"gold_loss":0.0,"damage_taken":0.0},{"damage_healed":0.0,"max_hp_gain":0.0,"max_hp_loss":0.0,"gold_gain":0.0,"event_name":"Cursed Tome","player_choice":"Ignored","floor":22.0,"gold_loss":0.0,"damage_taken":0.0}],"is_beta":true,"boss_relics":[{"not_picked":["White Beast Statue","Astrolabe"],"picked":"Black Star"}],"items_purged_floors":[],"is_endless":false,"potions_floor_spawned":[1,3,10,18,20],"killed_by":"Slavers","ascension_level":20}