{"path_per_floor":["M","?","?","M","?","R","?","$","T","?","R","M","$","M","R","B",null,"M","?","?","M","M","R","$","M","T","$","?"],"character_chosen":"THE_SILENT","items_purchased":["Leg Sweep","Dramatic Entrance","Flechettes"],"gold_per_floor":[112,112,112,135,135,135,135,64,64,14,14,28,28,49,49,175,175,200,200,125,138,163,163,72,91,91,23,23,23],"floor_reached":29,"campfire_rested":1,"playtime":1000,"current_hp_per_floor":[65,48,41,41,41,41,41,41,41,41,62,62,62,62,62,40,70,40,40,40,26,26,26,26,20,20,20,20,0],"items_purged":[],"gold":23,"score":211,"play_id":"0f42ee17-3404-49af-ab74-49c9ef610bda","local_time":"20180403033550","is_prod":false,"is_daily":false,"is_ascension_mode":false,"campfire_upgraded":3,"timestamp":1522751750,"path_taken":["M","?","?","?","?","R","?","?","T","?","R","M","$","M","R","BOSS","M","?","?","?","M","R","?","?","T","$","?","M"],"build_version":"2018-03-29v2","purchased_purges":0,"victory":false,"master_deck":["Survivor","Neutralize","Quick Slash","Poisoned Stab","Deflect","Neutralize","Dagger Spray+1","Concentrate+1","Leg Sweep","Backflip","Adrenaline+1","Storm of Steel+1","Concentrate","Dagger Spray","Deadly Poison","Riddle With Holes","Expertise","Eviscerate","Footwork","Dagger Throw+1","Outmaneuver","A Thousand Cuts","Dramatic Entrance","Bouncing Flask","Flechettes"],"max_hp_per_floor":[70,70,70,70,70,70,70,70,70,70,70,70,70,70,70,70,70,70,70,70,70,70,70,70,70,70,70,70,70],"relics":["Ring of the Snake","Golden Idol","Dead Branch","Pandora\u0027s Box","Gambling Chip"],"card_choices":[{"not_picked":["Blur","Dodge and Roll"],"picked":"Poisoned Stab","floor":1},{"not_picked":["Underhanded Strike","Backflip"],"picked":"Deflect","floor":4},{"not_picked":["Acrobatics","Deadly Poison"],"picked":"Backflip","floor":12},{"not_picked":["Deflect","Predator"],"picked":"Adrenaline","floor":14},{"not_picked":["After Image","Burst"],"picked":"Storm of Steel","floor":16},{"not_picked":["Masterful Stab","Endless Agony"],"picked":"Dagger Throw","floor":18},{"not_picked":["Acrobatics","Masterful Stab"],"picked":"Outmaneuver","floor":21},{"not_picked":["Cloak And Dagger","Underhanded Strike"],"picked":"A Thousand Cuts","floor":22},{"not_picked":["Blur","Backflip"],"picked":"Bouncing Flask","floor":25}],"player_experience":128541,"potions_floor_usage":[16,16,25],"damage_taken":[{"damage":5,"enemies":"Jaw Worm","floor":1,"turns":5},{"damage":0,"enemies":"Small Slimes","floor":4,"turns":3},{"damage":0,"enemies":"Cultist","floor":12,"turns":3},{"damage":0,"enemies":"Large Slime","floor":14,"turns":7},{"damage":22,"enemies":"Slime Boss","floor":16,"turns":11},{"damage":30,"enemies":"Shell Parasite","floor":18,"turns":6},{"damage":14,"enemies":"2 Thieves","floor":21,"turns":3},{"damage":0,"enemies":"Centurion and Healer","floor":22,"turns":2},{"damage":6,"enemies":"Snecko","floor":25,"turns":3},{"damage":21,"enemies":"Slaver and Parasite","floor":29,"turns":2}],"event_choices":[{"event_name":"Golden Idol","player_choice":"Take Damage","floor":2,"damage_taken":0},{"event_name":"Golden Wing","player_choice":"Card Removal","floor":3,"damage_taken":0},{"event_name":"Match and Keep!","player_choice":"3 cards matched","floor":5,"damage_taken":0},{"event_name":"Living Wall","player_choice":"Grow","floor":7,"damage_taken":0},{"event_name":"The Cleric","player_choice":"Card Removal","floor":10,"damage_taken":0},{"event_name":"Wheel of Change","player_choice":"Curse","floor":19,"damage_taken":0},{"event_name":"Beggar","player_choice":"Gave Gold","floor":20,"damage_taken":0},{"event_name":"Ghosts","player_choice":"Ignored","floor":28,"damage_taken":0}],"boss_relics":[{"not_picked":["Ectoplasm","White Beast Statue"],"picked":"Pandora\u0027s Box"}],"potions_floor_spawned":[1,12,16,21,22],"seed_played":"-695899546255773714","killed_by":"Slaver and Parasite","ascension_level":0,"is_trial":false}