{"gold_per_floor":[114,114,133,58,77,77,95,121,121,121,121,121,156,170,170,170],"floor_reached":16,"playtime":926,"items_purged":["Regret"],"score":204,"play_id":"db5e2581-83bb-45d9-ba07-e66451edd961","local_time":"20190314122626","is_ascension_mode":true,"campfire_choices":[{"data":"Neutralize","floor":6,"key":"SMITH"},{"data":"Noxious Fumes","floor":10,"key":"SMITH"},{"data":"Poisoned Stab","floor":12,"key":"SMITH"},{"data":"Bouncing Flask","floor":15,"key":"SMITH"}],"neow_cost":"NONE","seed_source_timestamp":32053167429489,"circlet_count":0,"master_deck":["AscendersBane","Defend_G","Defend_G","Defend_G","Defend_G","Defend_G","Strike_G","Strike_G","Strike_G","Strike_G","Strike_G","Survivor","Neutralize+1","Clumsy","Parasite","Bouncing Flask+1","Cloak And Dagger","Poisoned Stab+1","Blur","Noxious Fumes+1","Neutralize","Deadly Poison","Adrenaline"],"relics":["Calling Bell","PreservedInsect","Meat on the Bone","Incense Burner","Regal Pillow","StoneCalendar","Matryoshka","Centennial Puzzle"],"potions_floor_usage":[7,13],"damage_taken":[{"damage":5,"enemies":"Small Slimes","floor":1,"turns":6},{"damage":6,"enemies":"Cultist","floor":3,"turns":5},{"damage":0,"enemies":"Jaw Worm","floor":5,"turns":4},{"damage":10,"enemies":"Exordium Thugs","floor":7,"turns":6},{"damage":17,"enemies":"3 Sentries","floor":8,"turns":10},{"damage":15,"enemies":"Lagavulin","floor":13,"turns":5},{"damage":12,"enemies":"Exordium Wildlife","floor":14,"turns":5},{"damage":40,"enemies":"Slime Boss","floor":16,"turns":6}],"seed_played":"-7365395140914746511","potions_obtained":[{"floor":1,"key":"Poison Potion"},{"floor":3,"key":"EssenceOfSteel"},{"floor":7,"key":"FearPotion"}],"is_trial":false,"path_per_floor":["M","?","M","$","M","R","M","E","T","R","?","R","E","M","R","B"],"character_chosen":"THE_SILENT","items_purchased":[],"campfire_rested":0,"item_purchase_floors":[],"current_hp_per_floor":[54,54,48,48,48,48,38,33,33,33,33,33,30,30,30,0],"gold":170,"neow_bonus":"BOSS_RELIC","is_prod":false,"is_daily":false,"chose_seed":false,"campfire_upgraded":4,"win_rate":0,"timestamp":1552580786,"path_taken":["M","?","?","$","M","R","M","E","T","R","?","R","E","M","R","BOSS"],"build_version":"2019-02-06","purchased_purges":1,"victory":false,"max_hp_per_floor":[66,66,66,66,66,66,66,66,66,66,66,66,66,66,66,66],"card_choices":[{"not_picked":["Cloak And Dagger","PiercingWail"],"picked":"Bouncing Flask","floor":1},{"not_picked":["Slice","Deflect"],"picked":"Cloak And Dagger","floor":3},{"not_picked":["Bane","Flying Knee"],"picked":"Poisoned Stab","floor":5},{"not_picked":["Masterful Stab","Underhanded Strike"],"picked":"Blur","floor":7},{"not_picked":["Deadly Poison","Blur"],"picked":"Noxious Fumes","floor":8},{"not_picked":["Acrobatics","Concentrate"],"picked":"Deadly Poison","floor":13},{"not_picked":["Catalyst","Bane"],"picked":"Adrenaline","floor":14}],"player_experience":502828,"relics_obtained":[{"floor":0,"key":"PreservedInsect"},{"floor":0,"key":"Meat on the Bone"},{"floor":0,"key":"Incense Burner"},{"floor":8,"key":"StoneCalendar"},{"floor":9,"key":"Matryoshka"},{"floor":13,"key":"Centennial Puzzle"}],"event_choices":[{"damage_healed":0,"gold_gain":0,"player_choice":"Gave Potion","damage_taken":0,"relics_obtained":["Regal Pillow"],"max_hp_gain":0,"max_hp_loss":0,"event_name":"WeMeetAgain","floor":2,"gold_loss":0},{"damage_healed":0,"gold_gain":0,"player_choice":"1 cards matched","damage_taken":0,"max_hp_gain":0,"max_hp_loss":0,"event_name":"Match and Keep!","floor":11,"gold_loss":0,"cards_obtained":["Neutralize"]}],"is_beta":true,"boss_relics":[],"items_purged_floors":[4],"is_endless":false,"potions_floor_spawned":[1,3,7],"killed_by":"Slime Boss","ascension_level":17}