{"gold_per_floor":[117,192,192,206,10,10,38,38,61,61,148,167,184,194,194,194],"floor_reached":16,"playtime":385,"items_purged":[],"score":105,"play_id":"d985cb0c-bb87-415e-8ec8-6ce828178f82","local_time":"20190228060458","is_ascension_mode":true,"campfire_choices":[{"data":"Doom and Gloom","floor":6,"key":"SMITH"},{"data":"Streamline","floor":8,"key":"SMITH"},{"data":"Zap","floor":10,"key":"SMITH"},{"floor":15,"key":"REST"}],"neow_cost":"NONE","seed_source_timestamp":656044909759965,"circlet_count":0,"master_deck":["Strike_B","Strike_B","Strike_B","Strike_B","Defend_B","Defend_B","Defend_B","Defend_B","Zap+1","Dualcast","Dramatic Entrance","Sweeping Beam+1","Doom and Gloom+1","Streamline+1","Steam","Turbo","Coolheaded"],"relics":["Cracked Core","Toy Ornithopter","Darkstone Periapt","Tiny Chest"],"potions_floor_usage":[7,7,12],"damage_taken":[{"damage":2,"enemies":"2 Louse","floor":1,"turns":2},{"damage":0,"enemies":"Small Slimes","floor":4,"turns":3},{"damage":12,"enemies":"Gremlin Nob","floor":7,"turns":3},{"damage":28,"enemies":"Lagavulin Event","floor":11,"turns":5},{"damage":0,"enemies":"Jaw Worm","floor":12,"turns":3},{"damage":13,"enemies":"Red Slaver","floor":13,"turns":2},{"damage":13,"enemies":"Exordium Thugs","floor":14,"turns":4},{"damage":34,"enemies":"The Guardian","floor":16,"turns":6}],"seed_played":"-3100681831199116593","potions_obtained":[{"floor":1,"key":"PowerPotion"},{"floor":4,"key":"Poison Potion"},{"floor":11,"key":"PowerPotion"}],"is_trial":false,"path_per_floor":["M","?","?","M","$","R","E","R","T","R","?","M","M","M","R","B"],"character_chosen":"DEFECT","items_purchased":["Toy Ornithopter"],"campfire_rested":1,"item_purchase_floors":[5],"current_hp_per_floor":[73,62,62,62,62,62,60,60,60,60,32,37,24,11,33,0],"gold":194,"neow_bonus":"RANDOM_COLORLESS","is_prod":false,"is_daily":false,"chose_seed":false,"campfire_upgraded":3,"win_rate":0,"timestamp":1551362698,"path_taken":["M","?","?","M","$","R","E","R","T","R","?","M","M","M","R","BOSS"],"build_version":"2019-01-23","purchased_purges":0,"victory":false,"max_hp_per_floor":[75,75,75,75,75,75,75,75,75,75,75,75,75,75,75,75],"card_choices":[{"not_picked":["Loop","Steam Power"],"picked":"Sweeping Beam","floor":1},{"not_picked":["Turbo","Go for the Eyes"],"picked":"Doom and Gloom","floor":4},{"not_picked":["Hyperbeam","Recycle"],"picked":"Streamline","floor":7},{"not_picked":["Compile Driver","Scrape"],"picked":"Steam","floor":11},{"not_picked":["Loop","Stack","Reprogram"],"picked":"SKIP","floor":12},{"not_picked":["Compile Driver","Force Field"],"picked":"Turbo","floor":13},{"not_picked":["Force Field","Blizzard"],"picked":"Coolheaded","floor":14}],"player_experience":294171,"relics_obtained":[{"floor":7,"key":"Darkstone Periapt"},{"floor":11,"key":"Tiny Chest"}],"event_choices":[{"damage_healed":0,"gold_gain":75,"player_choice":"Gather Gold","damage_taken":11,"max_hp_gain":0,"max_hp_loss":0,"event_name":"World of Goop","floor":2,"gold_loss":0},{"damage_healed":0,"gold_gain":0,"player_choice":"Grow","damage_taken":0,"max_hp_gain":0,"max_hp_loss":0,"event_name":"Living Wall","floor":3,"gold_loss":0,"cards_upgraded":["Sweeping Beam"]},{"damage_healed":0,"gold_gain":0,"player_choice":"Searched \u00271\u0027 times","damage_taken":0,"max_hp_gain":0,"max_hp_loss":0,"event_name":"Dead Adventurer","floor":11,"gold_loss":0}],"is_beta":false,"boss_relics":[],"items_purged_floors":[],"is_endless":false,"potions_floor_spawned":[1,4,11],"killed_by":"The Guardian","ascension_level":1}