{"gold_per_floor":[114,127,277,277,297,297,327,327,354,97,129,140,140,174,174,251,251,262,262,282,121,136,136,471,490,542,575,625,625,625,652,652,726,726,742,742,757,771,771,796,796,828,828,308,308,308,327,339,339,339,339],"floor_reached":51,"playtime":2892,"items_purged":["Doubt"],"score":1712,"play_id":"92bc13d4-f468-4b04-81e7-6b85460f8017","local_time":"20181105202645","is_ascension_mode":true,"campfire_choices":[{"data":"Cold Snap","floor":6.0,"key":"SMITH"},{"data":"Sweeping Beam","floor":8.0,"key":"SMITH"},{"data":"Go for the Eyes","floor":15.0,"key":"SMITH"},{"floor":23.0,"key":"REST"},{"floor":30.0,"key":"REST"},{"data":"Hologram","floor":32.0,"key":"SMITH"},{"floor":41.0,"key":"RECALL"},{"data":"Beam Cell","floor":45,"key":"SMITH"},{"data":"Streamline","floor":49,"key":"SMITH"}],"neow_cost":"NONE","seed_source_timestamp":211931702093395,"circlet_count":0,"master_deck":["AscendersBane","Defend_B","Defend_B","Defend_B","Defend_B","Zap","Dualcast","Echo Form","Beam Cell+1","Auto Shields","Cold Snap+1","Sweeping Beam+1","Streamline+1","Genetic Algorithm","Go for the Eyes+1","Echo Form","Hologram+1","Echo Form","Skim","Sweeping Beam+1","Sunder+1","Bite","Bite","Bite","Bite","Bite","Core Surge","Recycle","Force Field+1","Coolheaded+1","Biased Cognition","Conserve Battery","Ball Lightning+1"],"special_seed":0,"relics":["Cracked Core","Bag of Preparation","Pen Nib","Centennial Puzzle","WingedGreaves","Snecko Eye","Art of War","Old Coin","Lantern","Anchor","Happy Flower","Inserter","PreservedInsect","Ancient Tea Set","Mercury Hourglass","Membership Card","Frozen Egg 2","Nunchaku"],"potions_floor_usage":[],"damage_taken":[{"damage":2.0,"enemies":"Cultist","floor":1.0,"turns":4.0},{"damage":0.0,"enemies":"2 Louse","floor":2.0,"turns":3.0},{"damage":3.0,"enemies":"Jaw Worm","floor":5.0,"turns":4.0},{"damage":12.0,"enemies":"Lagavulin","floor":7.0,"turns":8.0},{"damage":13.0,"enemies":"3 Sentries","floor":11.0,"turns":7.0},{"damage":0.0,"enemies":"Lots of Slimes","floor":12.0,"turns":1.0},{"damage":6.0,"enemies":"Gremlin Nob","floor":14.0,"turns":3.0},{"damage":8.0,"enemies":"The Guardian","floor":16.0,"turns":11.0},{"damage":12.0,"enemies":"2 Thieves","floor":18.0,"turns":4.0},{"damage":11.0,"enemies":"Shell Parasite","floor":20.0,"turns":5.0},{"damage":4.0,"enemies":"Cultist and Chosen","floor":22.0,"turns":8.0},{"damage":20.0,"enemies":"Book of Stabbing","floor":24.0,"turns":4.0},{"damage":6.0,"enemies":"Centurion and Healer","floor":25.0,"turns":5.0},{"damage":0.0,"enemies":"Gremlin Leader","floor":27.0,"turns":5.0},{"damage":0.0,"enemies":"Slavers","floor":31.0,"turns":4.0},{"damage":0.0,"enemies":"Automaton","floor":33.0,"turns":8.0},{"damage":3.0,"enemies":"3 Shapes","floor":35.0,"turns":6.0},{"damage":0.0,"enemies":"Orb Walker","floor":37.0,"turns":2.0},{"damage":4.0,"enemies":"3 Darklings","floor":38.0,"turns":4.0},{"damage":6.0,"enemies":"Nemesis","floor":40.0,"turns":4.0},{"damage":14,"enemies":"Reptomancer","floor":42,"turns":5},{"damage":0,"enemies":"Spire Growth","floor":47,"turns":4},{"damage":18,"enemies":"Jaw Worm Horde","floor":48,"turns":5},{"damage":19,"enemies":"Donu and Deca","floor":50,"turns":10},{"damage":48,"enemies":"Awakened One","floor":51,"turns":3}],"seed_played":"-6854118202486361013","potions_obtained":[{"floor":1.0,"key":"FearPotion"},{"floor":5.0,"key":"Fire Potion"},{"floor":7.0,"key":"Ancient Potion"},{"floor":12.0,"key":"SteroidPotion"},{"floor":22.0,"key":"SkillPotion"},{"floor":24.0,"key":"SteroidPotion"},{"floor":25.0,"key":"AttackPotion"},{"floor":33.0,"key":"Poison Potion"},{"floor":47,"key":"Poison Potion"}],"is_trial":false,"path_per_floor":["M","M","?","?","M","R","E","R","T","$","E","M","$","E","R","B",null,"M","?","M","$","M","R","E","M","T","E","?","?","R","E","R","B",null,"M","?","M","M","$","E","R","E","T","$","R","?","M","M","R","B","B"],"character_chosen":"DEFECT","items_purchased":["Streamline","Pen Nib","Art of War","Membership Card","Frozen Egg 2","Nunchaku"],"campfire_rested":2,"item_purchase_floors":[10,10,21,44,44,44],"current_hp_per_floor":[62,62,62,62,59,59,47,47,47,47,34,34,34,28,28,20,58,46,46,35,35,31,52,32,26,26,26,26,26,40,46,46,49,49,48,48,49,49,49,43,43,37,37,37,37,37,41,45,45,47,0],"gold":339,"neow_bonus":"ONE_RANDOM_RARE_CARD","is_prod":false,"is_daily":false,"chose_seed":false,"campfire_upgraded":6,"win_rate":0,"timestamp":1541467605,"path_taken":["M","?","?","?","?","R","E","R","T","$","E","M","$","E","R","BOSS","M","?","M","$","?","R","E","M","T","E","?","?","R","E","R","BOSS","M","?","M","M","$","E","R","E","T","$","R","?","M","M","R","BOSS","BOSS"],"build_version":"2018-11-02","purchased_purges":1,"victory":false,"max_hp_per_floor":[71,71,71,71,71,71,71,71,71,71,71,71,71,71,71,71,71,71,71,71,71,71,71,71,71,71,71,71,49,49,49,49,49,49,49,49,49,49,49,49,49,49,49,49,49,47,47,47,47,47,47],"card_choices":[{"not_picked":["Doom and Gloom","Heatsinks"],"picked":"Beam Cell","floor":1.0},{"not_picked":["Recycle","Scrape"],"picked":"Auto Shields","floor":2.0},{"not_picked":["Compile Driver","Double Energy"],"picked":"Cold Snap","floor":5.0},{"not_picked":["Cold Snap","Seek"],"picked":"Sweeping Beam","floor":7.0},{"not_picked":["Coolheaded","Redo"],"picked":"Genetic Algorithm","floor":11.0},{"not_picked":["Hologram","Capacitor"],"picked":"Go for the Eyes","floor":12.0},{"not_picked":["Echo Form","Thunder Strike","Consume"],"picked":"SKIP","floor":14.0},{"not_picked":["Thunder Strike","Consume"],"picked":"Echo Form","floor":14.0},{"not_picked":["Coolheaded","Rebound"],"picked":"Hologram","floor":18.0},{"not_picked":["Hologram","Undo"],"picked":"Skim","floor":20.0},{"not_picked":["Beam Cell","Rebound","Ball Lightning"],"picked":"SKIP","floor":22.0},{"not_picked":["Stack","Barrage"],"picked":"Sweeping Beam+1","floor":24.0},{"not_picked":["Darkness","Rainbow"],"picked":"Sunder+1","floor":25.0},{"not_picked":["Steam","Coolheaded","Stack"],"picked":"SKIP","floor":27.0},{"not_picked":["Leap","Beam Cell","Chill"],"picked":"SKIP","floor":31.0},{"not_picked":["Electrodynamics","Rainbow"],"picked":"Core Surge","floor":33.0},{"not_picked":["Ball Lightning","Conserve Battery"],"picked":"Recycle","floor":35.0},{"not_picked":["Coolheaded","Amplify","Leap"],"picked":"SKIP","floor":37.0},{"not_picked":["Fusion","Coolheaded"],"picked":"Force Field+1","floor":38.0},{"not_picked":["Chill","Turbo+1"],"picked":"Coolheaded+1","floor":40.0},{"not_picked":["BootSequence","Go for the Eyes+1"],"picked":"Biased Cognition","floor":42},{"not_picked":["Ball Lightning+1","Chaos"],"picked":"Conserve Battery","floor":47},{"not_picked":["Loop+1","Sunder"],"picked":"Ball Lightning+1","floor":48}],"player_experience":852486,"relics_obtained":[{"floor":7.0,"key":"Bag of Preparation"},{"floor":11.0,"key":"Centennial Puzzle"},{"floor":14.0,"key":"WingedGreaves"},{"floor":24.0,"key":"Old Coin"},{"floor":26.0,"key":"Lantern"},{"floor":27.0,"key":"Anchor"},{"floor":31.0,"key":"Happy Flower"},{"floor":40.0,"key":"PreservedInsect"},{"floor":42,"key":"Ancient Tea Set"},{"floor":43,"key":"Mercury Hourglass"}],"event_choices":[{"damage_healed":0.0,"max_hp_gain":0.0,"max_hp_loss":0.0,"gold_gain":150.0,"event_name":"Liars Game","player_choice":"AGREE","floor":3.0,"gold_loss":0.0,"damage_taken":0.0,"cards_obtained":["Doubt"]},{"damage_healed":0.0,"max_hp_gain":0.0,"max_hp_loss":0.0,"gold_gain":0.0,"event_name":"Match and Keep!","player_choice":"1 cards matched","floor":4.0,"gold_loss":0.0,"damage_taken":0.0,"cards_obtained":["Undo"]},{"damage_healed":0.0,"max_hp_gain":0.0,"max_hp_loss":0.0,"gold_gain":0.0,"event_name":"Duplicator","player_choice":"Copied","floor":19.0,"gold_loss":0.0,"damage_taken":0.0,"cards_obtained":["Echo Form"]},{"damage_healed":0.0,"max_hp_gain":0.0,"max_hp_loss":0.0,"gold_gain":50.0,"event_name":"Nest","player_choice":"Stole From Cult","floor":28.0,"gold_loss":0.0,"damage_taken":0.0},{"damage_healed":0.0,"max_hp_gain":0.0,"max_hp_loss":22.0,"gold_gain":0.0,"event_name":"Vampires","player_choice":"Became a vampire","floor":29.0,"gold_loss":0.0,"damage_taken":0.0,"cards_obtained":["Bite","Bite","Bite","Bite","Bite"]},{"cards_removed":["Undo"],"damage_healed":0.0,"max_hp_gain":0.0,"max_hp_loss":0.0,"gold_gain":0.0,"event_name":"Falling","player_choice":"Removed Skill","floor":36.0,"gold_loss":0.0,"damage_taken":0.0},{"damage_healed":0,"gold_gain":0,"player_choice":"Max HP","damage_taken":0,"max_hp_gain":0,"max_hp_loss":2,"event_name":"Winding Halls","floor":46,"gold_loss":0}],"is_beta":true,"boss_relics":[{"not_picked":["Lizard Tail","Pandora\u0027s Box"],"picked":"Snecko Eye"},{"not_picked":["Nuclear Battery","FrozenCore"],"picked":"Inserter"}],"items_purged_floors":[10],"is_endless":false,"potions_floor_spawned":[1,5,7,12,22,24,25,31,33,47],"killed_by":"Awakened One","ascension_level":20}