{"gold_per_floor":[364,439,66,79,49,49,80,80,151,186,205,205,221,221,221,221],"floor_reached":16,"playtime":756,"items_purged":[],"score":136,"play_id":"7030dcbd-8877-4fe4-ab2c-2fc3fabcc1f2","local_time":"20190323214653","is_ascension_mode":true,"campfire_choices":[{"data":"Zap","floor":6,"key":"SMITH"},{"floor":8,"key":"REST"},{"data":"Coolheaded","floor":12,"key":"SMITH"},{"floor":15,"key":"REST"}],"neow_cost":"PERCENT_DAMAGE","seed_source_timestamp":9484715523000,"circlet_count":0,"master_deck":["Strike_B","Strike_B","Strike_B","Strike_B","Defend_B","Defend_B","Defend_B","Defend_B","Zap+1","Dualcast","Go for the Eyes","Coolheaded+1","Leap","Chill","Reinforced Body","Cold Snap","White Noise"],"relics":["Cracked Core","Tiny Chest","Medical Kit","Bottled Lightning","Anchor"],"potions_floor_usage":[7,7,14,14],"damage_taken":[{"damage":2,"enemies":"Jaw Worm","floor":1,"turns":3},{"damage":3,"enemies":"2 Louse","floor":4,"turns":2},{"damage":28,"enemies":"Gremlin Nob","floor":7,"turns":4},{"damage":11,"enemies":"3 Sentries","floor":10,"turns":11},{"damage":0,"enemies":"Cultist","floor":11,"turns":3},{"damage":8,"enemies":"Lots of Slimes","floor":13,"turns":4},{"damage":5,"enemies":"Lagavulin","floor":14,"turns":7},{"damage":33,"enemies":"Slime Boss","floor":16,"turns":8}],"seed_played":"536537058109565171","potions_obtained":[{"floor":4,"key":"SkillPotion"},{"floor":5,"key":"FearPotion"},{"floor":5,"key":"SmokeBomb"},{"floor":10,"key":"Strength Potion"}],"is_trial":false,"path_per_floor":["M","?","$","M","?","R","E","R","T","E","M","R","M","E","R","B"],"character_chosen":"DEFECT","items_purchased":["Tiny Chest","Medical Kit","Coolheaded"],"campfire_rested":2,"item_purchase_floors":[3,3,3],"current_hp_per_floor":[52,41,41,38,38,38,10,32,32,21,21,21,13,8,30,0],"gold":221,"neow_bonus":"TWO_FIFTY_GOLD","is_prod":false,"is_daily":false,"chose_seed":false,"campfire_upgraded":2,"win_rate":0,"timestamp":1553357813,"path_taken":["M","?","$","M","?","R","E","R","T","E","M","R","?","E","R","BOSS"],"build_version":"2019-01-23","purchased_purges":0,"victory":false,"max_hp_per_floor":[75,75,75,75,75,75,75,75,75,75,75,75,75,75,75,75],"card_choices":[{"not_picked":["Doom and Gloom","Darkness"],"picked":"Go for the Eyes","floor":1},{"not_picked":["Reprogram","Rip and Tear"],"picked":"Leap","floor":4},{"not_picked":["Biased Cognition","Hologram"],"picked":"Chill","floor":7},{"not_picked":["Leap","BootSequence"],"picked":"Reinforced Body","floor":10},{"not_picked":["Streamline","Go for the Eyes"],"picked":"Cold Snap","floor":11},{"not_picked":["Conserve Battery","Beam Cell"],"picked":"White Noise","floor":13}],"player_experience":99642,"relics_obtained":[{"floor":7,"key":"Bottled Lightning"},{"floor":10,"key":"Anchor"}],"event_choices":[{"damage_healed":0,"gold_gain":75,"player_choice":"Gather Gold","damage_taken":11,"max_hp_gain":0,"max_hp_loss":0,"event_name":"World of Goop","floor":2,"gold_loss":0},{"damage_healed":0,"gold_gain":0,"player_choice":"Bought 2 Potions","damage_taken":0,"max_hp_gain":0,"max_hp_loss":0,"event_name":"The Woman in Blue","floor":5,"gold_loss":0}],"is_beta":false,"boss_relics":[],"items_purged_floors":[],"is_endless":false,"potions_floor_spawned":[4,10,14],"killed_by":"Slime Boss","ascension_level":3}