{"path_per_floor":["M","?","?","$","M","R","M","E","T","R","M","M","R","M","R","B",null,"M","M","$","M","?","R","E","M","T","M","R","M","$","M","R","B",null,"M","M","$","M","M","R","M","R","T","$","M","R","M","M","R"],"character_chosen":"DEFECT","items_purchased":["Ball Lightning","Regal Pillow","Meat on the Bone","Loop","Lantern","Static Discharge"],"gold_per_floor":[109,109,59,37,54,54,64,95,395,395,412,424,424,441,441,543,543,558,568,79,90,90,90,123,135,159,170,170,185,7,27,27,125,125,139,157,12,22,38,38,48,48,78,1,19,19,35,46,46,46],"floor_reached":50,"campfire_rested":7,"playtime":2840,"item_purchase_floors":[4,20,20,30,37,44],"current_hp_per_floor":[68,68,68,68,68,68,67,61,61,61,56,56,56,47,69,38,75,48,38,38,34,25,62,60,26,26,26,69,59,59,38,81,45,94,85,71,71,54,21,64,56,56,56,56,39,82,58,57,94,0],"items_purged":["Strike_B","Defend_B"],"gold":46,"score":497,"play_id":"c69e9d0f-3dcd-4b60-9ead-c55b47820ea3","local_time":"20180608020341","is_prod":false,"is_daily":false,"chose_seed":false,"is_ascension_mode":false,"campfire_upgraded":2,"win_rate":0.0,"timestamp":1528448621,"campfire_choices":[{"data":"Zap","floor":6,"key":"SMITH"},{"data":"Ball Lightning","floor":10,"key":"SMITH"},{"floor":13,"key":"DIG"},{"floor":15,"key":"REST"},{"floor":23,"key":"REST"},{"floor":28,"key":"REST"},{"floor":32,"key":"REST"},{"floor":40,"key":"REST"},{"floor":42,"key":"DIG"},{"floor":46,"key":"REST"},{"floor":49,"key":"REST"}],"path_taken":["M","?","?","$","M","R","M","E","T","R","M","?","R","M","R","BOSS","M","M","$","M","?","R","E","M","T","M","R","M","?","M","R","BOSS","M","M","$","M","M","R","M","R","T","$","?","R","M","M","R","BOSS"],"build_version":"2018-06-07","seed_source_timestamp":1386896976198919,"purchased_purges":2,"victory":false,"master_deck":["Strike_B","Strike_B","Defend_B","Defend_B","Zap+1","Dualcast","Glacier","Ball Lightning+1","Beam Cell","Doom and Gloom","Consume","Redo","Beam Cell","Loop","Biased Cognition","Doom and Gloom+1","Chill+1","Redo+1","Tempest+1","Ball Lightning+1","Loop","Fusion+1","Creative AI","Double Energy","Defragment+1","Rebound","Static Discharge","Redo+1"],"max_hp_per_floor":[75,75,75,75,75,75,75,75,75,75,75,75,75,75,75,75,75,75,75,75,75,75,75,89,94,94,94,94,94,94,94,94,94,94,94,94,94,94,94,94,94,94,94,94,94,94,94,94,94,94],"relics":["Cracked Core","Shovel","Old Coin","Peace Pipe","Runic Pyramid","Regal Pillow","Meat on the Bone","Mango","Orichalcum","Nuclear Battery","Lantern","Centennial Puzzle","Tiny Chest"],"card_choices":[{"not_picked":["Leap","Cold Snap"],"picked":"Glacier","floor":1},{"not_picked":["Leap","Chaos"],"picked":"Beam Cell","floor":5},{"not_picked":["Consume","Gash"],"picked":"Doom and Gloom","floor":7},{"not_picked":["Darkness","Go for the Eyes"],"picked":"Consume","floor":8},{"not_picked":["Rebound","Conserve Battery"],"picked":"Redo","floor":11},{"not_picked":["Reinforced Body","Rebound"],"picked":"Beam Cell","floor":12},{"not_picked":["Barrage","Skim"],"picked":"Loop","floor":14},{"not_picked":["Amplify","Multi-Cast"],"picked":"Biased Cognition","floor":16},{"not_picked":["Skim","Defragment"],"picked":"Doom and Gloom+1","floor":18},{"not_picked":["Force Field","Steam"],"picked":"Chill+1","floor":19},{"not_picked":["Loop+1","Go for the Eyes"],"picked":"Redo+1","floor":21},{"not_picked":["Fission","Consume"],"picked":"Tempest+1","floor":24},{"not_picked":["Stack","Reprogram","Beam Cell"],"picked":"SKIP","floor":25},{"not_picked":["Rebound+1","Self Repair"],"picked":"Ball Lightning+1","floor":27},{"not_picked":["Cold Snap","Barrage","White Noise"],"picked":"SKIP","floor":29},{"not_picked":["Stack","Storm"],"picked":"Fusion+1","floor":31},{"not_picked":["Thunder Strike","Echo Form"],"picked":"Creative AI","floor":33},{"not_picked":["Coolheaded+1","Cold Snap","Hologram+1"],"picked":"SKIP","floor":35},{"not_picked":["Leap","Streamline+1"],"picked":"Double Energy","floor":36},{"not_picked":["Steam Power","Coolheaded"],"picked":"Defragment+1","floor":38},{"not_picked":["FTL","Darkness","Aggregate+1"],"picked":"SKIP","floor":39},{"not_picked":["Beam Cell","Coolheaded"],"picked":"Rebound","floor":41},{"not_picked":["Consume","Rip and Tear","Steam Power"],"picked":"SKIP","floor":45},{"not_picked":["Chaos","Barrage+1"],"picked":"Redo+1","floor":47},{"not_picked":["Static Discharge+1","Steam+1","Gash+1"],"picked":"SKIP","floor":48}],"player_experience":146847,"potions_floor_usage":[11,18,21,25,27,29,33,33,39,48,50,50,50],"damage_taken":[{"damage":7,"enemies":"2 Louse","floor":1,"turns":3},{"damage":0,"enemies":"Cultist","floor":5,"turns":3},{"damage":1,"enemies":"Small Slimes","floor":7,"turns":3},{"damage":6,"enemies":"3 Sentries","floor":8,"turns":5},{"damage":5,"enemies":"Exordium Wildlife","floor":11,"turns":3},{"damage":0,"enemies":"2 Fungi Beasts","floor":12,"turns":2},{"damage":9,"enemies":"3 Louse","floor":14,"turns":3},{"damage":31,"enemies":"The Guardian","floor":16,"turns":9},{"damage":27,"enemies":"Spheric Guardian","floor":18,"turns":4},{"damage":10,"enemies":"Chosen","floor":19,"turns":3},{"damage":16,"enemies":"Snecko","floor":21,"turns":4},{"damage":16,"enemies":"Book of Stabbing","floor":24,"turns":4},{"damage":51,"enemies":"Slaver and Parasite","floor":25,"turns":7},{"damage":12,"enemies":"Centurion and Healer","floor":27,"turns":3},{"damage":10,"enemies":"Sentry and Sphere","floor":29,"turns":4},{"damage":33,"enemies":"Slaver and Parasite","floor":31,"turns":4},{"damage":48,"enemies":"Collector","floor":33,"turns":10},{"damage":9,"enemies":"Orb Walker","floor":35,"turns":4},{"damage":14,"enemies":"3 Darklings","floor":36,"turns":5},{"damage":29,"enemies":"Sphere and 2 Shapes","floor":38,"turns":5},{"damage":58,"enemies":"Maw","floor":39,"turns":6},{"damage":20,"enemies":"4 Shapes","floor":41,"turns":5},{"damage":29,"enemies":"Sphere and 2 Shapes","floor":45,"turns":5},{"damage":24,"enemies":"3 Darklings","floor":47,"turns":4},{"damage":28,"enemies":"Maw","floor":48,"turns":7},{"damage":118,"enemies":"Awakened One","floor":50,"turns":7}],"relics_obtained":[{"floor":8,"key":"Shovel"},{"floor":9,"key":"Old Coin"},{"floor":13,"key":"Peace Pipe"},{"floor":24,"key":"Mango"},{"floor":26,"key":"Orichalcum"},{"floor":42,"key":"Centennial Puzzle"},{"floor":43,"key":"Tiny Chest"}],"event_choices":[{"event_name":"Purifier","player_choice":"One Purge","floor":2,"damage_taken":0},{"event_name":"The Cleric","player_choice":"Card Removal","floor":3,"damage_taken":0},{"event_name":"Cursed Tome","player_choice":"Stopped","floor":22,"damage_taken":0}],"boss_relics":[{"not_picked":["Calling Bell","White Beast Statue"],"picked":"Runic Pyramid"},{"not_picked":["Cursed Key","Runic Dome"],"picked":"Nuclear Battery"}],"items_purged_floors":[20,30],"potions_floor_spawned":[7,11,12,16,19,24,27,31,33,38,41,45,47,48],"seed_played":"-1312769738663182679","killed_by":"Awakened One","ascension_level":0,"potions_obtained":[{"floor":7,"key":"Energy Potion"},{"floor":11,"key":"FearPotion"},{"floor":12,"key":"Ancient Potion"},{"floor":16,"key":"PowerPotion"},{"floor":19,"key":"AttackPotion"},{"floor":24,"key":"Fruit Juice"},{"floor":27,"key":"PowerPotion"},{"floor":31,"key":"Block Potion"},{"floor":33,"key":"FairyPotion"},{"floor":38,"key":"Dexterity Potion"},{"floor":41,"key":"Fire Potion"},{"floor":45,"key":"SteroidPotion"},{"floor":47,"key":"Regen Potion"},{"floor":48,"key":"Swift Potion"}],"is_trial":false}