{"gold_per_floor":[112,10,10,10,27,46,107,107,159,159,182,217,217,217,217,217],"floor_reached":16,"playtime":538,"items_purged":[],"score":216,"play_id":"cb54a922-934e-4be3-85fe-a9e47c140a38","local_time":"20180921084140","is_ascension_mode":true,"campfire_choices":[{"data":"Dualcast","floor":8.0,"key":"SMITH"},{"data":"Injury","floor":13.0,"key":"PURGE"},{"data":"Defragment","floor":15.0,"key":"SMITH"}],"neow_cost":"NONE","seed_source_timestamp":690457048382434,"circlet_count":0,"master_deck":["Strike_B","Strike_B","Strike_B","Defend_B","Defend_B","Defend_B","Defend_B","Zap","Dualcast+1","AscendersBane","Glacier","Capacitor","Cold Snap","Conserve Battery","Echo Form","Defragment+1"],"special_seed":0,"relics":["Cracked Core","Potion Belt","Tiny Chest","Boot","Golden Idol","Peace Pipe"],"potions_floor_usage":[16],"damage_taken":[{"damage":0.0,"enemies":"Cultist","floor":1.0,"turns":3.0},{"damage":1.0,"enemies":"Jaw Worm","floor":5.0,"turns":6.0},{"damage":0.0,"enemies":"2 Louse","floor":6.0,"turns":1.0},{"damage":5.0,"enemies":"3 Sentries","floor":7.0,"turns":4.0},{"damage":8.0,"enemies":"2 Fungi Beasts","floor":11.0,"turns":5.0},{"damage":13.0,"enemies":"Lagavulin","floor":12.0,"turns":7.0},{"damage":26,"enemies":"Slime Boss","floor":16,"turns":9}],"seed_played":"-2802008954203297361","potions_obtained":[{"floor":1.0,"key":"Swift Potion"},{"floor":7.0,"key":"Fire Potion"},{"floor":11.0,"key":"Dexterity Potion"}],"is_trial":false,"path_per_floor":["M","$","?","$","M","M","E","R","T","?","M","E","R","?","R"],"character_chosen":"DEFECT","items_purchased":["PowerPotion","Capacitor"],"campfire_rested":0,"item_purchase_floors":[2,2],"current_hp_per_floor":[64,64,64,64,63,63,58,58,58,58,50,37,37,30,30,4],"gold":217,"neow_bonus":"RANDOM_COMMON_RELIC","is_prod":false,"is_daily":false,"chose_seed":false,"campfire_upgraded":2,"win_rate":0,"timestamp":1537533700,"path_taken":["M","$","?","$","M","M","E","R","T","?","M","E","R","?","R","BOSS"],"build_version":"2018-09-20","purchased_purges":0,"victory":false,"max_hp_per_floor":[71,71,71,71,71,71,71,71,71,71,71,71,71,71,71,71],"card_choices":[{"not_picked":["Barrage","Turbo"],"picked":"Glacier","floor":1.0},{"not_picked":["Skim","Steam"],"picked":"Cold Snap","floor":5.0},{"not_picked":["Barrage","Gash"],"picked":"Conserve Battery","floor":6.0},{"not_picked":["Reprogram","Go for the Eyes"],"picked":"Echo Form","floor":7.0},{"not_picked":["Sweeping Beam","Scrape"],"picked":"Defragment","floor":11.0},{"not_picked":["Sweeping Beam","Darkness","Static Discharge"],"picked":"SKIP","floor":12.0}],"player_experience":868499,"relics_obtained":[{"floor":7.0,"key":"Tiny Chest"},{"floor":9.0,"key":"Boot"},{"floor":12.0,"key":"Peace Pipe"}],"event_choices":[{"event_name":"The Cleric","player_choice":"Leave","floor":3.0,"damage_taken":0.0},{"event_name":"Golden Idol","player_choice":"Take Wound","floor":10.0,"damage_taken":0.0},{"event_name":"Golden Wing","player_choice":"Card Removal","floor":14.0,"damage_taken":0.0}],"is_beta":false,"boss_relics":[],"items_purged_floors":[],"is_endless":false,"potions_floor_spawned":[1,7,11],"killed_by":"Slime Boss","ascension_level":20}