{"gold_per_floor":[119,119,119,136,136,168,133,148,224,241,241,241,276,351,351,351],"floor_reached":16,"playtime":396,"items_purged":[],"score":266,"play_id":"48804c6c-7033-4b6c-9b65-603c8e82bb05","local_time":"20180922103200","is_ascension_mode":true,"campfire_choices":[{"data":"Melter","floor":12,"key":"SMITH"},{"data":"Buffer","floor":15,"key":"SMITH"}],"neow_cost":"NONE","seed_source_timestamp":783722878961306,"circlet_count":0,"master_deck":["Strike_B","Strike_B","Defend_B","Defend_B","Defend_B","Defend_B","Zap","Dualcast","AscendersBane","Self Repair","Melter+1","Cold Snap","Go for the Eyes","Buffer+1"],"special_seed":0,"relics":["Cracked Core","NeowsBlessing","Happy Flower","Question Card","Pantograph","Lantern","Letter Opener"],"potions_floor_usage":[13],"damage_taken":[{"damage":0,"enemies":"2 Louse","floor":1,"turns":1},{"damage":0,"enemies":"Jaw Worm","floor":4,"turns":1},{"damage":0,"enemies":"3 Sentries","floor":6,"turns":1},{"damage":0,"enemies":"Small Slimes","floor":8,"turns":4},{"damage":6,"enemies":"2 Fungi Beasts","floor":10,"turns":4},{"damage":8,"enemies":"Lagavulin","floor":13,"turns":7},{"damage":59,"enemies":"Slime Boss","floor":16,"turns":12}],"seed_played":"-2157243230731760803","potions_obtained":[{"floor":6,"key":"Weak Potion"},{"floor":8,"key":"Energy Potion"}],"is_trial":false,"path_per_floor":["M","?","?","M","?","E","?","M","T","M","?","R","E","?","R"],"character_chosen":"DEFECT","items_purchased":[],"campfire_rested":0,"item_purchase_floors":[],"current_hp_per_floor":[64,38,31,31,31,31,48,55,55,56,56,56,55,44,44,10],"gold":351,"neow_bonus":"THREE_ENEMY_KILL","is_prod":false,"is_daily":false,"chose_seed":false,"campfire_upgraded":2,"win_rate":0,"timestamp":1537626720,"path_taken":["M","?","?","M","?","E","?","?","T","M","?","R","E","?","R","BOSS"],"build_version":"2018-09-20","purchased_purges":0,"victory":false,"max_hp_per_floor":[71,71,71,71,71,71,71,71,71,71,71,71,71,71,71,71],"card_choices":[{"not_picked":["Beam Cell","Consume","Rebound"],"picked":"SKIP","floor":1},{"not_picked":["Rebound","Ball Lightning"],"picked":"Self Repair","floor":4},{"not_picked":["Leap","Sweeping Beam"],"picked":"Melter","floor":6},{"not_picked":["Sweeping Beam","Barrage","Conserve Battery"],"picked":"Cold Snap","floor":8},{"not_picked":["Scrape","Gash","Rip and Tear"],"picked":"Go for the Eyes","floor":10},{"not_picked":["Heatsinks","Consume","Chaos"],"picked":"Buffer","floor":13}],"player_experience":888866,"relics_obtained":[{"floor":6,"key":"Question Card"},{"floor":9,"key":"Pantograph"},{"floor":13,"key":"Letter Opener"}],"event_choices":[{"event_name":"Scrap Ooze","player_choice":"success","floor":2,"damage_taken":26},{"event_name":"Golden Wing","player_choice":"Card Removal","floor":3,"damage_taken":0},{"event_name":"Wheel of Change","player_choice":"Card Removal","floor":5,"damage_taken":0},{"event_name":"The Cleric","player_choice":"Healed","floor":7,"damage_taken":0},{"event_name":"Dead Adventurer","player_choice":"Searched \u00272\u0027 times","floor":11,"damage_taken":0},{"event_name":"World of Goop","player_choice":"Gather Gold","floor":14,"damage_taken":0}],"is_beta":false,"boss_relics":[],"items_purged_floors":[],"is_endless":false,"potions_floor_spawned":[6,8],"killed_by":"Slime Boss","ascension_level":20}