{"gold_per_floor":[109,79,95,115,115,115,127,127,127,146,158,174,193,268,268,367,367,385,385,385,396,413,413,413],"floor_reached":24,"playtime":1012,"items_purged":[],"score":192,"play_id":"7abb1d23-34e9-4eec-82fe-c38f95c2d74b","local_time":"20190221032522","is_ascension_mode":false,"campfire_choices":[{"floor":6,"key":"RECALL"},{"data":"Noxious Fumes","floor":8,"key":"SMITH"},{"floor":15,"key":"REST"},{"floor":23,"key":"REST"}],"neow_cost":"NONE","seed_source_timestamp":40989983187027,"circlet_count":0,"master_deck":["Defend_G","Defend_G","Defend_G","Defend_G","Defend_G","Strike_G","Strike_G","Strike_G","Strike_G","Survivor","Neutralize","Backstab","Noxious Fumes+1","Poisoned Stab","Deadly Poison","Sucker Punch","Corpse Explosion","Accuracy"],"relics":["Ring of the Snake","Lantern","WristBlade"],"potions_floor_usage":[4,7,11,16,21],"damage_taken":[{"damage":1,"enemies":"Jaw Worm","floor":1,"turns":7},{"damage":0,"enemies":"Cultist","floor":3,"turns":4},{"damage":0,"enemies":"2 Louse","floor":4,"turns":2},{"damage":12,"enemies":"Exordium Thugs","floor":7,"turns":6},{"damage":0,"enemies":"3 Louse","floor":10,"turns":3},{"damage":4,"enemies":"Gremlin Gang","floor":11,"turns":6},{"damage":2,"enemies":"Looter","floor":12,"turns":3},{"damage":4,"enemies":"Exordium Thugs","floor":13,"turns":3},{"damage":30,"enemies":"Slime Boss","floor":16,"turns":11},{"damage":6,"enemies":"Chosen","floor":18,"turns":3},{"damage":11,"enemies":"Shell Parasite","floor":21,"turns":4},{"damage":42,"enemies":"Shelled Parasite and Fungi","floor":22,"turns":8},{"damage":39,"enemies":"Gremlin Leader","floor":24,"turns":4}],"seed_played":"-9053220484044191807","potions_obtained":[{"floor":1,"key":"AttackPotion"},{"floor":2,"key":"SkillPotion"},{"floor":2,"key":"FairyPotion"},{"floor":7,"key":"AttackPotion"},{"floor":11,"key":"Block Potion"},{"floor":18,"key":"Weak Potion"}],"is_trial":false,"path_per_floor":["M","?","M","M","$","R","M","R","T","M","M","M","M","?","R","B",null,"M","?","?","M","M","R","E"],"character_chosen":"THE_SILENT","items_purchased":[],"campfire_rested":2,"item_purchase_floors":[],"current_hp_per_floor":[69,69,69,69,69,69,57,57,57,57,53,51,47,40,61,31,70,64,51,51,40,7,29,0],"gold":413,"neow_bonus":"RANDOM_COMMON_RELIC","is_prod":false,"is_daily":false,"chose_seed":false,"campfire_upgraded":1,"win_rate":0,"timestamp":1550748322,"path_taken":["M","?","?","M","$","R","M","R","T","?","M","M","M","?","R","BOSS","M","?","?","?","M","R","E"],"build_version":"2019-01-23","purchased_purges":0,"victory":false,"max_hp_per_floor":[70,70,70,70,70,70,70,70,70,70,70,70,70,70,70,70,70,70,75,75,75,75,75,75],"card_choices":[{"not_picked":["Accuracy","Deadly Poison"],"picked":"Backstab","floor":1},{"not_picked":["Flying Knee","Predator"],"picked":"Noxious Fumes","floor":3},{"not_picked":["Choke","Slice","Underhanded Strike"],"picked":"SKIP","floor":4},{"not_picked":["PiercingWail","Blade Dance"],"picked":"Poisoned Stab","floor":7},{"not_picked":["Masterful Stab","Tactician","Cloak And Dagger"],"picked":"SKIP","floor":10},{"not_picked":["Finisher","Accuracy","Reflex"],"picked":"SKIP","floor":11},{"not_picked":["Bane","Outmaneuver"],"picked":"Deadly Poison","floor":12},{"not_picked":["Flechettes","Tactician"],"picked":"Sucker Punch","floor":13},{"not_picked":["Doppelganger","Storm of Steel"],"picked":"Corpse Explosion","floor":16},{"not_picked":["Underhanded Strike+1","Concentrate","All Out Attack"],"picked":"SKIP","floor":18},{"not_picked":["Prepared+1","Sucker Punch"],"picked":"Accuracy","floor":21},{"not_picked":["Setup","Blur","Quick Slash"],"picked":"SKIP","floor":22}],"player_experience":255553,"relics_obtained":[],"event_choices":[{"damage_healed":0,"gold_gain":0,"player_choice":"Bought 2 Potions","damage_taken":0,"max_hp_gain":0,"max_hp_loss":0,"event_name":"The Woman in Blue","floor":2,"gold_loss":0},{"damage_healed":0,"gold_gain":75,"player_choice":"Touch","damage_taken":7,"max_hp_gain":0,"max_hp_loss":0,"event_name":"FaceTrader","floor":14,"gold_loss":0},{"damage_healed":0,"gold_gain":0,"player_choice":"Shed Blood","damage_taken":18,"max_hp_gain":5,"max_hp_loss":0,"event_name":"Forgotten Altar","floor":19,"gold_loss":0},{"cards_removed":["Strike_G"],"damage_healed":0,"gold_gain":0,"player_choice":"Offered Basic","damage_taken":0,"max_hp_gain":0,"max_hp_loss":0,"event_name":"Bonfire Elementals","floor":20,"gold_loss":0}],"is_beta":false,"boss_relics":[{"not_picked":["Ectoplasm","Velvet Choker"],"picked":"WristBlade"}],"items_purged_floors":[],"is_endless":false,"potions_floor_spawned":[1,7,11,18],"killed_by":"Gremlin Leader","ascension_level":0}