{"gold_per_floor":[117,130,130,130,148,218,252,252,252,38,38,51,65,215,215,215],"floor_reached":16,"playtime":621,"items_purged":[],"score":200,"play_id":"2c40fd65-b417-497b-bd29-fcb8677361ce","local_time":"20190317121601","is_ascension_mode":true,"campfire_choices":[{"data":"Wraith Form v2","floor":8,"key":"SMITH"},{"data":"Caltrops","floor":15,"key":"SMITH"}],"neow_cost":"NONE","seed_source_timestamp":373793847962602,"circlet_count":0,"master_deck":["AscendersBane","Defend_G","Defend_G","Defend_G","Defend_G","Defend_G","Strike_G","Strike_G+1","Strike_G","Strike_G+1","Strike_G","Survivor","Neutralize+1","Blur","PiercingWail","Blur","Wraith Form v2+1","Caltrops+1","Doubt"],"relics":["Ring of the Snake","Singing Bowl","Potion Belt","Thread and Needle","Lantern"],"potions_floor_usage":[5,7,7,13,16],"damage_taken":[{"damage":4,"enemies":"2 Louse","floor":1,"turns":5},{"damage":0,"enemies":"Small Slimes","floor":2,"turns":4},{"damage":6,"enemies":"Jaw Worm","floor":5,"turns":6},{"damage":14,"enemies":"3 Sentries","floor":7,"turns":16},{"damage":0,"enemies":"Blue Slaver","floor":12,"turns":5},{"damage":0,"enemies":"Large Slime","floor":13,"turns":7},{"damage":34,"enemies":"Slime Boss","floor":16,"turns":9}],"seed_played":"-5616382058815209543","potions_obtained":[{"floor":2,"key":"EntropicBrew"},{"floor":7,"key":"Ancient Potion"},{"floor":11,"key":"AttackPotion"},{"floor":11,"key":"SkillPotion"}],"is_trial":false,"path_per_floor":["M","M","?","?","M","T","E","R","T","$","?","M","M","?","R","B"],"character_chosen":"THE_SILENT","items_purchased":["Lantern","Caltrops"],"campfire_rested":0,"item_purchase_floors":[10,10],"current_hp_per_floor":[55,55,35,35,29,29,15,15,15,15,15,17,19,19,19,0],"gold":215,"neow_bonus":"UPGRADE_CARD","is_prod":false,"is_daily":false,"chose_seed":false,"campfire_upgraded":2,"win_rate":0,"timestamp":1552839361,"path_taken":["M","M","?","?","M","?","E","R","T","?","?","?","M","?","R","BOSS"],"build_version":"2019-03-15","purchased_purges":0,"victory":false,"max_hp_per_floor":[66,66,66,66,66,66,66,66,66,66,66,68,70,70,70,70],"card_choices":[{"not_picked":["Sucker Punch","Acrobatics"],"picked":"Blur","floor":1},{"not_picked":["Flying Knee","Outmaneuver"],"picked":"PiercingWail","floor":2},{"not_picked":["Distraction","Flying Knee"],"picked":"Blur","floor":5},{"not_picked":["Dagger Spray","Outmaneuver"],"picked":"Wraith Form v2","floor":7},{"not_picked":["Endless Agony","Underhanded Strike","Riddle With Holes"],"picked":"Singing Bowl","floor":12},{"not_picked":["Reflex","Flechettes","Infinite Blades"],"picked":"Singing Bowl","floor":13}],"player_experience":1121607,"relics_obtained":[{"floor":6,"key":"Singing Bowl"},{"floor":7,"key":"Potion Belt"},{"floor":9,"key":"Thread and Needle"}],"event_choices":[{"damage_healed":0,"gold_gain":0,"player_choice":"Entered Light","damage_taken":20,"max_hp_gain":0,"max_hp_loss":0,"event_name":"Shining Light","floor":3,"gold_loss":0,"cards_upgraded":["Strike_G","Strike_G"]},{"damage_healed":0,"gold_gain":0,"player_choice":"Ignored","damage_taken":0,"max_hp_gain":0,"max_hp_loss":0,"event_name":"Golden Wing","floor":4,"gold_loss":0},{"damage_healed":0,"gold_gain":0,"player_choice":"Got Potions","damage_taken":0,"max_hp_gain":0,"max_hp_loss":0,"event_name":"Lab","floor":11,"gold_loss":0},{"damage_healed":0,"gold_gain":150,"player_choice":"AGREE","damage_taken":0,"max_hp_gain":0,"max_hp_loss":0,"event_name":"Liars Game","floor":14,"gold_loss":0,"cards_obtained":["Doubt"]}],"is_beta":true,"boss_relics":[],"items_purged_floors":[],"is_endless":false,"potions_floor_spawned":[2,5,7],"killed_by":"Slime Boss","ascension_level":20}