{"path_per_floor":["M","M","M","M","?","R","E","M","T","E","R","M","M","M","R","B",null,"M","?","?","M","M","R","E","?","T","M","?","M"],"character_chosen":"IRONCLAD","items_purchased":[],"gold_per_floor":[118,130,142,152,152,152,190,210,234,273,273,287,306,319,319,449,449,463,463,463,482,502,502,535,535,559,575,575,589,589],"floor_reached":30,"campfire_rested":4,"playtime":1931,"current_hp_per_floor":[70,62,56,48,28,52,41,32,32,8,32,22,12,12,36,5,80,59,59,59,52,40,64,47,15,15,4,4,2,0],"items_purged":[],"gold":589,"score":266,"play_id":"538c23bb-3433-4644-b26c-b36eb528d242","local_time":"20180329044924","is_prod":false,"is_daily":false,"is_ascension_mode":false,"campfire_upgraded":0,"timestamp":1522324164,"path_taken":["M","M","?","M","?","R","E","M","T","E","R","M","M","M","R","BOSS","M","?","?","M","M","R","E","?","T","M","?","M","M"],"build_version":"2018-03-22v2","purchased_purges":0,"victory":false,"master_deck":["Strike_R+1","Strike_R+1","Strike_R+1","Strike_R+1","Strike_R+1","Defend_R+1","Defend_R+1","Defend_R+1","Defend_R+1","Bash","Uppercut","Headbutt","Iron Wave","Thunderclap","Iron Wave","Clothesline","Pommel Strike+1","Headbutt+1","Hemokinesis+1","Blood for Blood+1","Demon Form","Infernal Blade","Iron Wave+1","Fire Breathing","Cleave+1","Blind","Trip","Good Instincts","Heavy Blade+1","Sever Soul+1"],"max_hp_per_floor":[80,80,80,80,80,80,80,80,80,80,80,80,80,80,80,80,80,80,80,80,80,80,80,80,80,80,80,80,80,80],"relics":["White Beast Statue","Golden Idol","Juzu Bracelet","Bag of Marbles","Molten Egg 2","Snecko Eye","Letter Opener","Bronze Scales"],"card_choices":[{"not_picked":["Reckless Charge","Power Through"],"picked":"Uppercut","floor":1},{"not_picked":["True Grit","Shrug It Off"],"picked":"Headbutt","floor":2},{"not_picked":["Pummel","Impervious"],"picked":"Iron Wave","floor":3},{"not_picked":["Warcry","Clash"],"picked":"Thunderclap","floor":4},{"not_picked":["Thunderclap","Bloodletting"],"picked":"Iron Wave","floor":7},{"not_picked":["Twin Strike","Thunderclap"],"picked":"Clothesline","floor":8},{"not_picked":["Second Wind","Body Slam"],"picked":"Pommel Strike","floor":10},{"not_picked":["Power Through","Warcry"],"picked":"Headbutt","floor":12},{"not_picked":["Warcry","Burning Pact"],"picked":"Hemokinesis","floor":13},{"not_picked":["Thunderclap","Sword Boomerang"],"picked":"Blood for Blood","floor":14},{"not_picked":["Dark Embrace","Reaper"],"picked":"Demon Form","floor":16},{"not_picked":["Sword Boomerang","Combust"],"picked":"Infernal Blade","floor":18},{"not_picked":["Thunderclap","Headbutt"],"picked":"Iron Wave","floor":21},{"not_picked":["Perfected Strike","True Grit"],"picked":"Fire Breathing","floor":22},{"not_picked":["Armaments","Flex"],"picked":"Cleave","floor":24},{"not_picked":["Clash","Metallicize"],"picked":"Heavy Blade","floor":27},{"not_picked":["Cleave","Spot Weakness"],"picked":"Sever Soul","floor":29}],"player_experience":11509,"potions_floor_usage":[3,7,8,10,10,12,14,16,16,16,18,22,27,29,29,29,30],"damage_taken":[{"damage":10,"enemies":"Cultist","floor":1,"turns":4},{"damage":8,"enemies":"Small Slimes","floor":2,"turns":3},{"damage":6,"enemies":"Jaw Worm","floor":3,"turns":3},{"damage":8,"enemies":"Large Slime","floor":4,"turns":6},{"damage":11,"enemies":"Gremlin Nob","floor":7,"turns":5},{"damage":9,"enemies":"2 Fungi Beasts","floor":8,"turns":2},{"damage":24,"enemies":"Lagavulin","floor":10,"turns":8},{"damage":10,"enemies":"Looter","floor":12,"turns":2},{"damage":10,"enemies":"Lots of Slimes","floor":13,"turns":2},{"damage":0,"enemies":"Blue Slaver","floor":14,"turns":3},{"damage":31,"enemies":"Slime Boss","floor":16,"turns":8},{"damage":21,"enemies":"Shell Parasite","floor":18,"turns":4},{"damage":7,"enemies":"2 Thieves","floor":21,"turns":2},{"damage":12,"enemies":"Slaver and Parasite","floor":22,"turns":3},{"damage":17,"enemies":"Gremlin Leader","floor":24,"turns":2},{"damage":11,"enemies":"Chosen and Byrds","floor":27,"turns":5},{"damage":2,"enemies":"Snecko","floor":29,"turns":3},{"damage":4,"enemies":"Snake Plant","floor":30,"turns":3}],"event_choices":[{"event_name":"Golden Idol","player_choice":"Take Damage","floor":5,"damage_taken":0},{"event_name":"Vampires","player_choice":"Ignored","floor":19,"damage_taken":0},{"event_name":"Back to Basics","player_choice":"Simplicity","floor":20,"damage_taken":0},{"event_name":"Knowing Skull","player_choice":"CARD CARD CARD ","floor":25,"damage_taken":0},{"event_name":"Drug Dealer","player_choice":"Ignored","floor":28,"damage_taken":0}],"boss_relics":[{"not_picked":["Question Card","Ectoplasm"],"picked":"Snecko Eye"}],"potions_floor_spawned":[1,2,3,4,7,8,10,12,13,14,16,18,21,22,24,27,29],"seed_played":"-4157850756808577370","killed_by":"Snake Plant","ascension_level":0,"is_trial":false}