{"gold_per_floor":[19,33,8,19,19,19,36,36,85,35,210,210,222,222,222,325,325,340,352,27,46,46],"floor_reached":22,"playtime":738,"items_purged":["Doubt"],"score":194,"play_id":"48e26a07-5f76-417d-9522-4426f3a072bc","local_time":"20190322021922","is_ascension_mode":true,"campfire_choices":[{"data":"Armaments","floor":6,"key":"SMITH"},{"data":"Thunderclap","floor":8,"key":"SMITH"},{"data":"Anger","floor":15,"key":"SMITH"}],"neow_cost":"NO_GOLD","seed_source_timestamp":123710485536385,"circlet_count":0,"master_deck":["Strike_R","Defend_R","Defend_R","Defend_R","Defend_R","Bash","Anger+1","Thunderclap+1","Armaments+1","Uppercut","Anger+1","Headbutt","Normality","Pummel","Feed","Second Wind+1","Hemokinesis+1","Wild Strike+1","Clash+1","Cleave","Thunderclap+1"],"relics":["Burning Blood","Champion Belt","Blood Vial","Astrolabe","Vajra"],"potions_floor_usage":[4,16,19,21],"damage_taken":[{"damage":2,"enemies":"Cultist","floor":1,"turns":4},{"damage":8,"enemies":"2 Louse","floor":2,"turns":3},{"damage":0,"enemies":"Small Slimes","floor":4,"turns":3},{"damage":25,"enemies":"Gremlin Gang","floor":7,"turns":5},{"damage":10,"enemies":"Blue Slaver","floor":13,"turns":4},{"damage":60,"enemies":"The Guardian","floor":16,"turns":10},{"damage":22,"enemies":"2 Thieves","floor":18,"turns":4},{"damage":33,"enemies":"3 Byrds","floor":19,"turns":5},{"damage":31,"enemies":"Centurion and Healer","floor":21,"turns":5},{"damage":27,"enemies":"Snecko","floor":22,"turns":3}],"seed_played":"459111367463452182","potions_obtained":[{"floor":2,"key":"EssenceOfSteel"},{"floor":7,"key":"LiquidBronze"},{"floor":18,"key":"Poison Potion"},{"floor":19,"key":"SkillPotion"}],"is_trial":false,"path_per_floor":["M","M","$","M","$","R","M","R","T","?","?","?","M","?","R","B",null,"M","M","$","M","M"],"character_chosen":"IRONCLAD","items_purchased":["Armaments","Vajra","SmokeBomb"],"campfire_rested":0,"item_purchase_floors":[3,20,20],"current_hp_per_floor":[80,78,78,80,80,80,61,61,61,61,61,61,59,59,59,7,80,67,45,45,22,0],"gold":46,"neow_bonus":"ONE_RARE_RELIC","is_prod":false,"is_daily":false,"chose_seed":false,"campfire_upgraded":3,"win_rate":0,"timestamp":1553246362,"path_taken":["M","M","$","M","$","R","M","R","T","?","?","?","?","?","R","BOSS","M","M","$","M","?"],"build_version":"2019-01-23","purchased_purges":1,"victory":false,"max_hp_per_floor":[80,80,80,80,80,80,80,80,80,80,80,80,80,80,80,80,80,83,86,86,86,86],"card_choices":[{"not_picked":["Body Slam","Headbutt"],"picked":"Anger","floor":1},{"not_picked":["Entrench","Havoc"],"picked":"Thunderclap","floor":2},{"not_picked":["Thunderclap","Anger"],"picked":"Uppercut","floor":4},{"not_picked":["Clothesline","Whirlwind"],"picked":"Anger","floor":7},{"not_picked":["Rage","Warcry","Sentinel"],"picked":"SKIP","floor":13},{"not_picked":["Juggernaut","Demon Form"],"picked":"Feed","floor":16},{"not_picked":["Iron Wave","Cleave"],"picked":"Clash+1","floor":18},{"not_picked":["Metallicize","Whirlwind+1"],"picked":"Cleave","floor":19},{"not_picked":["Feel No Pain","Clash"],"picked":"Thunderclap+1","floor":21}],"player_experience":380405,"relics_obtained":[{"floor":9,"key":"Blood Vial"}],"event_choices":[{"cards_removed":["Strike_R"],"damage_healed":0,"gold_gain":0,"player_choice":"Card Removal","damage_taken":0,"max_hp_gain":0,"max_hp_loss":0,"event_name":"The Cleric","floor":10,"gold_loss":50},{"damage_healed":0,"gold_gain":175,"player_choice":"AGREE","damage_taken":0,"max_hp_gain":0,"max_hp_loss":0,"event_name":"Liars Game","floor":11,"gold_loss":0,"cards_obtained":["Doubt"]},{"damage_healed":0,"gold_gain":0,"player_choice":"Forge","damage_taken":0,"max_hp_gain":0,"max_hp_loss":0,"event_name":"Accursed Blacksmith","floor":12,"gold_loss":0,"cards_upgraded":["Anger"]},{"damage_healed":0,"gold_gain":0,"player_choice":"3 cards matched","damage_taken":0,"max_hp_gain":0,"max_hp_loss":0,"event_name":"Match and Keep!","floor":14,"gold_loss":0,"cards_obtained":["Headbutt","Normality","Pummel"]}],"is_beta":false,"boss_relics":[{"not_picked":["Fusion Hammer","Tiny House"],"picked":"Astrolabe"}],"items_purged_floors":[20],"is_endless":false,"potions_floor_spawned":[2,7,18,19],"killed_by":"Snecko","ascension_level":2}