{"gold_per_floor":[115,115,125,137,157,157,174,124,170,184,208,243,243,259,259,360,360,373,323,336,117,216,216,226,257,283,283,283,283],"floor_reached":29,"playtime":1353,"items_purged":["Strike_B"],"score":306,"play_id":"45db4b14-1e8a-4737-a47d-d7ce9d48611c","local_time":"20190126004846","is_ascension_mode":true,"campfire_choices":[{"data":"Zap","floor":6,"key":"SMITH"},{"data":"Capacitor","floor":13,"key":"SMITH"},{"data":"Dualcast","floor":15,"key":"SMITH"},{"data":"Biased Cognition","floor":23,"key":"SMITH"},{"floor":27,"key":"REST"}],"neow_cost":"NONE","seed_source_timestamp":84584395887350,"circlet_count":0,"master_deck":["Strike_B","Defend_B","Defend_B","Defend_B","Defend_B","Zap+1","Dualcast+1","Ball Lightning","Capacitor+1","Reinforced Body","Cold Snap","Coolheaded","Scrape","Cold Snap","Rip and Tear","Biased Cognition+1","The Bomb+1","Machine Learning+1","Reinforced Body+1","Stack","Thunder Strike","Glacier+1"],"relics":["Cracked Core","Lantern","Vajra","Pantograph","Astrolabe","Bag of Preparation","DataDisk","Regal Pillow","Gambling Chip"],"potions_floor_usage":[12,16,16,16,25,25],"damage_taken":[{"damage":4,"enemies":"Small Slimes","floor":1,"turns":3},{"damage":1,"enemies":"Cultist","floor":3,"turns":4},{"damage":7,"enemies":"Jaw Worm","floor":4,"turns":3},{"damage":12,"enemies":"Exordium Thugs","floor":5,"turns":5},{"damage":6,"enemies":"Looter","floor":7,"turns":3},{"damage":5,"enemies":"Red Slaver","floor":10,"turns":3},{"damage":8,"enemies":"Gremlin Nob","floor":12,"turns":4},{"damage":1,"enemies":"3 Louse","floor":14,"turns":3},{"damage":21,"enemies":"Hexaghost","floor":16,"turns":9},{"damage":6,"enemies":"Chosen","floor":18,"turns":4},{"damage":14,"enemies":"Spheric Guardian","floor":20,"turns":6},{"damage":6,"enemies":"Centurion and Healer","floor":24,"turns":5},{"damage":31,"enemies":"Slavers","floor":25,"turns":5},{"damage":53,"enemies":"Gremlin Leader","floor":29,"turns":5}],"seed_played":"-1167924164549723948","potions_obtained":[{"floor":4,"key":"SkillPotion"},{"floor":7,"key":"SteroidPotion"},{"floor":10,"key":"Weak Potion"},{"floor":12,"key":"Dexterity Potion"},{"floor":16,"key":"Energy Potion"},{"floor":24,"key":"Explosive Potion"},{"floor":25,"key":"Dexterity Potion"}],"is_trial":false,"path_per_floor":["M","?","M","M","M","R","M","?","T","M","T","E","R","M","R","B",null,"M","?","M","$","?","R","M","E","T","R","T","E"],"character_chosen":"DEFECT","items_purchased":["Bag of Preparation"],"campfire_rested":1,"item_purchase_floors":[21],"current_hp_per_floor":[71,71,70,63,51,51,45,45,45,40,40,32,32,31,31,35,65,59,59,45,45,45,45,39,8,8,45,45,0],"gold":283,"neow_bonus":"RANDOM_COLORLESS","is_prod":false,"is_daily":false,"chose_seed":false,"campfire_upgraded":4,"win_rate":0,"timestamp":1548481726,"path_taken":["M","?","?","M","?","R","M","?","T","M","?","E","R","?","R","BOSS","M","?","?","$","?","R","M","E","T","R","?","E"],"build_version":"2019-01-23","purchased_purges":1,"victory":false,"max_hp_per_floor":[75,75,75,75,75,75,75,75,75,75,75,75,75,75,75,75,75,75,75,75,75,75,75,75,75,75,75,75,75],"card_choices":[{"not_picked":["Barrage","Fusion"],"picked":"Ball Lightning","floor":1},{"not_picked":["Double Energy","Streamline"],"picked":"Capacitor","floor":3},{"not_picked":["Streamline","Turbo"],"picked":"Reinforced Body","floor":4},{"not_picked":["Compile Driver","Chaos"],"picked":"Cold Snap","floor":5},{"not_picked":["Stack","Go for the Eyes"],"picked":"Coolheaded","floor":7},{"not_picked":["Darkness","Auto Shields"],"picked":"Scrape","floor":10},{"not_picked":["Rainbow","Streamline"],"picked":"Cold Snap","floor":12},{"not_picked":["Redo","Blizzard"],"picked":"Rip and Tear","floor":14},{"not_picked":["Fission","Creative AI"],"picked":"Biased Cognition","floor":16},{"not_picked":["Go for the Eyes","Ball Lightning"],"picked":"Stack","floor":18},{"not_picked":["Hologram","Rebound+1"],"picked":"Thunder Strike","floor":20},{"not_picked":["Aggregate+1","Rebound","Go for the Eyes"],"picked":"SKIP","floor":24},{"not_picked":["Amplify","Reinforced Body"],"picked":"Glacier+1","floor":25}],"player_experience":256421,"relics_obtained":[{"floor":9,"key":"Lantern"},{"floor":11,"key":"Vajra"},{"floor":12,"key":"Pantograph"},{"floor":25,"key":"DataDisk"},{"floor":26,"key":"Regal Pillow"},{"floor":28,"key":"Gambling Chip"}],"event_choices":[{"damage_healed":0,"gold_gain":0,"player_choice":"Cursed","damage_taken":0,"max_hp_gain":0,"max_hp_loss":0,"event_name":"Wheel of Change","floor":2,"gold_loss":0,"cards_obtained":["Decay"]},{"cards_removed":["Decay"],"damage_healed":0,"gold_gain":0,"player_choice":"Card Removal","damage_taken":0,"max_hp_gain":0,"max_hp_loss":0,"event_name":"The Cleric","floor":8,"gold_loss":50},{"damage_healed":0,"gold_gain":0,"player_choice":"Bet on Murderer","damage_taken":0,"max_hp_gain":0,"max_hp_loss":0,"event_name":"The Joust","floor":19,"gold_loss":50},{"damage_healed":0,"gold_gain":99,"player_choice":"Stole From Cult","damage_taken":0,"max_hp_gain":0,"max_hp_loss":0,"event_name":"Nest","floor":22,"gold_loss":0}],"is_beta":true,"boss_relics":[{"not_picked":["Runic Dome","Eternal Feather"],"picked":"Astrolabe"}],"items_purged_floors":[21],"is_endless":false,"potions_floor_spawned":[4,7,10,12,16,24,25],"killed_by":"Gremlin Leader","ascension_level":5}