{"gold_per_floor":[115,125,50,62,78,78,78,108,132,164,164,178,189,215,215,215],"floor_reached":16,"playtime":415,"items_purged":[],"score":274,"play_id":"626da986-1014-4209-a761-735e6205c371","local_time":"20181111163756","is_ascension_mode":true,"campfire_choices":[{"data":"Sunder","floor":6.0,"key":"SMITH"},{"data":"Go for the Eyes","floor":11,"key":"SMITH"},{"data":"Defragment","floor":15,"key":"SMITH"}],"neow_cost":"NONE","seed_source_timestamp":719226632742683,"circlet_count":0,"master_deck":["AscendersBane","Strike_B","Strike_B","Strike_B","Defend_B","Defend_B","Defend_B","Defend_B","Zap","Dualcast","Sunder+1","Genetic Algorithm","Steam","FTL","Ball Lightning","Go for the Eyes+1","Conserve Battery","Defragment+1"],"special_seed":0,"relics":["Cracked Core","Bag of Marbles","Art of War","Dream Catcher","DataDisk","Centennial Puzzle","Strawberry"],"potions_floor_usage":[10,16],"damage_taken":[{"damage":0.0,"enemies":"2 Louse","floor":1.0,"turns":2.0},{"damage":0.0,"enemies":"Small Slimes","floor":2.0,"turns":1.0},{"damage":0.0,"enemies":"Cultist","floor":4.0,"turns":2.0},{"damage":30.0,"enemies":"Exordium Thugs","floor":5.0,"turns":5.0},{"damage":14.0,"enemies":"3 Sentries","floor":8.0,"turns":7.0},{"damage":0,"enemies":"Gremlin Nob","floor":10,"turns":2},{"damage":7,"enemies":"Lots of Slimes","floor":12,"turns":2},{"damage":2,"enemies":"3 Louse","floor":13,"turns":2},{"damage":21,"enemies":"Hexaghost","floor":16,"turns":7}],"seed_played":"4886502354717409514","potions_obtained":[{"floor":1.0,"key":"SneckoOil"},{"floor":4.0,"key":"FearPotion"},{"floor":10,"key":"Energy Potion"},{"floor":13,"key":"FearPotion"}],"is_trial":false,"path_per_floor":["M","M","?","M","M","R","?","E","T","E","R","M","M","T","R","B"],"character_chosen":"DEFECT","items_purchased":[],"campfire_rested":0,"item_purchase_floors":[],"current_hp_per_floor":[64,64,64,64,34,34,34,20,20,20,20,13,11,18,18,0],"gold":215,"neow_bonus":"RANDOM_COMMON_RELIC","is_prod":false,"is_daily":false,"chose_seed":false,"campfire_upgraded":3,"win_rate":0,"timestamp":1541972276,"path_taken":["M","M","?","M","M","R","?","E","T","E","R","?","M","?","R","BOSS"],"build_version":"2018-11-08","purchased_purges":0,"victory":false,"max_hp_per_floor":[71,71,71,71,71,71,71,71,71,71,71,71,71,78,78,78],"card_choices":[{"not_picked":["Turbo","Conserve Battery"],"picked":"Sunder","floor":1.0},{"not_picked":["Steam","Cold Snap"],"picked":"Genetic Algorithm","floor":2.0},{"not_picked":["Lockon","Beam Cell"],"picked":"Steam","floor":4.0},{"not_picked":["Stack","Go for the Eyes"],"picked":"FTL","floor":5.0},{"not_picked":["Storm","Lockon"],"picked":"Ball Lightning","floor":8.0},{"not_picked":["Capacitor","Sweeping Beam"],"picked":"Go for the Eyes","floor":10},{"not_picked":["Aggregate","Beam Cell"],"picked":"Conserve Battery","floor":12},{"not_picked":["Compile Driver","Seek"],"picked":"Defragment","floor":13}],"player_experience":866928,"relics_obtained":[{"floor":8.0,"key":"Dream Catcher"},{"floor":9.0,"key":"DataDisk"},{"floor":10,"key":"Centennial Puzzle"},{"floor":14,"key":"Strawberry"}],"event_choices":[{"cards_removed":["Strike_B"],"damage_healed":0.0,"max_hp_gain":0.0,"max_hp_loss":0.0,"gold_gain":0.0,"event_name":"The Cleric","player_choice":"Card Removal","floor":3.0,"gold_loss":75.0,"damage_taken":0.0},{"damage_healed":0.0,"max_hp_gain":0.0,"max_hp_loss":0.0,"gold_gain":0.0,"event_name":"WeMeetAgain","player_choice":"Gave Potion","floor":7.0,"gold_loss":0.0,"damage_taken":0.0,"relics_obtained":["Art of War"]}],"is_beta":true,"boss_relics":[],"items_purged_floors":[],"is_endless":false,"potions_floor_spawned":[1,4,10,13],"killed_by":"Hexaghost","ascension_level":20}