{"gold_per_floor":[118,133,144,154,57,57,91,91,172,172,201,201,231,244,244,347,347,358,11,28,28,44,75,75,7,7,7,7,42,60,60,60,162,162,179,179,279,136,148,175,175,222,271,289,289,317,334,434,434,434,434,434,4,39,39],"floor_reached":55,"playtime":2735,"items_purged":["Strike_B","Strike_B"],"score":874,"play_id":"61f878f7-bea6-407b-a396-53f48e705106","local_time":"20181110153232","is_ascension_mode":true,"campfire_choices":[{"data":"Scrape","floor":6,"key":"SMITH"},{"floor":12,"key":"REST"},{"data":"Gash","floor":15,"key":"SMITH"},{"data":"FTL","floor":24,"key":"SMITH"},{"floor":28,"key":"REST"},{"floor":32,"key":"REST"},{"floor":41,"key":"RECALL"},{"floor":45,"key":"REST"},{"data":"Coolheaded","floor":49,"key":"SMITH"},{"data":"Strike_B","floor":52,"key":"PURGE"}],"neow_cost":"TEN_PERCENT_HP_LOSS","seed_source_timestamp":1133358824537,"circlet_count":0,"master_deck":["Strike_B","Defend_B","Defend_B","Defend_B","Defend_B","Dualcast","Coolheaded","Gash+1","Scrape+1","Rebound","Go for the Eyes","Coolheaded+1","Core Surge","Rebound","Go for the Eyes","Core Surge","Rebound","FTL+1","Chill","Gash","FTL","Gash","Steam","Genetic Algorithm+1","Go for the Eyes","Blizzard","FTL","Aggregate","All For One","Beam Cell+1","FTL","Reinforced Body+1","Sunder+1","Secret Weapon","Machine Learning"],"relics":["Cracked Core","Bird Faced Urn","Pocketwatch","Kunai","Vajra","Matryoshka","Orrery","Incense Burner","Happy Flower","Anchor","Letter Opener","Shuriken","Eternal Feather","Thread and Needle","Bronze Scales","Juzu Bracelet","Peace Pipe","Oddly Smooth Stone","Potion Belt","PreservedInsect","Bag of Preparation"],"potions_floor_usage":[11,13,23,33,47,47,54],"damage_taken":[{"damage":1,"enemies":"Cultist","floor":1,"turns":3},{"damage":3,"enemies":"Small Slimes","floor":2,"turns":3},{"damage":1,"enemies":"2 Louse","floor":3,"turns":3},{"damage":20,"enemies":"Lots of Slimes","floor":4,"turns":4},{"damage":6,"enemies":"Gremlin Nob","floor":7,"turns":4},{"damage":14,"enemies":"Lagavulin","floor":11,"turns":5},{"damage":7,"enemies":"3 Sentries","floor":13,"turns":4},{"damage":6,"enemies":"Red Slaver","floor":14,"turns":3},{"damage":23,"enemies":"The Guardian","floor":16,"turns":11},{"damage":23,"enemies":"2 Thieves","floor":18,"turns":3},{"damage":8,"enemies":"Spheric Guardian","floor":20,"turns":3},{"damage":0,"enemies":"Cultist and Chosen","floor":22,"turns":5},{"damage":21,"enemies":"Slavers","floor":23,"turns":6},{"damage":16,"enemies":"Book of Stabbing","floor":29,"turns":5},{"damage":11,"enemies":"Snake Plant","floor":30,"turns":3},{"damage":20,"enemies":"Champ","floor":33,"turns":9},{"damage":9,"enemies":"Orb Walker","floor":35,"turns":3},{"damage":17,"enemies":"Mind Bloom Boss Battle","floor":37,"turns":6},{"damage":9,"enemies":"3 Darklings","floor":39,"turns":4},{"damage":21,"enemies":"Nemesis","floor":40,"turns":5},{"damage":16,"enemies":"2 Orb Walkers","floor":42,"turns":5},{"damage":3,"enemies":"Spire Growth","floor":44,"turns":3},{"damage":1,"enemies":"Giant Head","floor":46,"turns":6},{"damage":14,"enemies":"Jaw Worm Horde","floor":47,"turns":3},{"damage":13,"enemies":"Time Eater","floor":50,"turns":5},{"damage":54,"enemies":"Shield and Spear","floor":54,"turns":5},{"damage":16,"enemies":"The Heart","floor":55,"turns":3}],"seed_played":"1112255733131204374","potions_obtained":[{"floor":3,"key":"Strength Potion"},{"floor":7,"key":"Explosive Potion"},{"floor":16,"key":"Dexterity Potion"},{"floor":29,"key":"FearPotion"},{"floor":30,"key":"Poison Potion"},{"floor":33,"key":"Strength Potion"},{"floor":37,"key":"Poison Potion"}],"is_trial":false,"path_per_floor":["M","M","M","M","$","R","E","?","T","?","E","R","E","M","R","B",null,"M","$","M","$","M","E","R","$","T","$","R","E","M","?","R","B",null,"M","?","?","$","M","E","R","?","T","M","R","E","M","?","R","B",null,"R","$","E","B"],"character_chosen":"DEFECT","items_purchased":["Go for the Eyes","Incense Burner","Gash","Blizzard","Bronze Scales","PreservedInsect","Secret Weapon"],"campfire_rested":4,"item_purchase_floors":[5,19,19,25,38,53,53],"current_hp_per_floor":[67,64,63,43,43,43,37,37,37,37,23,43,36,30,30,7,68,45,45,37,37,37,16,16,16,16,16,36,20,9,9,29,9,68,59,59,42,42,33,12,30,14,14,11,49,48,34,34,55,42,68,68,68,14,0],"gold":39,"neow_bonus":"ONE_RARE_RELIC","is_prod":false,"is_daily":false,"chose_seed":false,"campfire_upgraded":4,"win_rate":0,"timestamp":1541881952,"path_taken":["M","?","M","M","?","R","E","?","T","?","E","R","E","M","R","BOSS","M","$","M","$","?","E","R","?","T","$","R","E","M","?","R","BOSS","M","?","?","?","M","E","R","?","T","M","R","E","M","?","R","BOSS","R","$","E","BOSS"],"build_version":"2018-11-08","purchased_purges":2,"victory":false,"max_hp_per_floor":[68,68,68,68,68,68,68,68,68,68,68,68,68,68,68,68,68,68,68,68,68,68,68,68,68,68,68,68,68,68,68,68,68,68,68,68,68,68,68,68,68,68,68,68,68,68,68,68,68,68,68,68,68,68,68],"card_choices":[{"not_picked":["Hologram","Conserve Battery"],"picked":"Coolheaded","floor":1},{"not_picked":["Leap","Storm"],"picked":"Gash","floor":2},{"not_picked":["FTL","Rip and Tear"],"picked":"Scrape","floor":3},{"not_picked":["Leap","Coolheaded"],"picked":"Rebound","floor":4},{"not_picked":["Streamline","Rip and Tear"],"picked":"Coolheaded","floor":7},{"not_picked":["Coolheaded","Aggregate"],"picked":"Core Surge","floor":11},{"not_picked":["Turbo","Consume"],"picked":"Rebound","floor":13},{"not_picked":["Aggregate","Beam Cell"],"picked":"Go for the Eyes","floor":14},{"not_picked":["Rainbow","Echo Form"],"picked":"Core Surge","floor":16},{"not_picked":["Coolheaded","Steam"],"picked":"Rebound","floor":17},{"not_picked":["Steam Power","Stack"],"picked":"FTL","floor":17},{"not_picked":["Stack","Sweeping Beam"],"picked":"Chill","floor":17},{"not_picked":["Barrage","Sweeping Beam"],"picked":"Gash","floor":17},{"not_picked":["Sweeping Beam","Double Energy"],"picked":"FTL","floor":18},{"not_picked":["Heatsinks+1","Electrodynamics"],"picked":"Steam","floor":20},{"not_picked":["Cold Snap","Ball Lightning+1"],"picked":"Genetic Algorithm+1","floor":22},{"not_picked":["Rebound","Meteor Strike"],"picked":"Go for the Eyes","floor":23},{"not_picked":["Storm","Streamline"],"picked":"FTL","floor":29},{"not_picked":["Beam Cell","Compile Driver"],"picked":"Aggregate","floor":30},{"not_picked":["Amplify","Machine Learning"],"picked":"All For One","floor":33},{"not_picked":["Doom and Gloom+1","Fusion","Barrage"],"picked":"SKIP","floor":35},{"not_picked":["White Noise","Conserve Battery+1"],"picked":"Beam Cell+1","floor":37},{"not_picked":["Redo+1","Cold Snap"],"picked":"FTL","floor":39},{"not_picked":["Ball Lightning","Sweeping Beam+1","Static Discharge+1"],"picked":"SKIP","floor":40},{"not_picked":["Rebound+1","Coolheaded"],"picked":"Reinforced Body+1","floor":42},{"not_picked":["Streamline","Consume","Barrage+1"],"picked":"SKIP","floor":44},{"not_picked":["Fusion","Rainbow"],"picked":"Sunder+1","floor":46},{"not_picked":["Hello World+1","Streamline","Rebound"],"picked":"SKIP","floor":47},{"not_picked":["Rebound","Force Field"],"picked":"Machine Learning","floor":54}],"player_experience":124994,"relics_obtained":[{"floor":7,"key":"Pocketwatch"},{"floor":9,"key":"Kunai"},{"floor":11,"key":"Vajra"},{"floor":13,"key":"Matryoshka"},{"floor":23,"key":"Happy Flower"},{"floor":26,"key":"Anchor"},{"floor":26,"key":"Letter Opener"},{"floor":29,"key":"Shuriken"},{"floor":37,"key":"Thread and Needle"},{"floor":40,"key":"Juzu Bracelet"},{"floor":42,"key":"Peace Pipe"},{"floor":43,"key":"Oddly Smooth Stone"},{"floor":46,"key":"Potion Belt"},{"floor":54,"key":"Bag of Preparation"}],"event_choices":[{"damage_healed":0,"gold_gain":0,"player_choice":"Fled","damage_taken":0,"max_hp_gain":0,"max_hp_loss":0,"event_name":"Scrap Ooze","floor":8,"gold_loss":0},{"cards_removed":["Zap"],"damage_healed":0,"gold_gain":0,"player_choice":"Offered Basic","damage_taken":0,"max_hp_gain":0,"max_hp_loss":0,"event_name":"Bonfire Elementals","floor":10,"gold_loss":0},{"damage_healed":0,"gold_gain":0,"player_choice":"Ignored","damage_taken":0,"max_hp_gain":0,"max_hp_loss":0,"event_name":"Beggar","floor":31,"gold_loss":0},{"damage_healed":0,"gold_gain":0,"player_choice":"Ignored","damage_taken":0,"max_hp_gain":0,"max_hp_loss":0,"event_name":"Tomb of Lord Red Mask","floor":36,"gold_loss":0},{"damage_healed":0,"gold_gain":0,"player_choice":"Fight","damage_taken":0,"max_hp_gain":0,"max_hp_loss":0,"event_name":"MindBloom","floor":37,"gold_loss":0},{"damage_healed":0,"gold_gain":0,"player_choice":"Fight","damage_taken":0,"max_hp_gain":0,"max_hp_loss":0,"event_name":"Mysterious Sphere","floor":42,"gold_loss":0},{"damage_healed":0,"gold_gain":100,"player_choice":"Pray","damage_taken":0,"max_hp_gain":0,"max_hp_loss":0,"event_name":"Golden Shrine","floor":48,"gold_loss":0}],"is_beta":true,"boss_relics":[{"not_picked":["Sozu","Snecko Eye"],"picked":"Orrery"},{"not_picked":["Coffee Dripper","Inserter"],"picked":"Eternal Feather"}],"items_purged_floors":[5,53],"is_endless":false,"potions_floor_spawned":[3,7,16,29,30,33,37,44,46],"killed_by":"The Heart","ascension_level":1}