{"gold_per_floor":[110,110,128,128,33,63,77,77,77,88,105,116,116,116,116,212,212,223,223,273,287,287,287,287],"floor_reached":24,"playtime":536,"items_purged":[],"score":221,"play_id":"38b8aaf6-3c2b-49ae-a2ff-d2b68e61d522","local_time":"20190130040109","is_ascension_mode":false,"campfire_choices":[{"data":"Spot Weakness","floor":8,"key":"SMITH"},{"floor":13,"key":"REST"},{"floor":15,"key":"REST"},{"floor":23,"key":"REST"}],"neow_cost":"NONE","seed_source_timestamp":247773467542534,"circlet_count":0,"master_deck":["Strike_R","Strike_R","Strike_R","Strike_R","Defend_R+1","Defend_R","Defend_R","Defend_R+1","Bash","Spot Weakness+1","Heavy Blade","Limit Break","Spot Weakness+1"],"relics":["Black Blood","Shuriken","Pen Nib","War Paint","Vajra"],"potions_floor_usage":[10,12,18,18,24],"damage_taken":[{"damage":6,"enemies":"Cultist","floor":1,"turns":3},{"damage":4,"enemies":"Small Slimes","floor":3,"turns":4},{"damage":39,"enemies":"Lagavulin","floor":6,"turns":6},{"damage":11,"enemies":"Jaw Worm","floor":7,"turns":2},{"damage":9,"enemies":"Red Slaver","floor":10,"turns":2},{"damage":23,"enemies":"Exordium Wildlife","floor":11,"turns":4},{"damage":18,"enemies":"Exordium Thugs","floor":12,"turns":3},{"damage":75,"enemies":"Hexaghost","floor":16,"turns":9},{"damage":13,"enemies":"Shell Parasite","floor":18,"turns":3},{"damage":52,"enemies":"3 Byrds","floor":21,"turns":5},{"damage":59,"enemies":"Book of Stabbing","floor":24,"turns":4}],"seed_played":"1422228315971214566","potions_obtained":[{"floor":1,"key":"Swift Potion"},{"floor":3,"key":"Poison Potion"},{"floor":7,"key":"Weak Potion"},{"floor":11,"key":"SkillPotion"},{"floor":16,"key":"EssenceOfSteel"},{"floor":21,"key":"Strength Potion"}],"is_trial":false,"path_per_floor":["M","?","M","?","$","E","M","R","T","M","M","M","R","?","R","B",null,"M","?","T","M","?","R","E"],"character_chosen":"IRONCLAD","items_purchased":["Spot Weakness","Heavy Blade"],"campfire_rested":3,"item_purchase_floors":[5,5],"current_hp_per_floor":[88,93,93,93,93,60,55,55,55,52,35,23,50,50,77,8,93,90,72,72,30,30,59,0],"gold":287,"neow_bonus":"TEN_PERCENT_HP_BONUS","is_prod":false,"is_daily":false,"chose_seed":true,"campfire_upgraded":1,"win_rate":0,"timestamp":1548849669,"path_taken":["M","?","M","?","$","E","M","R","T","M","M","?","R","?","R","BOSS","M","?","?","?","?","R","E"],"build_version":"2019-01-23","purchased_purges":0,"victory":false,"max_hp_per_floor":[88,93,93,93,93,93,93,93,93,93,93,93,93,93,93,93,93,93,98,98,98,98,98,98],"card_choices":[{"not_picked":["Battle Trance","Body Slam","Carnage"],"picked":"SKIP","floor":1},{"not_picked":["Whirlwind","Combust","Bloodletting"],"picked":"SKIP","floor":3},{"not_picked":["Havoc","Anger","Clash"],"picked":"SKIP","floor":6},{"not_picked":["Sword Boomerang","Havoc","True Grit"],"picked":"SKIP","floor":7},{"not_picked":["Wild Strike","Pummel","Sword Boomerang"],"picked":"SKIP","floor":10},{"not_picked":["Havoc","Warcry","Wild Strike"],"picked":"SKIP","floor":11},{"not_picked":["Evolve","Burning Pact","Rage"],"picked":"SKIP","floor":12},{"not_picked":["Double Tap","Bludgeon"],"picked":"Limit Break","floor":16},{"not_picked":["Reckless Charge+1","Armaments","Feel No Pain"],"picked":"SKIP","floor":18},{"not_picked":["Blood for Blood","Wild Strike+1"],"picked":"Spot Weakness+1","floor":21}],"player_experience":224385,"relics_obtained":[{"floor":6,"key":"Shuriken"},{"floor":9,"key":"Pen Nib"},{"floor":20,"key":"War Paint"}],"event_choices":[{"damage_healed":0,"gold_gain":0,"player_choice":"Donut","damage_taken":0,"max_hp_gain":5,"max_hp_loss":0,"event_name":"Big Fish","floor":2,"gold_loss":0},{"damage_healed":0,"gold_gain":0,"player_choice":"0 cards matched","damage_taken":0,"max_hp_gain":0,"max_hp_loss":0,"event_name":"Match and Keep!","floor":4,"gold_loss":0,"cards_obtained":[]},{"cards_removed":["Strike_R"],"damage_healed":0,"gold_gain":0,"player_choice":"Offered Basic","damage_taken":0,"max_hp_gain":0,"max_hp_loss":0,"event_name":"Bonfire Elementals","floor":14,"gold_loss":0},{"damage_healed":0,"gold_gain":0,"player_choice":"Shed Blood","damage_taken":23,"max_hp_gain":5,"max_hp_loss":0,"event_name":"Forgotten Altar","floor":19,"gold_loss":0},{"damage_healed":0,"gold_gain":0,"player_choice":"Opened","damage_taken":0,"relics_obtained":["Vajra"],"max_hp_gain":0,"max_hp_loss":0,"event_name":"The Mausoleum","floor":22,"gold_loss":0}],"is_beta":false,"boss_relics":[{"not_picked":["Philosopher\u0027s Stone","Busted Crown"],"picked":"Black Blood"}],"items_purged_floors":[],"is_endless":false,"potions_floor_spawned":[1,3,7,11,16,21],"killed_by":"Book of Stabbing","ascension_level":0}