{"gold_per_floor":[118,268,268,193,193,193,210,210,210,210,29,29,54,65,65,137,137,147,147,147,158,158],"floor_reached":22,"playtime":685,"items_purged":[],"score":360,"play_id":"33234e60-efcc-42dc-93d9-e9f884907aff","local_time":"20181016125925","is_ascension_mode":true,"campfire_choices":[{"data":"Zap","floor":6,"key":"SMITH"},{"data":"Dualcast","floor":8,"key":"SMITH"},{"data":"Go for the Eyes","floor":10,"key":"SMITH"},{"data":"Hologram","floor":12,"key":"SMITH"},{"data":"All For One","floor":15,"key":"SMITH"}],"neow_cost":"NONE","seed_source_timestamp":411327620482217,"circlet_count":0,"master_deck":["Strike_B","Strike_B","Defend_B","Defend_B","Defend_B","Defend_B","Zap+1","Dualcast+1","AscendersBane","All For One","Hologram+1","Go for the Eyes+1","All For One+1","Barrage","Creative AI","Conserve Battery+1","Sweeping Beam"],"special_seed":0,"relics":["Cracked Core","Bottled Flame","Bag of Preparation","Potion Belt","White Beast Statue","MutagenicStrength"],"potions_floor_usage":[16],"damage_taken":[{"damage":2,"enemies":"Small Slimes","floor":1,"turns":3},{"damage":3,"enemies":"Cultist","floor":7,"turns":3},{"damage":7,"enemies":"Gremlin Nob","floor":13,"turns":3},{"damage":0,"enemies":"Jaw Worm","floor":14,"turns":2},{"damage":23,"enemies":"Slime Boss","floor":16,"turns":5},{"damage":24,"enemies":"3 Byrds","floor":18,"turns":6},{"damage":12,"enemies":"Shell Parasite","floor":21,"turns":5},{"damage":4,"enemies":"Cultist and Chosen","floor":22,"turns":3}],"seed_played":"1215384263014853558","potions_obtained":[{"floor":1,"key":"AttackPotion"},{"floor":14,"key":"Dexterity Potion"},{"floor":18,"key":"FairyPotion"},{"floor":21,"key":"Weak Potion"}],"is_trial":false,"path_per_floor":["M","?","?","?","?","R","M","R","T","R","$","R","E","M","R","B",null,"M","?","?","M"],"character_chosen":"DEFECT","items_purchased":["Bag of Preparation"],"campfire_rested":0,"item_purchase_floors":[11],"current_hp_per_floor":[62,62,62,62,55,55,52,52,52,52,52,52,45,45,45,22,59,35,15,15,3,7],"gold":158,"neow_bonus":"ONE_RANDOM_RARE_CARD","is_prod":false,"is_daily":false,"chose_seed":false,"campfire_upgraded":5,"win_rate":0,"timestamp":1539709165,"path_taken":["M","?","?","?","?","R","M","R","T","R","$","R","E","M","R","BOSS","M","?","?","M","M"],"build_version":"2018-10-11","purchased_purges":0,"victory":false,"max_hp_per_floor":[71,71,71,71,71,71,71,71,71,71,71,71,71,71,71,71,71,71,76,76,76,76],"card_choices":[{"not_picked":["Storm","Double Energy"],"picked":"Hologram","floor":1},{"not_picked":["Doom and Gloom","Steam Power"],"picked":"Go for the Eyes","floor":7},{"not_picked":["Glacier","Go for the Eyes"],"picked":"All For One","floor":13},{"not_picked":["Coolheaded","Go for the Eyes"],"picked":"Barrage","floor":14},{"not_picked":["Meteor Strike","Multi-Cast"],"picked":"Creative AI","floor":16},{"not_picked":["Beam Cell","Steam"],"picked":"Conserve Battery+1","floor":18},{"not_picked":["Storm","Blizzard+1"],"picked":"Sweeping Beam","floor":21}],"player_experience":969112,"relics_obtained":[{"floor":9,"key":"Bottled Flame"},{"floor":13,"key":"Potion Belt"}],"event_choices":[{"event_name":"Liars Game","player_choice":"agreed","floor":2,"damage_taken":0},{"event_name":"Living Wall","player_choice":"Forget","floor":3,"damage_taken":0},{"event_name":"The Cleric","player_choice":"Card Removal","floor":4,"damage_taken":0},{"event_name":"Golden Wing","player_choice":"Card Removal","floor":5,"damage_taken":0},{"event_name":"Forgotten Altar","player_choice":"Shed Blood","floor":19,"damage_taken":0},{"event_name":"Drug Dealer","player_choice":"Inject Mutagens","floor":20,"damage_taken":0}],"is_beta":false,"boss_relics":[{"not_picked":["Calling Bell","Orrery"],"picked":"White Beast Statue"}],"items_purged_floors":[],"is_endless":false,"potions_floor_spawned":[1,14,18,21],"killed_by":"Cultist and Chosen","ascension_level":20}