{"gold_per_floor":[119,119,137,154,166,166,192,117,117,66,66,66,100,111,111,190,190,208,158,172,186,206,206,216,105,105,139,239,239,239,44,44,119,119,137,137,33,78,96,96,130,130,130,22,22,33,47,47,47,47,47],"floor_reached":52,"playtime":3028,"items_purged":["Strike_B","Regret","Strike_B","Injury","Auto Shields+1","Normality"],"score":1766,"play_id":"8f2ac9b3-a0de-4d5f-80e9-287d858c8490","local_time":"20180922113517","is_ascension_mode":true,"campfire_choices":[{"data":"Loop","floor":6.0,"key":"SMITH"},{"floor":12.0,"key":"REST"},{"data":"Go for the Eyes","floor":15.0,"key":"SMITH"},{"data":"Dualcast","floor":23.0,"key":"SMITH"},{"floor":30.0,"key":"REST"},{"floor":32.0,"key":"REST"},{"floor":40.0,"key":"DIG"},{"floor":42.0,"key":"DIG"},{"floor":49,"key":"DIG"}],"neow_cost":"NONE","seed_source_timestamp":784142649917473,"circlet_count":0,"master_deck":["Dualcast+1","AscendersBane","Sunder+1","Go for the Eyes+1","Go for the Eyes+1","Loop+1","Ball Lightning","Cold Snap","Capacitor+1","Glacier+1","Fission+1","Stack+1","Conserve Battery+1","Skim+1","Coolheaded+1","Coolheaded+1","Loop+1","Coolheaded+1","Capacitor+1","Seek+1","Streamline","Coolheaded+1","Ball Lightning","Stack+1","Streamline","Leap+1","Stack+1","Conserve Battery+1","Chill+1","Barrage+1"],"special_seed":0,"relics":["Cracked Core","Bird Faced Urn","Cables","Toxic Egg 2","Smiling Mask","Frozen Egg 2","Cursed Key","Vajra","Potion Belt","Shovel","Letter Opener","Pandora\u0027s Box","Gambling Chip","Bronze Scales","Ice Cream","Boot","Meat on the Bone","Sundial"],"potions_floor_usage":[50,51,51],"damage_taken":[{"damage":0.0,"enemies":"2 Louse","floor":1.0,"turns":2.0},{"damage":4.0,"enemies":"Jaw Worm","floor":3.0,"turns":2.0},{"damage":0.0,"enemies":"Cultist","floor":4.0,"turns":2.0},{"damage":7.0,"enemies":"Lots of Slimes","floor":5.0,"turns":4.0},{"damage":15.0,"enemies":"3 Sentries","floor":7.0,"turns":5.0},{"damage":20.0,"enemies":"Lagavulin","floor":13.0,"turns":6.0},{"damage":10.0,"enemies":"3 Louse","floor":14.0,"turns":3.0},{"damage":11.0,"enemies":"The Guardian","floor":16.0,"turns":10.0},{"damage":21.0,"enemies":"2 Thieves","floor":18.0,"turns":4.0},{"damage":7.0,"enemies":"Chosen","floor":20.0,"turns":5.0},{"damage":1.0,"enemies":"Centurion and Healer","floor":21.0,"turns":9.0},{"damage":0.0,"enemies":"Sentry and Sphere","floor":22.0,"turns":10.0},{"damage":8.0,"enemies":"3 Cultists","floor":24.0,"turns":5.0},{"damage":6.0,"enemies":"Slavers","floor":27.0,"turns":6.0},{"damage":2.0,"enemies":"Colosseum Slavers","floor":28.0,"turns":5.0},{"damage":40.0,"enemies":"Colosseum Nobs","floor":28.0,"turns":6.0},{"damage":23.0,"enemies":"Collector","floor":33.0,"turns":17.0},{"damage":0.0,"enemies":"3 Shapes","floor":35.0,"turns":4.0},{"damage":2.0,"enemies":"Mysterious Sphere","floor":38.0,"turns":5.0},{"damage":15.0,"enemies":"3 Darklings","floor":39.0,"turns":6.0},{"damage":12.0,"enemies":"2 Orb Walkers","floor":41.0,"turns":6.0},{"damage":0.0,"enemies":"4 Shapes","floor":46.0,"turns":3.0},{"damage":0.0,"enemies":"Spire Growth","floor":47.0,"turns":8.0},{"damage":17,"enemies":"Donu and Deca","floor":50,"turns":10},{"damage":1,"enemies":"Time Eater","floor":51,"turns":36}],"seed_played":"-4337344510365048801","potions_obtained":[{"floor":1.0,"key":"SpeedPotion"},{"floor":13.0,"key":"Ancient Potion"},{"floor":14.0,"key":"LiquidBronze"},{"floor":16.0,"key":"AttackPotion"},{"floor":20.0,"key":"AttackPotion"},{"floor":24.0,"key":"AttackPotion"},{"floor":33.0,"key":"Poison Potion"},{"floor":35.0,"key":"SpeedPotion"},{"floor":41.0,"key":"FocusPotion"},{"floor":47,"key":"Strength Potion"}],"is_trial":false,"path_per_floor":["M","?","M","M","M","R","E","$","T","?","?","R","E","M","R","B",null,"M","$","M","M","M","R","M","$","T","E","?","?","R","$","R","B",null,"M","?","$","?","M","R","E","R","T","$","$","M","M","?","R","B","B"],"character_chosen":"DEFECT","items_purchased":["Coolheaded+1","Coolheaded+1","Capacitor+1","Leap+1","Weak Potion"],"campfire_rested":3,"item_purchase_floors":[25,31,31,37,44],"current_hp_per_floor":[64,64,60,60,53,53,38,38,38,38,38,59,41,35,35,28,60,43,43,40,43,47,47,43,43,43,41,7,7,28,28,49,34,62,70,70,70,70,58,58,52,52,52,52,52,58,66,66,66,54,61],"gold":47,"neow_bonus":"THREE_CARDS","is_prod":false,"is_daily":false,"chose_seed":false,"campfire_upgraded":3,"win_rate":0,"timestamp":1537630517,"path_taken":["M","?","M","M","M","R","E","$","T","?","?","R","E","M","R","BOSS","M","$","M","M","?","R","M","$","T","E","?","?","R","$","R","BOSS","M","?","$","?","M","R","E","R","T","$","?","?","?","?","R","BOSS","BOSS"],"build_version":"2018-09-20","purchased_purges":6,"victory":true,"max_hp_per_floor":[71,71,71,71,71,71,71,71,71,71,71,71,71,71,71,71,71,71,71,71,71,71,71,71,71,71,71,71,71,71,71,71,71,71,71,71,71,71,71,71,71,71,71,71,71,71,71,71,71,71,71],"card_choices":[{"not_picked":["Go for the Eyes","Lockon"],"picked":"Sunder","floor":0.0},{"not_picked":["Lockon","Turbo"],"picked":"Go for the Eyes","floor":1.0},{"not_picked":["Lockon","Compile Driver"],"picked":"Go for the Eyes","floor":3.0},{"not_picked":["Blizzard","Force Field"],"picked":"Loop","floor":4.0},{"not_picked":["Sweeping Beam","Compile Driver"],"picked":"Ball Lightning","floor":5.0},{"not_picked":["Steam","Go for the Eyes"],"picked":"Cold Snap","floor":7.0},{"not_picked":["Chaos+1","Barrage"],"picked":"Capacitor","floor":13.0},{"not_picked":["Self Repair+1","Sweeping Beam"],"picked":"Glacier+1","floor":14.0},{"not_picked":["Reboot+1","Creative AI+1"],"picked":"Fission+1","floor":16.0},{"not_picked":["Barrage","Streamline"],"picked":"Stack+1","floor":18.0},{"not_picked":["Ball Lightning","Auto Shields+1"],"picked":"Conserve Battery+1","floor":20.0},{"not_picked":["Go for the Eyes","Melter"],"picked":"Skim+1","floor":21.0},{"not_picked":["Steam+1","Darkness+1"],"picked":"Coolheaded+1","floor":22.0},{"not_picked":["Gash","Beam Cell","Steam+1"],"picked":"SKIP","floor":24.0},{"not_picked":["Double Energy+1","Barrage"],"picked":"Auto Shields+1","floor":27.0},{"not_picked":["Conserve Battery+1","Storm+1"],"picked":"Loop+1","floor":28.0},{"not_picked":["Creative AI+1","Fission+1"],"picked":"Seek+1","floor":33.0},{"not_picked":["Sweeping Beam","Storm+1","White Noise+1"],"picked":"SKIP","floor":35.0},{"not_picked":["Sweeping Beam","Doom and Gloom"],"picked":"Stack+1","floor":38.0},{"not_picked":["Storm+1","Gash","Static Discharge+1"],"picked":"SKIP","floor":39.0},{"not_picked":["Capacitor+1","BootSequence+1"],"picked":"Conserve Battery+1","floor":41.0},{"not_picked":["Echo Form+1","Heatsinks+1"],"picked":"Chill+1","floor":46.0},{"not_picked":["Aggregate+1","Loop+1"],"picked":"Barrage+1","floor":47}],"player_experience":889262,"relics_obtained":[{"floor":7.0,"key":"Bird Faced Urn"},{"floor":9.0,"key":"Cables"},{"floor":13.0,"key":"Frozen Egg 2"},{"floor":26.0,"key":"Vajra"},{"floor":27.0,"key":"Potion Belt"},{"floor":28.0,"key":"Shovel"},{"floor":28.0,"key":"Letter Opener"},{"floor":38.0,"key":"Gambling Chip"},{"floor":40.0,"key":"Bronze Scales"},{"floor":41.0,"key":"Ice Cream"},{"floor":42.0,"key":"Boot"},{"floor":43.0,"key":"Meat on the Bone"},{"floor":49,"key":"Sundial"}],"event_choices":[{"event_name":"Living Wall","player_choice":"Grow","floor":2.0,"damage_taken":0.0},{"event_name":"WeMeetAgain","player_choice":"Gold","floor":10.0,"damage_taken":0.0},{"event_name":"Big Fish","player_choice":"Box","floor":11.0,"damage_taken":0.0},{"event_name":"Colosseum","player_choice":"Fight","floor":28.0,"damage_taken":0.0},{"event_name":"Colosseum","player_choice":"Fought Nobs","floor":28.0,"damage_taken":0.0},{"event_name":"Upgrade Shrine","player_choice":"Upgraded","floor":29.0,"damage_taken":0.0},{"event_name":"Falling","player_choice":"Removed Skill","floor":36.0,"damage_taken":0.0},{"event_name":"Mysterious Sphere","player_choice":"Fight","floor":38.0,"damage_taken":0.0},{"event_name":"Purifier","player_choice":"One Purge","floor":48,"damage_taken":0}],"is_beta":false,"boss_relics":[{"not_picked":["Lizard Tail","Astrolabe"],"picked":"Cursed Key"},{"not_picked":["Eternal Feather","Snecko Eye"],"picked":"Pandora\u0027s Box"}],"items_purged_floors":[8,19,25,31,37,44],"is_endless":false,"potions_floor_spawned":[1,13,14,16,20,24,28,33,35,41,47],"ascension_level":20}