{"gold_per_floor":[116,6,25,38,54,54,16,47,74,74,107,107,124,138,138,240,240,255,40,40,139,139,139,167,167,167,167,121,139,173,183,183,183],"floor_reached":33,"playtime":1586,"items_purged":[],"score":406,"play_id":"7bc9888d-a0a5-4976-a31c-2d0f38420c85","local_time":"20190128030100","is_ascension_mode":true,"campfire_choices":[{"data":"Zap","floor":6,"key":"SMITH"},{"floor":10,"key":"REST"},{"data":"Darkness","floor":12,"key":"SMITH"},{"floor":15,"key":"REST"},{"floor":23,"key":"REST"},{"floor":27,"key":"REST"},{"floor":32,"key":"REST"}],"neow_cost":"NONE","seed_source_timestamp":5659701670385,"circlet_count":0,"master_deck":["Strike_B","Strike_B","Strike_B","Defend_B","Defend_B","Defend_B","Defend_B","Zap+1","Dualcast","Redo+1","Streamline","Genetic Algorithm+1","Defragment","Doom and Gloom+1","Stack","Rip and Tear+1","White Noise","Rainbow","Darkness+1","Conserve Battery","Defragment","Echo Form","Self Repair","Storm","Ghostly","Ghostly","Ghostly","Ghostly","Ghostly","Seek","Conserve Battery","Self Repair","Electrodynamics"],"relics":["Cracked Core","Centennial Puzzle","Blood Vial","Oddly Smooth Stone","Fusion Hammer","Lantern","Whetstone","Sundial","War Paint","Meat on the Bone"],"potions_floor_usage":[5,33],"damage_taken":[{"damage":1,"enemies":"2 Louse","floor":1,"turns":2},{"damage":6,"enemies":"Jaw Worm","floor":3,"turns":3},{"damage":6,"enemies":"Cultist","floor":4,"turns":3},{"damage":8,"enemies":"Large Slime","floor":5,"turns":6},{"damage":35,"enemies":"Lagavulin","floor":8,"turns":7},{"damage":20,"enemies":"3 Sentries","floor":11,"turns":7},{"damage":3,"enemies":"Red Slaver","floor":13,"turns":3},{"damage":4,"enemies":"2 Fungi Beasts","floor":14,"turns":2},{"damage":18,"enemies":"Hexaghost","floor":16,"turns":9},{"damage":18,"enemies":"2 Thieves","floor":18,"turns":4},{"damage":34,"enemies":"Slavers","floor":24,"turns":7},{"damage":0,"enemies":"3 Byrds","floor":29,"turns":4},{"damage":5,"enemies":"Gremlin Leader","floor":30,"turns":7},{"damage":11,"enemies":"Snecko","floor":31,"turns":5},{"damage":46,"enemies":"Champ","floor":33,"turns":11}],"seed_played":"4093880786626986484","potions_obtained":[{"floor":3,"key":"FairyPotion"},{"floor":4,"key":"EssenceOfSteel"},{"floor":11,"key":"Ancient Potion"},{"floor":13,"key":"Energy Potion"},{"floor":30,"key":"PowerPotion"}],"is_trial":false,"path_per_floor":["M","$","M","M","M","R","$","E","T","R","E","R","M","M","R","B",null,"M","$","?","?","?","R","E","T","T","R","$","M","E","M","R","B"],"character_chosen":"DEFECT","items_purchased":["Genetic Algorithm","Defragment","White Noise","Lantern","Storm","Conserve Battery"],"campfire_rested":5,"item_purchase_floors":[2,2,7,19,19,28],"current_hp_per_floor":[67,67,61,55,47,47,47,12,12,34,16,16,15,13,35,19,61,45,45,31,31,31,40,13,13,13,25,25,27,40,36,40,0],"gold":183,"neow_bonus":"TRANSFORM_CARD","is_prod":false,"is_daily":false,"chose_seed":false,"campfire_upgraded":2,"win_rate":0,"timestamp":1548662460,"path_taken":["M","$","M","M","M","R","$","E","T","R","E","R","M","M","R","BOSS","M","$","?","?","?","R","E","?","T","R","$","M","E","M","R","BOSS"],"build_version":"2019-01-23","purchased_purges":0,"victory":false,"max_hp_per_floor":[75,75,75,75,75,75,75,75,75,75,75,75,75,75,75,75,75,75,75,80,80,40,40,40,40,40,40,40,40,40,40,40,40],"card_choices":[{"not_picked":["Leap","Rebound"],"picked":"Streamline","floor":1},{"not_picked":["Compile Driver","Melter"],"picked":"Doom and Gloom","floor":3},{"not_picked":["Rip and Tear","Redo"],"picked":"Stack","floor":4},{"not_picked":["Blizzard","Rebound"],"picked":"Rip and Tear","floor":5},{"not_picked":["Barrage","Turbo"],"picked":"Rainbow","floor":8},{"not_picked":["Aggregate","Beam Cell"],"picked":"Darkness","floor":11},{"not_picked":["Coolheaded","Rebound"],"picked":"Conserve Battery","floor":13},{"not_picked":["Stack","Rebound"],"picked":"Defragment","floor":14},{"not_picked":["Machine Learning","Rainbow"],"picked":"Echo Form","floor":16},{"not_picked":["Coolheaded","Ball Lightning+1"],"picked":"Self Repair","floor":18},{"not_picked":["Tempest","Glacier+1"],"picked":"Seek","floor":24},{"not_picked":["Conserve Battery","Hologram"],"picked":"Self Repair","floor":29},{"not_picked":["Steam Power","Redo"],"picked":"Electrodynamics","floor":30},{"not_picked":["Blizzard","Coolheaded","BootSequence+1"],"picked":"SKIP","floor":31}],"player_experience":279262,"relics_obtained":[{"floor":8,"key":"Centennial Puzzle"},{"floor":9,"key":"Blood Vial"},{"floor":11,"key":"Oddly Smooth Stone"},{"floor":24,"key":"Whetstone"},{"floor":25,"key":"Sundial"},{"floor":26,"key":"War Paint"},{"floor":30,"key":"Meat on the Bone"}],"event_choices":[{"damage_healed":0,"gold_gain":0,"player_choice":"Shed Blood","damage_taken":19,"max_hp_gain":5,"max_hp_loss":0,"event_name":"Forgotten Altar","floor":20,"gold_loss":0},{"damage_healed":0,"gold_gain":99,"player_choice":"Stole From Cult","damage_taken":0,"max_hp_gain":0,"max_hp_loss":0,"event_name":"Nest","floor":21,"gold_loss":0},{"damage_healed":0,"gold_gain":0,"player_choice":"Became a Ghost","damage_taken":0,"max_hp_gain":0,"max_hp_loss":40,"event_name":"Ghosts","floor":22,"gold_loss":0,"cards_obtained":["Ghostly","Ghostly","Ghostly","Ghostly","Ghostly"]}],"is_beta":true,"boss_relics":[{"not_picked":["FrozenCore","Ectoplasm"],"picked":"Fusion Hammer"}],"items_purged_floors":[],"is_endless":false,"potions_floor_spawned":[3,4,11,13,30,31],"killed_by":"Champ","ascension_level":6}