{"gold_per_floor":[119,138,150,168,168,168,196,196,196,208,221,241,261,295,295,372,372,386,386],"floor_reached":19,"playtime":1470,"items_purged":[],"score":466,"play_id":"380768dc-2823-4f83-a4b4-ee74baea9c89","local_time":"20190322182401","is_ascension_mode":true,"campfire_choices":[{"data":"Corpse Explosion","floor":6.0,"key":"SMITH"},{"data":"Leg Sweep","floor":8.0,"key":"SMITH"},{"data":"Well Laid Plans","floor":15.0,"key":"SMITH"}],"neow_cost":"NONE","seed_source_timestamp":0,"circlet_count":0,"master_deck":["AscendersBane","Defend_G","Defend_G","Defend_G","Defend_G","Defend_G","Strike_G","Strike_G","Strike_G","Strike_G","Strike_G","Survivor","Neutralize","Cloak And Dagger","Well Laid Plans+1","Dagger Throw","Corpse Explosion+1","Decay","Leg Sweep+1","Deflect","Burst","Dodge and Roll","Footwork","Night Terror"],"special_seed":0,"relics":["Ring of the Snake","Matryoshka","Meat on the Bone","Mummified Hand","Gremlin Horn","White Beast Statue"],"potions_floor_usage":[18,19,19],"damage_taken":[{"damage":0.0,"enemies":"Jaw Worm","floor":1.0,"turns":5.0},{"damage":0.0,"enemies":"Cultist","floor":2.0,"turns":4.0},{"damage":2.0,"enemies":"2 Louse","floor":3.0,"turns":3.0},{"damage":6.0,"enemies":"Exordium Wildlife","floor":4.0,"turns":7.0},{"damage":31.0,"enemies":"Lagavulin","floor":7.0,"turns":6.0},{"damage":2.0,"enemies":"Blue Slaver","floor":10.0,"turns":6.0},{"damage":7.0,"enemies":"3 Louse","floor":11.0,"turns":3.0},{"damage":14.0,"enemies":"Exordium Thugs","floor":12.0,"turns":4.0},{"damage":16.0,"enemies":"Gremlin Gang","floor":13.0,"turns":4.0},{"damage":0.0,"enemies":"3 Sentries","floor":14.0,"turns":3.0},{"damage":3.0,"enemies":"The Guardian","floor":16.0,"turns":16.0},{"damage":7,"enemies":"2 Thieves","floor":18,"turns":4},{"damage":10,"enemies":"Colosseum Slavers","floor":19,"turns":8},{"damage":45,"enemies":"Colosseum Nobs","floor":19,"turns":4}],"seed_played":"1264649160599550643","potions_obtained":[{"floor":2.0,"key":"AttackPotion"},{"floor":11.0,"key":"Dexterity Potion"},{"floor":12.0,"key":"EntropicBrew"},{"floor":13.0,"key":"Dexterity Potion"},{"floor":16.0,"key":"GamblersBrew"},{"floor":18,"key":"Strength Potion"}],"is_trial":false,"path_per_floor":["M","M","M","M","?","R","E","R","T","M","M","M","M","E","R","B",null,"M","?"],"character_chosen":"THE_SILENT","items_purchased":[],"campfire_rested":0,"item_purchase_floors":[],"current_hp_per_floor":[65,65,63,57,57,57,26,26,26,36,41,39,35,47,47,44,65,58,3],"gold":386,"neow_bonus":"TEN_PERCENT_HP_BONUS","is_prod":false,"is_daily":false,"chose_seed":false,"campfire_upgraded":3,"win_rate":0,"timestamp":1553293441,"path_taken":["M","M","M","M","?","R","E","R","T","?","M","M","?","E","R","BOSS","M","?"],"build_version":"2019-03-15","purchased_purges":0,"victory":false,"max_hp_per_floor":[72,72,72,72,72,72,72,72,72,72,72,72,72,72,72,72,72,72,72],"card_choices":[{"not_picked":["Setup","Dodge and Roll"],"picked":"Cloak And Dagger","floor":1.0},{"not_picked":["Riddle With Holes","Dagger Spray"],"picked":"Well Laid Plans","floor":2.0},{"not_picked":["Well Laid Plans","Quick Slash"],"picked":"Dagger Throw","floor":3.0},{"not_picked":["Calculated Gamble","Deadly Poison"],"picked":"Corpse Explosion","floor":4.0},{"not_picked":["Quick Slash","Dagger Throw"],"picked":"Leg Sweep","floor":7.0},{"not_picked":["Acrobatics","Bane"],"picked":"Deflect","floor":10.0},{"not_picked":["Dagger Spray","Dodge and Roll","Flying Knee"],"picked":"SKIP","floor":11.0},{"not_picked":["Poisoned Stab","Leg Sweep"],"picked":"Burst","floor":12.0},{"not_picked":["Prepared","Riddle With Holes"],"picked":"Dodge and Roll","floor":13.0},{"not_picked":["Heel Hook","Flying Knee"],"picked":"Footwork","floor":14.0},{"not_picked":["Corpse Explosion","A Thousand Cuts"],"picked":"Night Terror","floor":16.0},{"not_picked":["Outmaneuver","Blade Dance+1","Slice"],"picked":"SKIP","floor":18}],"player_experience":1184890,"relics_obtained":[{"floor":7.0,"key":"Matryoshka"},{"floor":9.0,"key":"Meat on the Bone"},{"floor":9.0,"key":"Mummified Hand"},{"floor":14.0,"key":"Gremlin Horn"}],"event_choices":[{"damage_healed":0.0,"max_hp_gain":0.0,"max_hp_loss":0.0,"gold_gain":0.0,"event_name":"Wheel of Change","player_choice":"Cursed","floor":5.0,"gold_loss":0.0,"damage_taken":0.0,"cards_obtained":["Decay"]},{"damage_healed":0,"gold_gain":0,"player_choice":"Fight","damage_taken":0,"max_hp_gain":0,"max_hp_loss":0,"event_name":"Colosseum","floor":19,"gold_loss":0},{"damage_healed":0,"gold_gain":0,"player_choice":"Fought Nobs","damage_taken":0,"max_hp_gain":0,"max_hp_loss":0,"event_name":"Colosseum","floor":19,"gold_loss":0}],"is_beta":true,"boss_relics":[{"not_picked":["Tiny House","HoveringKite"],"picked":"White Beast Statue"}],"items_purged_floors":[],"is_endless":false,"potions_floor_spawned":[2,11,12,13,16,18,19],"killed_by":"Colosseum Nobs","ascension_level":20}