{"gold_per_floor":[115,40,40,215,215,249,249,273,327,352,352,372,385,385,385,385],"floor_reached":16,"playtime":419,"items_purged":[],"score":124,"play_id":"30212694-1596-4690-860e-b274492b9146","local_time":"20190120174112","is_ascension_mode":true,"campfire_choices":[{"data":"Zap","floor":7,"key":"SMITH"},{"floor":11,"key":"REST"},{"floor":15,"key":"REST"}],"neow_cost":"CURSE","seed_source_timestamp":4908088324166,"circlet_count":0,"master_deck":["Strike_B","Strike_B","Strike_B","Strike_B","Defend_B","Defend_B","Defend_B","Defend_B","Zap+1","Dualcast","Parasite","Streamline","Capacitor","Gash","Conserve Battery","Steam","Capacitor+1","Gash"],"relics":["Cracked Core","Unceasing Top","Golden Idol","Dodecahedron","Frozen Egg 2","Centennial Puzzle","Spirit Poop"],"potions_floor_usage":[12,13,16],"damage_taken":[{"damage":0,"enemies":"2 Louse","floor":1,"turns":1},{"damage":47,"enemies":"Gremlin Nob","floor":6,"turns":5},{"damage":9,"enemies":"Jaw Worm","floor":8,"turns":3},{"damage":11,"enemies":"Cultist","floor":10,"turns":4},{"damage":6,"enemies":"Looter","floor":12,"turns":3},{"damage":4,"enemies":"Red Slaver","floor":13,"turns":4},{"damage":33,"enemies":"Hexaghost","floor":16,"turns":9}],"seed_played":"-8779972096472974806","potions_obtained":[{"floor":10,"key":"PowerPotion"},{"floor":12,"key":"PowerPotion"},{"floor":13,"key":"FearPotion"}],"is_trial":false,"path_per_floor":["M","$","?","?","T","E","R","M","T","M","R","M","M","?","R","B"],"character_chosen":"DEFECT","items_purchased":["Capacitor"],"campfire_rested":2,"item_purchase_floors":[2],"current_hp_per_floor":[75,75,69,69,69,22,22,13,13,2,22,16,12,12,32,0],"gold":385,"neow_bonus":"ONE_RARE_RELIC","is_prod":false,"is_daily":false,"chose_seed":false,"campfire_upgraded":1,"win_rate":0,"timestamp":1548024072,"path_taken":["M","$","?","?","?","E","R","M","T","M","R","M","?","?","R","BOSS"],"build_version":"2019-01-19","purchased_purges":0,"victory":false,"max_hp_per_floor":[75,75,69,69,69,69,69,69,69,69,69,69,69,69,69,69],"card_choices":[{"not_picked":["Coolheaded","Sweeping Beam"],"picked":"Streamline","floor":1},{"not_picked":["Undo","Barrage"],"picked":"Gash","floor":6},{"not_picked":["Loop+1","Ball Lightning"],"picked":"Conserve Battery","floor":8},{"not_picked":["Stack","Chaos"],"picked":"Steam","floor":10},{"not_picked":["Compile Driver","Reboot"],"picked":"Capacitor+1","floor":12},{"not_picked":["Ball Lightning","Go for the Eyes"],"picked":"Gash","floor":13}],"player_experience":234672,"relics_obtained":[{"floor":5,"key":"Dodecahedron"},{"floor":6,"key":"Frozen Egg 2"},{"floor":9,"key":"Centennial Puzzle"}],"event_choices":[{"damage_healed":0,"gold_gain":0,"player_choice":"Lose Max HP","damage_taken":0,"relics_obtained":["Golden Idol"],"max_hp_gain":0,"max_hp_loss":6,"event_name":"Golden Idol","floor":3,"gold_loss":0},{"damage_healed":0,"gold_gain":175,"player_choice":"AGREE","damage_taken":0,"max_hp_gain":0,"max_hp_loss":0,"event_name":"Liars Game","floor":4,"gold_loss":0,"cards_obtained":["Doubt"]},{"cards_removed":["Doubt"],"damage_healed":0,"gold_gain":0,"player_choice":"Offered Curse","damage_taken":0,"relics_obtained":["Spirit Poop"],"max_hp_gain":0,"max_hp_loss":0,"event_name":"Bonfire Elementals","floor":14,"gold_loss":0}],"is_beta":true,"boss_relics":[],"items_purged_floors":[],"is_endless":false,"potions_floor_spawned":[10,12,13],"killed_by":"Hexaghost","ascension_level":5}