{"gold_per_floor":[218,143,163,163,177,209,209,209,254,273,273,60,90,240,240,313,313,323,342,342,360,360,360,374,324,324,274,274,274,292,315,315,315],"floor_reached":33,"playtime":1521,"items_purged":["Strike_R","Doubt","Writhe"],"score":506,"play_id":"92c393db-ca30-475f-ba4c-3184e878d899","local_time":"20190322095116","is_ascension_mode":true,"campfire_choices":[{"data":"Inflame","floor":7,"key":"SMITH"},{"data":"Cleave","floor":11,"key":"SMITH"},{"data":"Bash","floor":15,"key":"SMITH"},{"data":"True Grit","floor":23,"key":"SMITH"},{"floor":29,"key":"REST"},{"data":"Dual Wield","floor":32,"key":"SMITH"}],"neow_cost":"NONE","seed_source_timestamp":345014133704,"circlet_count":0,"master_deck":["AscendersBane","Strike_R","Strike_R","Strike_R","Defend_R","Defend_R","Defend_R","Defend_R","Bash+1","Thunderclap","Inflame+1","Twin Strike","Cleave+1","Anger","Impervious","Dual Wield+1","True Grit+1","Bludgeon"],"relics":["Black Blood","Smiling Mask","Juzu Bracelet","Ornamental Fan","Potion Belt","Bag of Marbles","Nunchaku","Pen Nib","Darkstone Periapt","CultistMask","Omamori"],"potions_floor_usage":[10,13,21,24,24,33,33],"damage_taken":[{"damage":1,"enemies":"Cultist","floor":1,"turns":3},{"damage":4,"enemies":"Small Slimes","floor":3,"turns":3},{"damage":11,"enemies":"Jaw Worm","floor":5,"turns":5},{"damage":32,"enemies":"Gremlin Nob","floor":6,"turns":4},{"damage":1,"enemies":"Gremlin Gang","floor":10,"turns":5},{"damage":15,"enemies":"3 Sentries","floor":13,"turns":7},{"damage":4,"enemies":"Slime Boss","floor":16,"turns":7},{"damage":22,"enemies":"2 Thieves","floor":18,"turns":4},{"damage":26,"enemies":"Shell Parasite","floor":19,"turns":6},{"damage":24,"enemies":"Snake Plant","floor":21,"turns":5},{"damage":6,"enemies":"Snecko","floor":24,"turns":5},{"damage":11,"enemies":"Centurion and Healer","floor":30,"turns":5},{"damage":54,"enemies":"Automaton","floor":33,"turns":6}],"seed_played":"-738605612194426710","potions_obtained":[{"floor":1,"key":"SteroidPotion"},{"floor":3,"key":"Fire Potion"},{"floor":19,"key":"SpeedPotion"},{"floor":21,"key":"Dexterity Potion"},{"floor":22,"key":"AttackPotion"},{"floor":22,"key":"SteroidPotion"},{"floor":30,"key":"AttackPotion"}],"is_trial":false,"path_per_floor":["M","?","M","?","M","E","R","?","T","M","R","$","E","?","R","B",null,"M","M","?","M","?","R","M","$","T","$","?","R","M","T","R","B"],"character_chosen":"IRONCLAD","items_purchased":["Bag of Marbles"],"campfire_rested":1,"item_purchase_floors":[12],"current_hp_per_floor":[73,73,75,70,65,39,39,39,39,44,44,44,35,35,35,37,66,54,38,38,24,24,24,28,28,28,28,28,50,49,49,49,0],"gold":315,"neow_bonus":"HUNDRED_GOLD","is_prod":false,"is_daily":false,"chose_seed":false,"campfire_upgraded":5,"win_rate":0,"timestamp":1553262676,"path_taken":["M","?","M","?","M","E","R","?","T","M","R","$","E","?","R","BOSS","M","M","?","M","?","R","M","$","T","$","?","R","M","?","R","BOSS"],"build_version":"2019-03-15","purchased_purges":3,"victory":false,"max_hp_per_floor":[75,75,75,75,75,75,75,75,75,75,75,75,75,75,75,75,75,75,75,75,75,75,75,75,75,75,75,75,75,75,75,75,75],"card_choices":[{"not_picked":["Warcry","Armaments"],"picked":"Thunderclap","floor":1},{"not_picked":["Metallicize","Warcry"],"picked":"Inflame","floor":3},{"not_picked":["Body Slam","Pommel Strike"],"picked":"Twin Strike","floor":5},{"not_picked":["Searing Blow","Hemokinesis"],"picked":"Feel No Pain","floor":6},{"not_picked":["Rampage","Havoc"],"picked":"Cleave","floor":10},{"not_picked":["Shrug It Off","Whirlwind"],"picked":"Anger","floor":13},{"not_picked":["Double Tap","Juggernaut"],"picked":"Impervious","floor":16},{"not_picked":["Heavy Blade","Clash"],"picked":"Dual Wield","floor":18},{"not_picked":["Havoc","Clash+1","Second Wind"],"picked":"SKIP","floor":19},{"not_picked":["Rampage","Battle Trance"],"picked":"True Grit","floor":21},{"not_picked":["Infernal Blade","Warcry"],"picked":"Bludgeon","floor":24},{"not_picked":["Cleave","Power Through","Body Slam"],"picked":"SKIP","floor":30}],"player_experience":605281,"relics_obtained":[{"floor":6,"key":"Juzu Bracelet"},{"floor":9,"key":"Potion Belt"},{"floor":13,"key":"Nunchaku"},{"floor":26,"key":"Darkstone Periapt"},{"floor":31,"key":"Omamori"}],"event_choices":[{"cards_removed":["Strike_R"],"damage_healed":0,"gold_gain":0,"player_choice":"Card Removal","damage_taken":0,"max_hp_gain":0,"max_hp_loss":0,"event_name":"The Cleric","floor":2,"gold_loss":75},{"damage_healed":0,"gold_gain":0,"player_choice":"Success","damage_taken":5,"relics_obtained":["Smiling Mask"],"max_hp_gain":0,"max_hp_loss":0,"event_name":"Scrap Ooze","floor":4,"gold_loss":0},{"cards_removed":["Feel No Pain"],"damage_healed":0,"gold_gain":0,"player_choice":"Gave Card","damage_taken":0,"relics_obtained":["Ornamental Fan"],"max_hp_gain":0,"max_hp_loss":0,"event_name":"WeMeetAgain","floor":8,"gold_loss":0},{"damage_healed":0,"gold_gain":150,"player_choice":"AGREE","damage_taken":0,"max_hp_gain":0,"max_hp_loss":0,"event_name":"Liars Game","floor":14,"gold_loss":0,"cards_obtained":["Doubt"]},{"damage_healed":0,"gold_gain":0,"player_choice":"Opened","damage_taken":0,"relics_obtained":["Pen Nib"],"max_hp_gain":0,"max_hp_loss":0,"event_name":"The Mausoleum","floor":20,"gold_loss":0,"cards_obtained":["Writhe"]},{"damage_healed":0,"gold_gain":0,"player_choice":"Got Potions","damage_taken":0,"max_hp_gain":0,"max_hp_loss":0,"event_name":"Lab","floor":22,"gold_loss":0},{"damage_healed":0,"gold_gain":0,"player_choice":"Trade","damage_taken":0,"relics_obtained":["CultistMask"],"max_hp_gain":0,"max_hp_loss":0,"event_name":"FaceTrader","floor":28,"gold_loss":0}],"is_beta":true,"boss_relics":[{"not_picked":["Runic Pyramid","Calling Bell"],"picked":"Black Blood"}],"items_purged_floors":[12,25,27],"is_endless":false,"potions_floor_spawned":[1,3,5,6,19,21,30],"killed_by":"Automaton","ascension_level":20}