{"path_per_floor":["M","M","M","M","M","E","R","?","T","M","R","?","M","$","R","B",null,"M","?","$","?","M","R","?","E","T","$","?","R","?","M","R"],"character_chosen":"IRONCLAD","items_purchased":["Clash","Calipers","Cleave","Infernal Blade"],"gold_per_floor":[116,132,152,171,181,216,216,316,368,385,385,385,401,53,53,152,152,168,168,70,70,80,80,80,112,188,188,188,188,188,206,206,206],"floor_reached":33,"campfire_rested":2,"playtime":2234,"current_hp_per_floor":[80,80,80,80,61,53,53,53,60,66,66,71,77,77,77,66,92,90,90,90,90,92,92,92,46,46,46,28,57,57,26,55,0],"items_purged":[],"gold":206,"score":290,"play_id":"c0e92ed8-6864-4127-b84e-214a32322415","local_time":"20180329034400","is_prod":false,"is_daily":false,"is_ascension_mode":false,"campfire_upgraded":4,"timestamp":1522320240,"path_taken":["M","M","M","?","M","E","R","?","T","M","R","?","M","$","R","BOSS","M","?","$","?","?","R","?","E","T","$","?","R","?","M","R","BOSS"],"build_version":"2018-03-22v2","purchased_purges":0,"victory":false,"master_deck":["Strike_R+1","Strike_R+1","Strike_R+1","Strike_R+1","Strike_R+1","Defend_R+1","Defend_R+1","Defend_R+1","Defend_R+1","Bash","Clash","Ghostly Armor+1","Clothesline+1","Iron Wave+1","Cleave","Thunderclap","Anger","Anger","Clash","Bludgeon+1","Headbutt","Cleave","Infernal Blade","Anger","Rampage+1","Pommel Strike+1"],"max_hp_per_floor":[80,80,80,80,80,80,80,80,87,87,87,92,92,92,92,92,92,92,92,92,92,92,92,92,92,92,92,97,97,97,97,97,97],"relics":["Burning Blood","Ornamental Fan","Strawberry","Calipers","Snecko Eye","Thread and Needle","Dodecahedron"],"card_choices":[{"not_picked":["Body Slam","Disarm"],"picked":"Clash","floor":1},{"not_picked":["Twin Strike","Pommel Strike"],"picked":"Ghostly Armor","floor":2},{"not_picked":["Headbutt","Intimidate"],"picked":"Clothesline","floor":3},{"not_picked":["Flex","Blood for Blood"],"picked":"Iron Wave","floor":4},{"not_picked":["Offering","Twin Strike"],"picked":"Cleave","floor":5},{"not_picked":["Brutality","Corruption"],"picked":"Thunderclap","floor":6},{"not_picked":["Rupture","Battle Trance"],"picked":"Anger","floor":10},{"not_picked":["Twin Strike","True Grit"],"picked":"Anger","floor":13},{"not_picked":["Brutality","Feed"],"picked":"Bludgeon","floor":16},{"not_picked":["Metallicize","Thunderclap"],"picked":"Headbutt","floor":18},{"not_picked":["Heavy Blade","Clash"],"picked":"Anger","floor":22},{"not_picked":["Reckless Charge","Sword Boomerang"],"picked":"Rampage","floor":25},{"not_picked":["Heavy Blade","Twin Strike"],"picked":"Pommel Strike","floor":31}],"player_experience":7310,"potions_floor_usage":[16,16,25,31,33,33],"damage_taken":[{"damage":6,"enemies":"Cultist","floor":1,"turns":3},{"damage":0,"enemies":"2 Louse","floor":2,"turns":3},{"damage":2,"enemies":"Small Slimes","floor":3,"turns":5},{"damage":0,"enemies":"3 Louse","floor":4,"turns":5},{"damage":25,"enemies":"Gremlin Gang","floor":5,"turns":7},{"damage":14,"enemies":"Gremlin Nob","floor":6,"turns":4},{"damage":0,"enemies":"Large Slime","floor":10,"turns":6},{"damage":0,"enemies":"Blue Slaver","floor":13,"turns":3},{"damage":32,"enemies":"Hexaghost","floor":16,"turns":11},{"damage":8,"enemies":"Shell Parasite","floor":18,"turns":6},{"damage":0,"enemies":"Chosen","floor":22,"turns":5},{"damage":52,"enemies":"Gremlin Leader","floor":25,"turns":4},{"damage":37,"enemies":"Sentry and Sphere","floor":31,"turns":7},{"damage":55,"enemies":"Automaton","floor":33,"turns":6}],"event_choices":[{"event_name":"Golden Shrine","player_choice":"Pray","floor":8,"damage_taken":0},{"event_name":"Big Fish","player_choice":"Donut","floor":12,"damage_taken":0},{"event_name":"Back to Basics","player_choice":"Simplicity","floor":19,"damage_taken":0},{"event_name":"Purifier","player_choice":"Skipped","floor":21,"damage_taken":0},{"event_name":"Drug Dealer","player_choice":"Ignored","floor":24,"damage_taken":0},{"event_name":"Forgotten Altar","player_choice":"Shed Blood","floor":28,"damage_taken":0},{"event_name":"The Mausoleum","player_choice":"No","floor":30,"damage_taken":0}],"boss_relics":[{"not_picked":["Black Blood","Runic Pyramid"],"picked":"Snecko Eye"}],"potions_floor_spawned":[2,4,6,10,16,25,31],"seed_played":"3844085846722638257","killed_by":"Automaton","ascension_level":0,"is_trial":false}