{"path_per_floor":["M","?","M","M","$","R","M","E","T","M","R","M","$","M","R"],"character_chosen":"DEFECT","items_purchased":["Ball Lightning","Self Repair"],"gold_per_floor":[119,119,138,159,34,34,47,88,137,155,155,168,28,44,44,44],"floor_reached":16,"campfire_rested":2,"playtime":677,"item_purchase_floors":[5,13],"current_hp_per_floor":[75,57,57,57,57,57,50,17,17,17,39,26,26,33,55,0],"items_purged":["Strike_B","Strike_B"],"gold":44,"score":129,"play_id":"db93faa9-4775-48b4-bc46-d745176ff640","local_time":"20180608001832","is_prod":false,"is_daily":false,"chose_seed":false,"is_ascension_mode":false,"campfire_upgraded":1,"win_rate":0.0,"timestamp":1528442312,"campfire_choices":[{"data":"Ball Lightning","floor":6,"key":"SMITH"},{"floor":11,"key":"REST"},{"floor":15,"key":"REST"}],"path_taken":["M","?","?","M","$","R","M","E","T","M","R","M","?","M","R","BOSS"],"build_version":"2018-06-07","seed_source_timestamp":1382745477426287,"purchased_purges":2,"victory":false,"master_deck":["Strike_B","Strike_B","Defend_B","Defend_B","Defend_B","Defend_B","Zap","Dualcast","Streamline","BootSequence","Redo","Ball Lightning+1","Lockon","Ball Lightning","Ball Lightning","Ball Lightning","Self Repair"],"max_hp_per_floor":[75,75,75,75,75,75,75,75,75,75,75,75,75,75,75,75],"relics":["Cracked Core","Golden Idol","Blue Candle","Lantern"],"card_choices":[{"not_picked":["Cold Snap","Leap"],"picked":"Streamline","floor":1},{"not_picked":["Hologram","Blizzard"],"picked":"BootSequence","floor":3},{"not_picked":["Melter","Barrage"],"picked":"Redo","floor":4},{"not_picked":["Steam","Redo"],"picked":"Lockon","floor":7},{"not_picked":["Cold Snap","Compile Driver"],"picked":"Ball Lightning","floor":8},{"not_picked":["Gash","Leap"],"picked":"Ball Lightning","floor":10},{"not_picked":["Stack","Redo"],"picked":"Ball Lightning","floor":12},{"not_picked":["Stack","Leap","Buffer"],"picked":"SKIP","floor":14}],"player_experience":143405,"potions_floor_usage":[14,16],"damage_taken":[{"damage":0,"enemies":"2 Louse","floor":1,"turns":3},{"damage":0,"enemies":"Cultist","floor":3,"turns":4},{"damage":0,"enemies":"Jaw Worm","floor":4,"turns":3},{"damage":7,"enemies":"Blue Slaver","floor":7,"turns":4},{"damage":33,"enemies":"Gremlin Nob","floor":8,"turns":4},{"damage":0,"enemies":"3 Louse","floor":10,"turns":2},{"damage":13,"enemies":"2 Fungi Beasts","floor":12,"turns":3},{"damage":0,"enemies":"Large Slime","floor":14,"turns":3},{"damage":55,"enemies":"The Guardian","floor":16,"turns":7}],"relics_obtained":[{"floor":8,"key":"Blue Candle"},{"floor":9,"key":"Lantern"}],"event_choices":[{"event_name":"Golden Idol","player_choice":"Take Damage","floor":2,"damage_taken":0}],"boss_relics":[],"items_purged_floors":[5,13],"potions_floor_spawned":[3,8,10,12],"seed_played":"1582478442477876463","killed_by":"The Guardian","ascension_level":0,"potions_obtained":[{"floor":3,"key":"SmokeBomb"},{"floor":8,"key":"Weak Potion"},{"floor":10,"key":"FocusPotion"}],"is_trial":false}