{"gold_per_floor":[109,122,136,154,174,208,208,221,221,248,264,332,9,9,9,9],"floor_reached":16,"playtime":950,"items_purged":["Strike_R"],"score":148,"play_id":"e16e6428-12e4-4cd6-96a2-f764b65f30ab","local_time":"20181223024006","is_ascension_mode":true,"campfire_choices":[{"data":"True Grit","floor":7,"key":"SMITH"},{"floor":15,"key":"REST"}],"neow_cost":"NONE","seed_source_timestamp":136654749345556,"circlet_count":0,"master_deck":["Strike_R+1","Strike_R","Strike_R+1","Strike_R","Defend_R","Defend_R","Defend_R","Defend_R","Bash","True Grit+1","Iron Wave","Feel No Pain","Infernal Blade","Seeing Red","Dual Wield","Warcry","Pommel Strike","Havoc"],"relics":["Burning Blood","Whetstone","Darkstone Periapt","Blue Candle","Bag of Marbles","Matryoshka","Shuriken"],"potions_floor_usage":[5,6,10],"damage_taken":[{"damage":1,"enemies":"Cultist","floor":1,"turns":3},{"damage":5,"enemies":"Jaw Worm","floor":2,"turns":2},{"damage":8,"enemies":"Small Slimes","floor":3,"turns":3},{"damage":1,"enemies":"Blue Slaver","floor":4,"turns":7},{"damage":7,"enemies":"Looter","floor":5,"turns":3},{"damage":17,"enemies":"Gremlin Nob","floor":6,"turns":4},{"damage":11,"enemies":"Exordium Wildlife","floor":8,"turns":6},{"damage":50,"enemies":"Lagavulin","floor":10,"turns":8},{"damage":12,"enemies":"Gremlin Gang","floor":11,"turns":5},{"damage":46,"enemies":"The Guardian","floor":16,"turns":10}],"seed_played":"5963521817380067915","potions_obtained":[{"floor":2,"key":"FearPotion"},{"floor":3,"key":"LiquidBronze"},{"floor":5,"key":"Fruit Juice"}],"is_trial":false,"path_per_floor":["M","M","M","M","M","E","R","M","T","E","M","T","$","?","R","B"],"character_chosen":"IRONCLAD","items_purchased":["Shuriken"],"campfire_rested":1,"item_purchase_floors":[13],"current_hp_per_floor":[77,78,76,80,84,73,73,68,68,24,18,18,18,18,43,0],"gold":9,"neow_bonus":"RANDOM_COMMON_RELIC","is_prod":false,"is_daily":false,"chose_seed":false,"campfire_upgraded":1,"win_rate":0,"timestamp":1545550806,"path_taken":["M","M","M","M","M","E","R","?","T","E","M","?","$","?","R","BOSS"],"build_version":"2018-12-20","purchased_purges":1,"victory":false,"max_hp_per_floor":[80,80,80,80,85,85,85,85,85,85,85,85,85,85,85,85],"card_choices":[{"not_picked":["Cleave","Corruption"],"picked":"True Grit","floor":1},{"not_picked":["Sword Boomerang","Flex"],"picked":"Iron Wave","floor":2},{"not_picked":["Body Slam","Berserk"],"picked":"Feel No Pain","floor":3},{"not_picked":["Feel No Pain","Cleave"],"picked":"Infernal Blade","floor":4},{"not_picked":["Rampage","Flex"],"picked":"Seeing Red","floor":5},{"not_picked":["Clothesline","Armaments"],"picked":"Dual Wield","floor":6},{"not_picked":["Anger","Heavy Blade"],"picked":"Warcry","floor":8},{"not_picked":["Thunderclap","Second Wind"],"picked":"Pommel Strike","floor":10},{"not_picked":["Shrug It Off","Headbutt"],"picked":"Havoc","floor":11}],"player_experience":162150,"relics_obtained":[{"floor":6,"key":"Darkstone Periapt"},{"floor":9,"key":"Blue Candle"},{"floor":10,"key":"Bag of Marbles"},{"floor":12,"key":"Matryoshka"}],"event_choices":[{"damage_healed":0,"gold_gain":0,"player_choice":"Ignored","damage_taken":0,"max_hp_gain":0,"max_hp_loss":0,"event_name":"Shining Light","floor":14,"gold_loss":0}],"is_beta":true,"boss_relics":[],"items_purged_floors":[13],"is_endless":false,"potions_floor_spawned":[2,3,5],"killed_by":"The Guardian","ascension_level":6}