{"gold_per_floor":[113,113,133,150,100,100,82,157,157,169,169,27,62,81,81,177,177,187,40,40,59,59,73,73],"floor_reached":24,"playtime":1066,"items_purged":[],"score":218,"play_id":"8aec7ee2-8a5e-494b-bddf-13fb2b03032e","local_time":"20181110182501","is_ascension_mode":true,"campfire_choices":[{"data":"Conserve Battery","floor":6,"key":"SMITH"},{"data":"Conserve Battery","floor":11,"key":"SMITH"},{"floor":15,"key":"REST"}],"neow_cost":"NONE","seed_source_timestamp":13492160591273,"circlet_count":0,"master_deck":["Strike_B","Defend_B","Defend_B","Defend_B","Defend_B","Tempest+1","Hello World+1","Hologram+1","Genetic Algorithm","Conserve Battery+1","Storm","Conserve Battery+1","Creative AI","Thunder Strike","White Noise+1","Electrodynamics","Tempest+1","Turbo+1","Steam+1"],"relics":["Astrolabe","Bottled Lightning","Toxic Egg 2","Busted Crown","Blood Vial"],"potions_floor_usage":[14,24],"damage_taken":[{"damage":6,"enemies":"Cultist","floor":1,"turns":4},{"damage":3,"enemies":"Jaw Worm","floor":3,"turns":4},{"damage":6,"enemies":"Small Slimes","floor":4,"turns":4},{"damage":6,"enemies":"Exordium Thugs","floor":7,"turns":6},{"damage":0,"enemies":"Blue Slaver","floor":10,"turns":4},{"damage":20,"enemies":"Lagavulin","floor":13,"turns":7},{"damage":16,"enemies":"Exordium Wildlife","floor":14,"turns":7},{"damage":22,"enemies":"Hexaghost","floor":16,"turns":8},{"damage":11,"enemies":"Spheric Guardian","floor":18,"turns":6},{"damage":27,"enemies":"3 Byrds","floor":21,"turns":3},{"damage":22,"enemies":"Centurion and Healer","floor":23,"turns":5},{"damage":25,"enemies":"Gremlin Leader","floor":24,"turns":2}],"seed_played":"2398485613843038886","potions_obtained":[{"floor":1,"key":"EssenceOfSteel"},{"floor":7,"key":"LiquidBronze"},{"floor":14,"key":"SpeedPotion"},{"floor":18,"key":"FearPotion"}],"is_trial":false,"path_per_floor":["M","?","M","M","?","R","M","?","T","M","R","$","E","M","R","B",null,"M","$","?","M","$","M","E"],"character_chosen":"DEFECT","items_purchased":["Creative AI","Blood Vial"],"campfire_rested":1,"item_purchase_floors":[12,19],"current_hp_per_floor":[69,62,59,53,53,53,47,40,40,40,40,40,20,4,26,4,75,64,64,64,39,39,19,0],"gold":73,"neow_bonus":"BOSS_RELIC","is_prod":false,"is_daily":false,"chose_seed":false,"campfire_upgraded":2,"win_rate":0,"timestamp":1541892301,"path_taken":["M","?","M","M","?","R","M","?","T","M","R","$","E","M","R","BOSS","M","?","?","M","$","M","E"],"build_version":"2018-11-08","purchased_purges":0,"victory":false,"max_hp_per_floor":[75,75,75,75,75,75,75,75,75,75,75,75,75,75,75,75,75,75,75,75,75,75,75,75],"card_choices":[{"not_picked":["Go for the Eyes","Turbo"],"picked":"Genetic Algorithm","floor":1},{"not_picked":["Gash","Go for the Eyes"],"picked":"Conserve Battery","floor":3},{"not_picked":["Ball Lightning","Heatsinks"],"picked":"Storm","floor":4},{"not_picked":["Gash","Streamline"],"picked":"Conserve Battery","floor":7},{"not_picked":["Hello World","Force Field","Go for the Eyes"],"picked":"SKIP","floor":10},{"not_picked":["Ball Lightning","Chill"],"picked":"Thunder Strike","floor":13},{"not_picked":["Gash","Go for the Eyes"],"picked":"White Noise+1","floor":14},{"not_picked":["Seek+1","Creative AI"],"picked":"Electrodynamics","floor":16},{"not_picked":[],"picked":"Tempest+1","floor":18},{"not_picked":[],"picked":"Turbo+1","floor":21},{"not_picked":[],"picked":"Steam+1","floor":23}],"player_experience":130928,"relics_obtained":[{"floor":9,"key":"Bottled Lightning"},{"floor":13,"key":"Toxic Egg 2"}],"event_choices":[{"cards_removed":["Strike_B"],"damage_healed":0,"gold_gain":0,"player_choice":"Card Removal","damage_taken":7,"max_hp_gain":0,"max_hp_loss":0,"event_name":"Golden Wing","floor":2,"gold_loss":0},{"cards_removed":["Strike_B"],"damage_healed":0,"gold_gain":0,"player_choice":"Card Removal","damage_taken":0,"max_hp_gain":0,"max_hp_loss":0,"event_name":"The Cleric","floor":5,"gold_loss":50},{"damage_healed":0,"gold_gain":75,"player_choice":"Touch","damage_taken":7,"max_hp_gain":0,"max_hp_loss":0,"event_name":"FaceTrader","floor":8,"gold_loss":0},{"damage_healed":0,"gold_gain":0,"player_choice":"Ignored","damage_taken":0,"max_hp_gain":0,"max_hp_loss":0,"event_name":"Vampires","floor":20,"gold_loss":0}],"is_beta":true,"boss_relics":[{"not_picked":["Nuclear Battery","Calling Bell"],"picked":"Busted Crown"}],"items_purged_floors":[],"is_endless":false,"potions_floor_spawned":[1,7,13,14,18,23],"killed_by":"Gremlin Leader","ascension_level":2}