{"gold_per_floor":[119,132,147,72,85,85,160,160,160,125,144,170,182,282,282,282],"floor_reached":16,"playtime":479,"items_purged":["Strike_R"],"score":102,"play_id":"99690832-a1bf-430a-bc75-39b67c528692","local_time":"20190207055212","is_ascension_mode":false,"campfire_choices":[{"data":"Twin Strike","floor":6,"key":"SMITH"},{"data":"Clothesline","floor":8,"key":"SMITH"},{"floor":15,"key":"REST"}],"neow_cost":"NONE","seed_source_timestamp":946586917474203,"circlet_count":0,"master_deck":["Strike_R","Strike_R","Strike_R","Strike_R","Defend_R","Defend_R","Defend_R","Defend_R","Bash","Twin Strike+1","Clothesline+1","Perfected Strike"],"relics":["Burning Blood","NeowsBlessing","WingedGreaves","Turnip"],"potions_floor_usage":[5,13],"damage_taken":[{"damage":0,"enemies":"2 Louse","floor":1,"turns":1},{"damage":0,"enemies":"Small Slimes","floor":2,"turns":1},{"damage":0,"enemies":"Cultist","floor":3,"turns":1},{"damage":24,"enemies":"Large Slime","floor":5,"turns":6},{"damage":7,"enemies":"2 Fungi Beasts","floor":11,"turns":3},{"damage":49,"enemies":"3 Sentries","floor":12,"turns":8},{"damage":0,"enemies":"Blue Slaver","floor":13,"turns":4},{"damage":74,"enemies":"The Guardian","floor":16,"turns":11}],"seed_played":"-9057829928598704287","potions_obtained":[{"floor":1,"key":"AttackPotion"},{"floor":2,"key":"EssenceOfSteel"}],"is_trial":false,"path_per_floor":["M","M","M","$","M","R","?","R","T","?","M","E","M","?","R","B"],"character_chosen":"IRONCLAD","items_purchased":[],"campfire_rested":1,"item_purchase_floors":[],"current_hp_per_floor":[80,80,80,80,62,62,51,51,51,71,70,27,33,33,57,0],"gold":282,"neow_bonus":"THREE_ENEMY_KILL","is_prod":false,"is_daily":false,"chose_seed":false,"campfire_upgraded":2,"win_rate":0,"timestamp":1549547532,"path_taken":["M","M","M","$","M","R","?","R","T","?","M","E","M","?","R","BOSS"],"build_version":"2019-01-23","purchased_purges":1,"victory":false,"max_hp_per_floor":[80,80,80,80,80,80,80,80,80,80,80,80,80,80,80,80],"card_choices":[{"not_picked":["Burning Pact","Combust"],"picked":"Twin Strike","floor":1},{"not_picked":["Hemokinesis","Carnage"],"picked":"Clothesline","floor":2},{"not_picked":["Feel No Pain","Body Slam","Clothesline"],"picked":"SKIP","floor":3},{"not_picked":["Wild Strike","Headbutt","Heavy Blade"],"picked":"SKIP","floor":5},{"not_picked":["Wild Strike","Sword Boomerang","Combust"],"picked":"SKIP","floor":11},{"not_picked":["Heavy Blade","Rampage","Flame Barrier"],"picked":"SKIP","floor":12},{"not_picked":["Shrug It Off","Uppercut"],"picked":"Perfected Strike","floor":13}],"player_experience":242807,"relics_obtained":[{"floor":9,"key":"WingedGreaves"},{"floor":12,"key":"Turnip"}],"event_choices":[{"damage_healed":0,"gold_gain":75,"player_choice":"Gather Gold","damage_taken":11,"max_hp_gain":0,"max_hp_loss":0,"event_name":"World of Goop","floor":7,"gold_loss":0},{"damage_healed":20,"gold_gain":0,"player_choice":"Healed","damage_taken":0,"max_hp_gain":0,"max_hp_loss":0,"event_name":"The Cleric","floor":10,"gold_loss":35},{"damage_healed":0,"gold_gain":100,"player_choice":"Pray","damage_taken":0,"max_hp_gain":0,"max_hp_loss":0,"event_name":"Golden Shrine","floor":14,"gold_loss":0}],"is_beta":false,"boss_relics":[],"items_purged_floors":[4],"is_endless":false,"potions_floor_spawned":[1,2],"killed_by":"The Guardian","ascension_level":0}