{"gold_per_floor":[109,184,184,184,199,199,233,233,233,233,233,233,247,266,266,337,337,356,371,371,8,27,27],"floor_reached":23,"playtime":583,"items_purged":[],"score":369,"play_id":"805fd174-aece-4d38-a3d5-ca94b9ea72f2","local_time":"20181103010650","is_ascension_mode":true,"campfire_choices":[{"data":"Zap","floor":6.0,"key":"SMITH"},{"floor":10.0,"key":"REST"},{"data":"Ball Lightning","floor":12.0,"key":"SMITH"},{"data":"Dualcast","floor":15.0,"key":"SMITH"}],"neow_cost":"TEN_PERCENT_HP_LOSS","seed_source_timestamp":316723319024055,"circlet_count":0,"master_deck":["AscendersBane","Strike_B","Strike_B","Strike_B","Defend_B","Defend_B","Defend_B","Defend_B","Zap+1","Dualcast+1","Ball Lightning+1","Tempest+1","Conserve Battery","Hologram+1","Steam+1","Electrodynamics","Glacier+1","Undo+1","Conserve Battery+1","Tempest+1"],"special_seed":0,"relics":["Cracked Core","Thread and Needle","Bottled Lightning","Lantern","Toxic Egg 2","Sozu","Torii"],"potions_floor_usage":[23],"damage_taken":[{"damage":5.0,"enemies":"2 Louse","floor":1.0,"turns":3.0},{"damage":3.0,"enemies":"Jaw Worm","floor":5.0,"turns":3.0},{"damage":37.0,"enemies":"Gremlin Nob","floor":7.0,"turns":4.0},{"damage":0.0,"enemies":"Cultist","floor":13.0,"turns":2.0},{"damage":4.0,"enemies":"3 Louse","floor":14.0,"turns":2.0},{"damage":20.0,"enemies":"Slime Boss","floor":16.0,"turns":8.0},{"damage":11.0,"enemies":"2 Thieves","floor":18.0,"turns":2.0},{"damage":0.0,"enemies":"Spheric Guardian","floor":19.0,"turns":3.0},{"damage":0.0,"enemies":"3 Cultists","floor":22.0,"turns":3.0},{"damage":29,"enemies":"Book of Stabbing","floor":23,"turns":5}],"seed_played":"-7119952894241319948","potions_obtained":[{"floor":14.0,"key":"Fire Potion"},{"floor":16.0,"key":"FearPotion"}],"is_trial":false,"path_per_floor":["M","?","?","T","M","R","E","?","T","R","?","R","M","M","R","B",null,"M","M","?","$","M","E"],"character_chosen":"DEFECT","items_purchased":["Torii","Conserve Battery+1"],"campfire_rested":1,"item_purchase_floors":[21,21],"current_hp_per_floor":[59,48,41,41,38,38,1,1,1,20,25,25,25,21,21,1,52,41,41,41,41,41,12],"gold":27,"neow_bonus":"ONE_RARE_RELIC","is_prod":false,"is_daily":false,"chose_seed":false,"campfire_upgraded":3,"win_rate":0,"timestamp":1541221610,"path_taken":["M","?","?","?","?","R","E","?","T","R","?","R","M","M","R","BOSS","M","M","?","$","M","E"],"build_version":"2018-11-01v2","purchased_purges":0,"victory":false,"max_hp_per_floor":[64,64,64,64,64,64,64,64,64,64,69,69,69,69,69,69,69,69,69,69,69,69,69],"card_choices":[{"not_picked":["Turbo","Loop"],"picked":"Ball Lightning","floor":1.0},{"not_picked":["Gash","Beam Cell"],"picked":"Tempest","floor":5.0},{"not_picked":["Recycle","Leap"],"picked":"Conserve Battery","floor":7.0},{"not_picked":["Compile Driver","Force Field+1"],"picked":"Hologram+1","floor":13.0},{"not_picked":["Beam Cell","Redo+1"],"picked":"Steam+1","floor":14.0},{"not_picked":["Creative AI","Reboot+1"],"picked":"Electrodynamics","floor":16.0},{"not_picked":["Stack+1","Beam Cell"],"picked":"Glacier+1","floor":18.0},{"not_picked":["Auto Shields+1","Ball Lightning"],"picked":"Undo+1","floor":19.0},{"not_picked":["Leap+1","Doom and Gloom"],"picked":"Tempest+1","floor":22.0}],"player_experience":813672,"relics_obtained":[{"floor":4.0,"key":"Bottled Lightning"},{"floor":7.0,"key":"Lantern"},{"floor":9.0,"key":"Toxic Egg 2"}],"event_choices":[{"damage_healed":0.0,"max_hp_gain":0.0,"max_hp_loss":0.0,"gold_gain":75.0,"event_name":"World of Goop","player_choice":"Gather Gold","floor":2.0,"gold_loss":0.0,"damage_taken":11.0},{"cards_removed":["Strike_B"],"damage_healed":0.0,"max_hp_gain":0.0,"max_hp_loss":0.0,"gold_gain":0.0,"event_name":"Golden Wing","player_choice":"Card Removal","floor":3.0,"gold_loss":0.0,"damage_taken":7.0},{"damage_healed":0.0,"max_hp_gain":0.0,"max_hp_loss":0.0,"gold_gain":0.0,"event_name":"Living Wall","player_choice":"Grow","floor":8.0,"gold_loss":0.0,"damage_taken":0.0,"cards_upgraded":["Tempest"]},{"damage_healed":0.0,"max_hp_gain":5.0,"max_hp_loss":0.0,"gold_gain":0.0,"event_name":"Big Fish","player_choice":"Donut","floor":11.0,"gold_loss":0.0,"damage_taken":0.0},{"damage_healed":0.0,"max_hp_gain":0.0,"max_hp_loss":0.0,"gold_gain":0.0,"event_name":"Lab","player_choice":"Got Potions","floor":20.0,"gold_loss":0.0,"damage_taken":0.0}],"is_beta":true,"boss_relics":[{"not_picked":["Philosopher\u0027s Stone","Tiny House"],"picked":"Sozu"}],"items_purged_floors":[],"is_endless":false,"potions_floor_spawned":[14,16,18],"killed_by":"Book of Stabbing","ascension_level":19}