{"gold_per_floor":[363,377,103,278,297,297,327,327,353,373,21,55,55,55,55,153,203,215,215,226,226,226],"floor_reached":22,"playtime":625,"items_purged":["Decay","Strike_R"],"score":211,"play_id":"458f9a8b-003e-450f-90cc-292ca599513f","local_time":"20190318051909","is_ascension_mode":true,"campfire_choices":[{"data":"Rampage","floor":6,"key":"SMITH"},{"data":"Clothesline","floor":8,"key":"SMITH"},{"floor":15,"key":"REST"}],"neow_cost":"CURSE","seed_source_timestamp":160649145862608,"circlet_count":0,"master_deck":["Strike_R","Strike_R","Strike_R","Strike_R+1","Defend_R","Defend_R","Defend_R+1","Defend_R","Bash+1","Rampage+1","Twin Strike","Doubt","Shrug It Off","Clothesline+1","Rupture","Berserk","Inflame","Perfected Strike","Flame Barrier"],"relics":["Burning Blood","Pen Nib","Whetstone","Red Skull","Bottled Flame","Nunchaku","Tiny House"],"potions_floor_usage":[7,20,22],"damage_taken":[{"damage":18,"enemies":"Jaw Worm","floor":1,"turns":4},{"damage":10,"enemies":"2 Louse","floor":2,"turns":3},{"damage":0,"enemies":"Small Slimes","floor":5,"turns":3},{"damage":34,"enemies":"Gremlin Nob","floor":7,"turns":5},{"damage":10,"enemies":"2 Fungi Beasts","floor":10,"turns":3},{"damage":22,"enemies":"3 Sentries","floor":12,"turns":7},{"damage":36,"enemies":"The Guardian","floor":16,"turns":11},{"damage":16,"enemies":"Chosen","floor":18,"turns":4},{"damage":25,"enemies":"Spheric Guardian","floor":20,"turns":4},{"damage":62,"enemies":"3 Cultists","floor":22,"turns":4}],"seed_played":"-8524553180922676104","potions_obtained":[{"floor":1,"key":"Swift Potion"},{"floor":16,"key":"LiquidBronze"},{"floor":17,"key":"FearPotion"},{"floor":18,"key":"Swift Potion"}],"is_trial":false,"path_per_floor":["M","M","$","?","M","R","E","R","T","M","$","E","T","$","R","B",null,"M","?","M","?","M"],"character_chosen":"IRONCLAD","items_purchased":["Pen Nib","Twin Strike","Bottled Flame"],"campfire_rested":1,"item_purchase_floors":[3,3,11],"current_hp_per_floor":[68,64,64,64,70,70,42,42,42,38,38,22,22,22,46,16,85,75,75,56,56,0],"gold":226,"neow_bonus":"TWO_FIFTY_GOLD","is_prod":false,"is_daily":false,"chose_seed":false,"campfire_upgraded":2,"win_rate":0,"timestamp":1552911549,"path_taken":["M","M","$","?","M","R","E","R","T","M","$","E","?","$","R","BOSS","M","?","M","?","M"],"build_version":"2019-01-23","purchased_purges":2,"victory":false,"max_hp_per_floor":[80,80,80,80,80,80,80,80,80,80,80,80,80,80,80,80,85,85,85,85,85,85],"card_choices":[{"not_picked":["Evolve","Dual Wield"],"picked":"Rampage","floor":1},{"not_picked":["Wild Strike","Corruption","Reckless Charge"],"picked":"SKIP","floor":2},{"not_picked":["Sword Boomerang","Anger"],"picked":"Shrug It Off","floor":5},{"not_picked":["Shockwave","Flex"],"picked":"Clothesline","floor":7},{"not_picked":["Bloodletting","Wild Strike"],"picked":"Rupture","floor":10},{"not_picked":["True Grit","Disarm","Impervious"],"picked":"SKIP","floor":12},{"not_picked":["Limit Break","Juggernaut"],"picked":"Berserk","floor":16},{"not_picked":["Thunderclap","Anger+1"],"picked":"Inflame","floor":18},{"not_picked":["Rage","Thunderclap+1"],"picked":"Flame Barrier","floor":20}],"player_experience":357220,"relics_obtained":[{"floor":7,"key":"Whetstone"},{"floor":9,"key":"Red Skull"},{"floor":12,"key":"Nunchaku"}],"event_choices":[{"damage_healed":0,"gold_gain":175,"player_choice":"AGREE","damage_taken":0,"max_hp_gain":0,"max_hp_loss":0,"event_name":"Liars Game","floor":4,"gold_loss":0,"cards_obtained":["Doubt"]},{"damage_healed":0,"gold_gain":0,"player_choice":"Read","damage_taken":0,"max_hp_gain":0,"max_hp_loss":0,"event_name":"The Library","floor":19,"gold_loss":0,"cards_obtained":["Perfected Strike"]},{"damage_healed":0,"gold_gain":0,"player_choice":"Ignored","damage_taken":0,"max_hp_gain":0,"max_hp_loss":0,"event_name":"Ghosts","floor":21,"gold_loss":0}],"is_beta":false,"boss_relics":[{"not_picked":["Snecko Eye","Runic Dome"],"picked":"Tiny House"}],"items_purged_floors":[3,11],"is_endless":false,"potions_floor_spawned":[1,16,18],"killed_by":"3 Cultists","ascension_level":2}