{"path_per_floor":["M","?","M","$","?","R","?","M","T","M","R","?","R","M","R","B",null,"M","$","M","T","M","R","?","?","T","M","$","E","?","M","R"],"character_chosen":"IRONCLAD","items_purchased":["Cleave","Twin Strike","Clothesline","Rage","Inflame"],"gold_per_floor":[113,113,128,33,109,109,88,104,104,121,121,121,121,132,132,229,229,240,118,130,176,193,193,193,193,216,235,157,183,183,195,195,195],"floor_reached":33,"campfire_rested":3,"playtime":2691,"current_hp_per_floor":[80,80,75,75,75,75,75,68,68,61,61,45,69,69,69,51,80,62,62,62,62,45,69,80,80,87,56,56,27,27,26,52,0],"items_purged":[],"gold":195,"score":255,"play_id":"e42f34da-8644-4be8-804f-27c1c73e5e47","local_time":"20180329023450","is_prod":false,"is_daily":false,"is_ascension_mode":false,"campfire_upgraded":3,"timestamp":1522316090,"path_taken":["M","?","?","$","?","R","?","?","T","M","R","?","R","?","R","BOSS","M","$","M","?","M","R","?","?","T","M","$","E","?","M","R","BOSS"],"build_version":"2018-03-22v2","purchased_purges":0,"victory":false,"master_deck":["Strike_R","Strike_R","Strike_R+1","Strike_R+1","Defend_R","Defend_R","Defend_R","Defend_R","Bash","Headbutt","Cleave+1","Twin Strike+1","Clothesline","Clothesline","Infernal Blade+1","Infernal Blade+1","Clash+1","Shrug It Off","Clothesline","Rage","Iron Wave+1","Twin Strike","Rage","Inflame","Thunderclap+1","Armaments"],"max_hp_per_floor":[80,80,80,80,80,80,80,80,80,80,80,80,80,80,80,80,80,80,80,80,80,80,80,80,80,87,87,87,87,87,87,87,87],"relics":["Snecko Eye","Girya","Astrolabe","Orichalcum","Strawberry","Bronze Scales"],"card_choices":[{"not_picked":["Infernal Blade","Power Through"],"picked":"Clash","floor":1},{"not_picked":["Dual Wield","Twin Strike"],"picked":"Headbutt","floor":3},{"not_picked":["Iron Wave","Warcry"],"picked":"Clothesline","floor":8},{"not_picked":["Flex","Iron Wave"],"picked":"Clothesline","floor":10},{"not_picked":["Second Wind","Rupture"],"picked":"Infernal Blade","floor":14},{"not_picked":["Dark Embrace","Fiend Fire"],"picked":"Offering","floor":16},{"not_picked":["Warcry","Body Slam"],"picked":"Shrug It Off","floor":18},{"not_picked":["Warcry","Burning Pact"],"picked":"Iron Wave","floor":20},{"not_picked":["Hemokinesis","Burning Pact"],"picked":"Twin Strike","floor":22},{"not_picked":["Searing Blow","Body Slam"],"picked":"Rage","floor":27},{"not_picked":["Dual Wield","Pommel Strike"],"picked":"Thunderclap","floor":29},{"not_picked":["Feed","Twin Strike"],"picked":"Armaments","floor":31}],"player_experience":3128,"potions_floor_usage":[8,31,31,33],"damage_taken":[{"damage":0,"enemies":"2 Louse","floor":1,"turns":3},{"damage":5,"enemies":"Cultist","floor":3,"turns":4},{"damage":7,"enemies":"Small Slimes","floor":8,"turns":3},{"damage":7,"enemies":"3 Louse","floor":10,"turns":2},{"damage":0,"enemies":"Blue Slaver","floor":14,"turns":2},{"damage":18,"enemies":"Slime Boss","floor":16,"turns":7},{"damage":18,"enemies":"3 Byrds","floor":18,"turns":4},{"damage":0,"enemies":"Spheric Guardian","floor":20,"turns":3},{"damage":17,"enemies":"Cultist and Chosen","floor":22,"turns":7},{"damage":31,"enemies":"3 Cultists","floor":27,"turns":5},{"damage":29,"enemies":"Gremlin Leader","floor":29,"turns":8},{"damage":10,"enemies":"Snake Plant","floor":31,"turns":3},{"damage":70,"enemies":"Champ","floor":33,"turns":12}],"event_choices":[{"event_name":"Accursed Blacksmith","player_choice":"Ignore","floor":2,"damage_taken":0},{"event_name":"Golden Wing","player_choice":"Gained Gold","floor":5,"damage_taken":0},{"event_name":"World of Goop","player_choice":"Left","floor":7,"damage_taken":0},{"event_name":"Shining Light","player_choice":"Entered Light","floor":12,"damage_taken":0},{"event_name":"Bonfire Elementals","player_choice":"UNCOMMON","floor":24,"damage_taken":0},{"event_name":"Vampires","player_choice":"Ignored","floor":25,"damage_taken":0},{"event_name":"Drug Dealer","player_choice":"Ignored","floor":30,"damage_taken":0}],"boss_relics":[{"not_picked":["White Beast Statue","Calling Bell"],"picked":"Astrolabe"}],"potions_floor_spawned":[1,8,10,18,20,22,29],"seed_played":"5607238163786337286","killed_by":"Champ","ascension_level":0,"is_trial":false}