{"gold_per_floor":[109,109,121,131,141,141,176,176,176,176,187,187,112,129,129,233,233,246,146,174,174,174,187,62,62,62,72,72],"floor_reached":28,"playtime":773,"items_purged":["Strike_R","Defend_R","Strike_R"],"score":218,"play_id":"00e8ab37-b284-489d-89ba-c0665928823a","local_time":"20190316121215","is_ascension_mode":false,"campfire_choices":[{"data":"Bash","floor":6,"key":"SMITH"},{"data":"Shrug It Off","floor":8,"key":"SMITH"},{"data":"1","floor":12,"key":"LIFT"},{"data":"2","floor":15,"key":"LIFT"},{"data":"3","floor":25,"key":"LIFT"}],"neow_cost":"NONE","seed_source_timestamp":287015040149019,"circlet_count":0,"master_deck":["Strike_R","Strike_R","Defend_R","Defend_R","Bash+1","Shrug It Off+1","Feel No Pain","Flame Barrier","Fiend Fire","Parasite","Decay","Regret"],"relics":["Burning Blood","FossilizedHelix","Girya","Calling Bell","Pen Nib","Ornamental Fan","Nunchaku","Red Mask","Nilry\u0027s Codex","Centennial Puzzle"],"potions_floor_usage":[7,16,20],"damage_taken":[{"damage":8,"enemies":"Jaw Worm","floor":1,"turns":3},{"damage":7,"enemies":"2 Louse","floor":3,"turns":4},{"damage":9,"enemies":"Cultist","floor":4,"turns":4},{"damage":11,"enemies":"3 Louse","floor":5,"turns":4},{"damage":20,"enemies":"Gremlin Nob","floor":7,"turns":4},{"damage":0,"enemies":"Exordium Wildlife","floor":11,"turns":4},{"damage":1,"enemies":"Blue Slaver","floor":14,"turns":4},{"damage":23,"enemies":"The Guardian","floor":16,"turns":13},{"damage":10,"enemies":"Chosen","floor":18,"turns":3},{"damage":0,"enemies":"Masked Bandits","floor":20,"turns":2},{"damage":19,"enemies":"3 Byrds","floor":23,"turns":8},{"damage":22,"enemies":"Shelled Parasite and Fungi","floor":27,"turns":4},{"damage":26,"enemies":"Gremlin Leader","floor":28,"turns":5}],"seed_played":"-7958124435910657941","potions_obtained":[{"floor":1,"key":"FearPotion"},{"floor":3,"key":"Poison Potion"},{"floor":7,"key":"Weak Potion"},{"floor":11,"key":"PowerPotion"},{"floor":18,"key":"AttackPotion"}],"is_trial":false,"path_per_floor":["M","?","M","M","M","R","E","R","T","?","M","R","$","M","R","B",null,"M","$","?","?","?","M","$","R","T","M","E"],"character_chosen":"IRONCLAD","items_purchased":[],"campfire_rested":0,"item_purchase_floors":[],"current_hp_per_floor":[78,78,77,74,69,69,55,55,55,55,61,61,61,66,66,49,80,76,76,80,64,80,67,67,67,67,51,25],"gold":72,"neow_bonus":"REMOVE_CARD","is_prod":false,"is_daily":false,"chose_seed":false,"campfire_upgraded":2,"win_rate":0,"timestamp":1552752735,"path_taken":["M","?","M","M","M","R","E","R","T","?","?","R","$","M","R","BOSS","M","$","?","?","?","M","$","R","T","?","E"],"build_version":"2019-03-15","purchased_purges":3,"victory":false,"max_hp_per_floor":[80,80,80,80,80,80,80,80,80,80,80,80,80,80,80,80,80,80,80,80,80,80,80,80,80,80,80,80],"card_choices":[{"not_picked":["Pummel","Armaments","Power Through"],"picked":"SKIP","floor":1},{"not_picked":["Reckless Charge","Blood for Blood","Clash"],"picked":"SKIP","floor":3},{"not_picked":["Wild Strike","Havoc"],"picked":"Shrug It Off","floor":4},{"not_picked":["Pummel","Searing Blow","Perfected Strike"],"picked":"SKIP","floor":5},{"not_picked":["Wild Strike","Hemokinesis","Clothesline"],"picked":"SKIP","floor":7},{"not_picked":["Pommel Strike","Fire Breathing","Wild Strike"],"picked":"SKIP","floor":11},{"not_picked":["Pummel","Offering"],"picked":"Flame Barrier","floor":14},{"not_picked":["Berserk","Dark Embrace"],"picked":"Fiend Fire","floor":16},{"not_picked":["Armaments","Second Wind","Perfected Strike"],"picked":"SKIP","floor":18},{"not_picked":["Havoc+1","Cleave","True Grit"],"picked":"SKIP","floor":23},{"not_picked":["Evolve","Perfected Strike","Body Slam"],"picked":"SKIP","floor":27}],"player_experience":1106609,"relics_obtained":[{"floor":7,"key":"FossilizedHelix"},{"floor":9,"key":"Girya"},{"floor":17,"key":"Pen Nib"},{"floor":17,"key":"Ornamental Fan"},{"floor":17,"key":"Nunchaku"},{"floor":20,"key":"Red Mask"},{"floor":21,"key":"Nilry\u0027s Codex"},{"floor":26,"key":"Centennial Puzzle"}],"event_choices":[{"damage_healed":0,"gold_gain":0,"player_choice":"Ignored","damage_taken":0,"max_hp_gain":0,"max_hp_loss":0,"event_name":"Liars Game","floor":2,"gold_loss":0},{"damage_healed":0,"gold_gain":0,"cards_transformed":["Strike_R"],"player_choice":"Transformed","damage_taken":0,"max_hp_gain":0,"max_hp_loss":0,"event_name":"Transmorgrifier","floor":10,"gold_loss":0,"cards_obtained":["Feel No Pain"]},{"damage_healed":0,"gold_gain":0,"player_choice":"Fought Bandits","damage_taken":0,"max_hp_gain":0,"max_hp_loss":0,"event_name":"Masked Bandits","floor":20,"gold_loss":0},{"damage_healed":0,"gold_gain":0,"player_choice":"Obtained Book","damage_taken":16,"max_hp_gain":0,"max_hp_loss":0,"event_name":"Cursed Tome","floor":21,"gold_loss":0},{"damage_healed":16,"gold_gain":0,"player_choice":"Full Heal","damage_taken":0,"max_hp_gain":0,"max_hp_loss":0,"event_name":"Wheel of Change","floor":22,"gold_loss":0}],"is_beta":true,"boss_relics":[{"not_picked":["Cursed Key","Coffee Dripper"],"picked":"Calling Bell"}],"items_purged_floors":[13,19,24],"is_endless":false,"potions_floor_spawned":[1,3,7,11,18],"killed_by":"Gremlin Leader","ascension_level":0}