{"gold_per_floor":[114,39,314,325,343,343,376,376,376,393,393,421,421,421,421,496,496,516,54,54,65,83,83,112,147,171,96,110,110,126,144,144,218,218,233,247,147,165,165,165,181,201,201,201,230,452,504,2,2,2,2],"floor_reached":52,"playtime":2713,"items_purged":["Shame","Strike_B+1"],"score":1820,"play_id":"94b01ec1-6deb-4cbc-908b-5073ef314466","local_time":"20180922175029","is_ascension_mode":true,"campfire_choices":[{"data":"Go for the Eyes","floor":6.0,"key":"SMITH"},{"data":"Sunder","floor":8.0,"key":"SMITH"},{"floor":11.0,"key":"REST"},{"floor":15.0,"key":"REST"},{"floor":29.0,"key":"REST"},{"floor":32.0,"key":"REST"},{"data":"Chill","floor":40.0,"key":"SMITH"},{"floor":44.0,"key":"REST"},{"floor":49.0,"key":"REST"}],"neow_cost":"NONE","seed_source_timestamp":807363689001134,"circlet_count":0,"master_deck":["Strike_B+1","Strike_B+1","Defend_B+1","Defend_B+1","Defend_B+1","Zap","Dualcast","AscendersBane","Chill+1","Go for the Eyes+1","Conserve Battery","Sunder+1","Sweeping Beam","Echo Form+1","Defragment+1","Buffer+1","Ball Lightning","Doom and Gloom","Sunder","Capacitor+1","Coolheaded+1","Electrodynamics+1","Cold Snap","Cold Snap+1","Leap+1","Compile Driver+1","Cold Snap+1","Glacier"],"special_seed":0,"relics":["Cracked Core","Turnip","Frozen Egg 2","Whetstone","Velvet Choker","Runic Capacitor","Dodecahedron","StoneCalendar","Red Mask","Happy Flower","Orrery","Mercury Hourglass","Bottled Flame","Torii","Pocketwatch","Strawberry"],"potions_floor_usage":[],"damage_taken":[{"damage":0.0,"enemies":"2 Louse","floor":1.0,"turns":3.0},{"damage":4.0,"enemies":"Cultist","floor":4.0,"turns":4.0},{"damage":1.0,"enemies":"Small Slimes","floor":5.0,"turns":4.0},{"damage":62.0,"enemies":"Gremlin Nob","floor":7.0,"turns":6.0},{"damage":0.0,"enemies":"Exordium Wildlife","floor":10.0,"turns":3.0},{"damage":20.0,"enemies":"Lagavulin","floor":12.0,"turns":6.0},{"damage":21.0,"enemies":"Slime Boss","floor":16.0,"turns":7.0},{"damage":14.0,"enemies":"Shell Parasite","floor":18.0,"turns":4.0},{"damage":0.0,"enemies":"Spheric Guardian","floor":21.0,"turns":4.0},{"damage":8.0,"enemies":"Snake Plant","floor":22.0,"turns":4.0},{"damage":15.0,"enemies":"Gremlin Leader","floor":24.0,"turns":7.0},{"damage":24.0,"enemies":"Masked Bandits","floor":25.0,"turns":3.0},{"damage":0.0,"enemies":"Snecko","floor":28.0,"turns":5.0},{"damage":0.0,"enemies":"Chosen and Byrds","floor":30.0,"turns":5.0},{"damage":14.0,"enemies":"Snake Plant","floor":31.0,"turns":3.0},{"damage":2.0,"enemies":"Automaton","floor":33.0,"turns":7.0},{"damage":0.0,"enemies":"3 Shapes","floor":35.0,"turns":4.0},{"damage":17.0,"enemies":"3 Darklings","floor":36.0,"turns":4.0},{"damage":3.0,"enemies":"Reptomancer","floor":38.0,"turns":5.0},{"damage":9.0,"enemies":"4 Shapes","floor":41.0,"turns":4.0},{"damage":7.0,"enemies":"Sphere and 2 Shapes","floor":42.0,"turns":5.0},{"damage":31.0,"enemies":"Nemesis","floor":45.0,"turns":7.0},{"damage":2.0,"enemies":"Mysterious Sphere","floor":47.0,"turns":4.0},{"damage":19.0,"enemies":"Time Eater","floor":50.0,"turns":18.0},{"damage":26,"enemies":"Donu and Deca","floor":51,"turns":13}],"seed_played":"379454858634417759","potions_obtained":[{"floor":1.0,"key":"Dexterity Potion"},{"floor":5.0,"key":"Regen Potion"},{"floor":12.0,"key":"FearPotion"},{"floor":16.0,"key":"Regen Potion"},{"floor":21.0,"key":"Fire Potion"},{"floor":25.0,"key":"FearPotion"},{"floor":28.0,"key":"Fire Potion"},{"floor":35.0,"key":"Poison Potion"},{"floor":38.0,"key":"FearPotion"},{"floor":41.0,"key":"LiquidBronze"}],"is_trial":false,"path_per_floor":["M","?","?","M","M","R","E","R","T","M","R","E","?","?","R","B",null,"M","$","?","M","M","?","E","?","T","$","M","R","M","M","R","B",null,"M","M","$","M","?","R","M","M","T","R","E","?","?","$","R","B","B"],"character_chosen":"DEFECT","items_purchased":["Buffer+1","Runic Capacitor","PowerPotion","Pocketwatch","Strawberry"],"campfire_rested":6,"item_purchase_floors":[19,19,19,48,48],"current_hp_per_floor":[64,64,64,60,59,59,12,12,12,12,33,13,6,11,33,12,60,58,58,58,58,50,50,35,11,11,11,11,33,33,19,41,39,67,67,50,50,47,47,47,38,31,31,53,22,22,20,27,51,32,6],"gold":2,"neow_bonus":"REMOVE_CARD","is_prod":false,"is_daily":false,"chose_seed":false,"campfire_upgraded":3,"win_rate":0,"timestamp":1537653029,"path_taken":["M","?","?","M","M","R","E","R","T","M","R","E","?","?","R","BOSS","M","$","?","M","M","?","E","?","T","$","M","R","M","M","R","BOSS","M","M","$","M","?","R","M","M","T","R","E","?","?","$","R","BOSS","BOSS"],"build_version":"2018-09-20","purchased_purges":2,"victory":true,"max_hp_per_floor":[71,71,71,71,71,71,71,71,71,71,71,71,71,76,76,76,76,76,76,76,76,76,76,76,76,76,76,76,76,76,76,76,76,76,76,76,76,76,76,76,76,76,76,76,76,76,76,83,83,83,83],"card_choices":[{"not_picked":["Turbo","Barrage"],"picked":"Chill","floor":1.0},{"not_picked":["Rebound","Steam Power"],"picked":"Go for the Eyes","floor":4.0},{"not_picked":["Blizzard","Redo"],"picked":"Conserve Battery","floor":5.0},{"not_picked":["Darkness","Capacitor"],"picked":"Sunder","floor":7.0},{"not_picked":["Steam","Conserve Battery"],"picked":"Sweeping Beam","floor":10.0},{"not_picked":["Genetic Algorithm","Thunder Strike"],"picked":"Steam","floor":12.0},{"not_picked":["Creative AI+1","Machine Learning+1"],"picked":"Echo Form+1","floor":16.0},{"not_picked":["White Noise","Beam Cell"],"picked":"Defragment+1","floor":18.0},{"not_picked":["Capacitor+1","Conserve Battery"],"picked":"Ball Lightning","floor":21.0},{"not_picked":["Aggregate","Auto Shields"],"picked":"Doom and Gloom","floor":22.0},{"not_picked":["Rebound","Undo"],"picked":"Sunder","floor":24.0},{"not_picked":["Capacitor+1","Doom and Gloom","Rebound"],"picked":"SKIP","floor":28.0},{"not_picked":["Doom and Gloom","Rebound"],"picked":"Capacitor+1","floor":28.0},{"not_picked":["Go for the Eyes","Beam Cell+1"],"picked":"Coolheaded+1","floor":30.0},{"not_picked":["Stack","Heatsinks+1","Compile Driver"],"picked":"SKIP","floor":31.0},{"not_picked":["Streamline","Barrage"],"picked":"Electrodynamics+1","floor":34.0},{"not_picked":["Conserve Battery","Recycle"],"picked":"Cold Snap","floor":34.0},{"not_picked":["Amplify","Barrage"],"picked":"Cold Snap+1","floor":35.0},{"not_picked":["Redo+1","Consume","Chaos"],"picked":"SKIP","floor":38.0},{"not_picked":["Biased Cognition+1","Sunder"],"picked":"Leap+1","floor":41.0},{"not_picked":["Genetic Algorithm","Leap"],"picked":"Compile Driver+1","floor":42.0},{"not_picked":["Rebound","Leap"],"picked":"Cold Snap+1","floor":45.0},{"not_picked":["Sweeping Beam","Redo"],"picked":"Glacier","floor":47.0}],"player_experience":899685,"relics_obtained":[{"floor":7.0,"key":"Turnip"},{"floor":9.0,"key":"Frozen Egg 2"},{"floor":12.0,"key":"Whetstone"},{"floor":24.0,"key":"StoneCalendar"},{"floor":25.0,"key":"Red Mask"},{"floor":26.0,"key":"Happy Flower"},{"floor":43.0,"key":"Mercury Hourglass"},{"floor":45.0,"key":"Bottled Flame"},{"floor":47.0,"key":"Torii"}],"event_choices":[{"event_name":"The Cleric","player_choice":"Card Removal","floor":2.0,"damage_taken":0.0},{"event_name":"Golden Shrine","player_choice":"Desecrate","floor":3.0,"damage_taken":0.0},{"event_name":"Golden Wing","player_choice":"Card Removal","floor":13.0,"damage_taken":0.0},{"event_name":"Big Fish","player_choice":"Donut","floor":14.0,"damage_taken":0.0},{"event_name":"Back to Basics","player_choice":"Simplicity","floor":20.0,"damage_taken":0.0},{"event_name":"Addict","player_choice":"Stole Relic","floor":23.0,"damage_taken":0.0},{"event_name":"Masked Bandits","player_choice":"Fought Bandits","floor":25.0,"damage_taken":0.0},{"event_name":"Falling","player_choice":"Removed Skill","floor":39.0,"damage_taken":0.0},{"event_name":"Tomb of Lord Red Mask","player_choice":"Wore Mask","floor":46.0,"damage_taken":0.0},{"event_name":"Mysterious Sphere","player_choice":"Fight","floor":47.0,"damage_taken":0.0}],"is_beta":false,"boss_relics":[{"not_picked":["Philosopher\u0027s Stone","Astrolabe"],"picked":"Velvet Choker"},{"not_picked":["Black Star","Coffee Dripper"],"picked":"Orrery"}],"items_purged_floors":[27,37],"is_endless":false,"potions_floor_spawned":[1,5,12,16,21,25,28,35,38,41],"ascension_level":20}