{"gold_per_floor":[215,215,215,265,23,23,43,43,43,59,59,77,96,125,125,125],"floor_reached":16,"playtime":337,"items_purged":["Regret"],"score":200,"play_id":"6c8d91a4-9ec7-4e0d-9fe2-864b76ceff21","local_time":"20181103205238","is_ascension_mode":true,"campfire_choices":[{"data":"Zap","floor":6,"key":"SMITH"},{"data":"Dualcast","floor":8,"key":"SMITH"},{"data":"Hologram","floor":11,"key":"SMITH"},{"data":"Melter","floor":15,"key":"SMITH"}],"neow_cost":"NONE","seed_source_timestamp":39796098128279,"circlet_count":0,"master_deck":["AscendersBane","Strike_B","Strike_B","Strike_B","Defend_B","Defend_B","Defend_B","Defend_B","Zap+1","Dualcast+1","Leap","Leap","Hologram+1","Ball Lightning","Melter+1","Biased Cognition"],"special_seed":0,"relics":["Cracked Core","Ginger","Art of War","Shuriken","Pen Nib"],"potions_floor_usage":[14,16],"damage_taken":[{"damage":4.0,"enemies":"Jaw Worm","floor":1.0,"turns":4.0},{"damage":0,"enemies":"2 Louse","floor":7,"turns":3},{"damage":0,"enemies":"Small Slimes","floor":10,"turns":3},{"damage":32,"enemies":"Exordium Thugs","floor":12,"turns":6},{"damage":0,"enemies":"Large Slime","floor":13,"turns":3},{"damage":7,"enemies":"3 Sentries","floor":14,"turns":6},{"damage":7,"enemies":"The Guardian","floor":16,"turns":4}],"seed_played":"-97391571692920064","potions_obtained":[{"floor":7,"key":"Energy Potion"},{"floor":12,"key":"Strength Potion"}],"is_trial":false,"path_per_floor":["M","?","?","?","$","R","M","R","T","M","R","M","M","E","R","B"],"character_chosen":"DEFECT","items_purchased":["Art of War"],"campfire_rested":0,"item_purchase_floors":[5],"current_hp_per_floor":[60,53,53,46,46,46,46,46,46,46,46,14,14,7,7,0],"gold":125,"neow_bonus":"HUNDRED_GOLD","is_prod":false,"is_daily":false,"chose_seed":false,"campfire_upgraded":4,"win_rate":0,"timestamp":1541292758,"path_taken":["M","?","?","?","$","R","M","R","T","M","R","M","M","E","R","BOSS"],"build_version":"2018-11-02","purchased_purges":1,"victory":false,"max_hp_per_floor":[71,71,71,71,71,71,71,71,71,71,71,71,71,71,71,71],"card_choices":[{"not_picked":["Stack","Gash"],"picked":"Leap","floor":1.0},{"not_picked":["Redo","Capacitor"],"picked":"Leap","floor":7},{"not_picked":["Stack","Coolheaded"],"picked":"Hologram","floor":10},{"not_picked":["Darkness","Barrage"],"picked":"Ball Lightning","floor":12},{"not_picked":["Leap","Turbo"],"picked":"Melter","floor":13},{"not_picked":["Beam Cell","Conserve Battery"],"picked":"Biased Cognition","floor":14}],"player_experience":825853,"relics_obtained":[{"floor":9,"key":"Shuriken"},{"floor":14,"key":"Pen Nib"}],"event_choices":[{"cards_removed":["Strike_B"],"damage_healed":0.0,"max_hp_gain":0.0,"max_hp_loss":0.0,"gold_gain":0.0,"event_name":"Golden Wing","player_choice":"Card Removal","floor":2.0,"gold_loss":0.0,"damage_taken":7.0},{"damage_healed":0.0,"max_hp_gain":0.0,"max_hp_loss":0.0,"gold_gain":0.0,"event_name":"Big Fish","player_choice":"Box","floor":3.0,"gold_loss":0.0,"damage_taken":0.0,"relics_obtained":["Ginger"],"cards_obtained":["Regret"]},{"damage_healed":0,"gold_gain":50,"player_choice":"Touch","damage_taken":7,"max_hp_gain":0,"max_hp_loss":0,"event_name":"FaceTrader","floor":4,"gold_loss":0}],"is_beta":true,"boss_relics":[],"items_purged_floors":[5],"is_endless":false,"potions_floor_spawned":[7,12],"killed_by":"The Guardian","ascension_level":20}