{"gold_per_floor":[119,138,138,16,32,32,32,32,32,58,58,89,89,124,124,124],"floor_reached":16,"playtime":400,"items_purged":["Strike_B"],"score":122,"play_id":"6c578e53-b60a-4f43-9b4a-362411ee4451","local_time":"20190307021522","is_ascension_mode":true,"campfire_choices":[{"data":"Self Repair","floor":6,"key":"SMITH"},{"data":"Streamline","floor":8,"key":"SMITH"},{"data":"Zap","floor":11,"key":"SMITH"},{"data":"Sunder","floor":13,"key":"SMITH"},{"data":"Zap","floor":15,"key":"SMITH"}],"neow_cost":"NONE","seed_source_timestamp":123812487134966,"circlet_count":0,"master_deck":["Strike_B","Strike_B","Strike_B","Defend_B","Defend_B","Defend_B","Defend_B","Zap+1","Dualcast","Panacea","Self Repair+1","Streamline+1","Zap+1","Gash","Ball Lightning","Gash","Sunder+1"],"relics":["Cracked Core","Vajra","Mercury Hourglass","Bottled Tornado","Mummified Hand"],"potions_floor_usage":[10,10,10],"damage_taken":[{"damage":9,"enemies":"Cultist","floor":1,"turns":4},{"damage":2,"enemies":"Small Slimes","floor":2,"turns":4},{"damage":1,"enemies":"2 Louse","floor":5,"turns":2},{"damage":26,"enemies":"Lagavulin","floor":10,"turns":4},{"damage":11,"enemies":"Gremlin Nob","floor":12,"turns":4},{"damage":26,"enemies":"Lagavulin","floor":14,"turns":4},{"damage":37,"enemies":"The Guardian","floor":16,"turns":6}],"seed_played":"8951155283576145168","potions_obtained":[{"floor":1,"key":"Strength Potion"},{"floor":2,"key":"FocusPotion"},{"floor":5,"key":"AttackPotion"}],"is_trial":false,"path_per_floor":["M","M","?","$","M","R","?","R","T","E","R","E","R","E","R","B"],"character_chosen":"DEFECT","items_purchased":["Gash"],"campfire_rested":0,"item_purchase_floors":[4],"current_hp_per_floor":[66,71,71,71,75,75,68,68,68,52,52,51,51,35,35,0],"gold":124,"neow_bonus":"RANDOM_COLORLESS","is_prod":false,"is_daily":false,"chose_seed":false,"campfire_upgraded":5,"win_rate":0,"timestamp":1551953722,"path_taken":["M","M","?","$","?","R","?","R","T","E","R","E","R","E","R","BOSS"],"build_version":"2019-01-23","purchased_purges":1,"victory":false,"max_hp_per_floor":[75,75,75,75,75,75,75,75,75,75,75,75,75,75,75,75],"card_choices":[{"not_picked":["Aggregate","Melter"],"picked":"Self Repair","floor":1},{"not_picked":["Static Discharge","Turbo"],"picked":"Streamline","floor":2},{"not_picked":["Coolheaded","Tempest"],"picked":"Ball Lightning","floor":5},{"not_picked":["Fission","Rebound"],"picked":"Gash","floor":10},{"not_picked":["Reinforced Body","Consume"],"picked":"Sunder","floor":12},{"not_picked":["Turbo","Hello World","Hologram"],"picked":"SKIP","floor":14}],"player_experience":314564,"relics_obtained":[{"floor":10,"key":"Mercury Hourglass"},{"floor":12,"key":"Bottled Tornado"},{"floor":14,"key":"Mummified Hand"}],"event_choices":[{"damage_healed":0,"gold_gain":0,"player_choice":"1 cards matched","damage_taken":0,"max_hp_gain":0,"max_hp_loss":0,"event_name":"Match and Keep!","floor":3,"gold_loss":0,"cards_obtained":["Zap"]},{"damage_healed":0,"gold_gain":0,"player_choice":"Success","damage_taken":7,"relics_obtained":["Vajra"],"max_hp_gain":0,"max_hp_loss":0,"event_name":"Scrap Ooze","floor":7,"gold_loss":0}],"is_beta":false,"boss_relics":[],"items_purged_floors":[4],"is_endless":false,"potions_floor_spawned":[1,2,5],"killed_by":"The Guardian","ascension_level":1}