{"gold_per_floor":[117,132,132,142,6,6,39,39,107,257,282,295,295,311,311,390,390,400,450,450,450,467,467,479,479,559,559,559],"floor_reached":28,"playtime":981,"items_purged":[],"score":452,"play_id":"e260c14a-55a9-4028-b635-57b81dff8c38","local_time":"20190315201242","is_ascension_mode":true,"campfire_choices":[{"data":"Bouncing Flask","floor":6.0,"key":"SMITH"},{"floor":8.0,"key":"REST"},{"data":"Poisoned Stab","floor":13,"key":"SMITH"},{"data":"Poisoned Stab","floor":15,"key":"SMITH"},{"data":"After Image","floor":23,"key":"SMITH"},{"data":"Caltrops","floor":25,"key":"SMITH"},{"data":"Poisoned Stab","floor":27,"key":"SMITH"}],"neow_cost":"NONE","seed_source_timestamp":229210701542769,"circlet_count":0,"master_deck":["AscendersBane","Defend_G","Defend_G","Defend_G","Defend_G","Defend_G","Strike_G","Strike_G+1","Strike_G","Strike_G","Survivor","Neutralize+1","Dagger Spray","Bouncing Flask+1","Caltrops+1","After Image+1","Poisoned Stab+1","Poisoned Stab+1","Night Terror","Escape Plan+1","Poisoned Stab+1","Calculated Gamble"],"special_seed":0,"relics":["Ring of the Snake","Bag of Marbles","Pantograph","Whetstone","Coffee Dripper","Singing Bowl"],"potions_floor_usage":[24,24,24,28,28,28],"damage_taken":[{"damage":0.0,"enemies":"2 Louse","floor":1.0,"turns":3.0},{"damage":7.0,"enemies":"Small Slimes","floor":2.0,"turns":4.0},{"damage":1.0,"enemies":"Cultist","floor":4.0,"turns":3.0},{"damage":26.0,"enemies":"3 Sentries","floor":7.0,"turns":7.0},{"damage":17.0,"enemies":"Lagavulin","floor":11.0,"turns":6.0},{"damage":0,"enemies":"Gremlin Gang","floor":12,"turns":3},{"damage":2,"enemies":"Large Slime","floor":14,"turns":3},{"damage":26,"enemies":"The Guardian","floor":16,"turns":8},{"damage":4,"enemies":"Spheric Guardian","floor":18,"turns":4},{"damage":19,"enemies":"3 Byrds","floor":22,"turns":5},{"damage":17,"enemies":"Cultist and Chosen","floor":24,"turns":6},{"damage":25,"enemies":"Gremlin Leader","floor":28,"turns":3}],"seed_played":"6119209171463100015","potions_obtained":[{"floor":1.0,"key":"AttackPotion"},{"floor":7.0,"key":"Swift Potion"},{"floor":12,"key":"Ancient Potion"},{"floor":16,"key":"EntropicBrew"},{"floor":22,"key":"Fire Potion"}],"is_trial":false,"path_per_floor":["M","M","?","M","$","R","E","R","T","?","E","M","R","M","R","B",null,"M","?","?","?","M","R","M","R","T","R","E"],"character_chosen":"THE_SILENT","items_purchased":["Fire Potion","Caltrops"],"campfire_rested":1,"item_purchase_floors":[5,5],"current_hp_per_floor":[65,58,51,50,50,50,24,45,45,45,28,28,28,26,26,25,60,56,56,56,56,37,37,20,20,20,20,0],"gold":559,"neow_bonus":"TEN_PERCENT_HP_BONUS","is_prod":false,"is_daily":false,"chose_seed":false,"campfire_upgraded":6,"win_rate":0,"timestamp":1552695162,"path_taken":["M","M","?","M","$","R","E","R","T","?","E","M","R","M","R","BOSS","M","?","?","?","?","R","M","R","T","R","E"],"build_version":"2019-02-06","purchased_purges":0,"victory":false,"max_hp_per_floor":[72,72,72,72,72,72,72,72,72,72,72,72,72,72,72,72,72,72,72,72,72,72,72,72,72,72,72,72],"card_choices":[{"not_picked":["Masterful Stab","Slice"],"picked":"Dagger Spray","floor":1.0},{"not_picked":["Deflect","PiercingWail"],"picked":"Bouncing Flask","floor":2.0},{"not_picked":["Outmaneuver","Cloak And Dagger","Bane"],"picked":"SKIP","floor":4.0},{"not_picked":["Dagger Throw","Blade Dance"],"picked":"After Image","floor":7.0},{"not_picked":["Prepared","Choke"],"picked":"Poisoned Stab","floor":11},{"not_picked":["Underhanded Strike","Outmaneuver"],"picked":"Poisoned Stab","floor":12},{"not_picked":["Flying Knee","Dagger Throw","Blade Dance"],"picked":"SKIP","floor":14},{"not_picked":["Storm of Steel","Phantasmal Killer"],"picked":"Night Terror","floor":16},{"not_picked":["Sucker Punch","Infinite Blades"],"picked":"Escape Plan+1","floor":18},{"not_picked":["Blade Dance","Sucker Punch"],"picked":"Poisoned Stab","floor":22},{"not_picked":["Venomology","Blade Dance"],"picked":"Calculated Gamble","floor":24}],"player_experience":1099324,"relics_obtained":[{"floor":7.0,"key":"Bag of Marbles"},{"floor":9.0,"key":"Pantograph"},{"floor":11,"key":"Whetstone"},{"floor":26,"key":"Singing Bowl"}],"event_choices":[{"cards_removed":["Strike_G"],"damage_healed":0.0,"max_hp_gain":0.0,"max_hp_loss":0.0,"gold_gain":0.0,"event_name":"Golden Wing","player_choice":"Card Removal","floor":3.0,"gold_loss":0.0,"damage_taken":7.0},{"damage_healed":0.0,"max_hp_gain":0.0,"max_hp_loss":0.0,"gold_gain":150.0,"event_name":"Liars Game","player_choice":"AGREE","floor":10.0,"gold_loss":0.0,"damage_taken":0.0,"cards_obtained":["Doubt"]},{"damage_healed":0,"gold_gain":50,"player_choice":"Stole From Cult","damage_taken":0,"max_hp_gain":0,"max_hp_loss":0,"event_name":"Nest","floor":19,"gold_loss":0},{"damage_healed":0,"gold_gain":0,"player_choice":"Ignored","damage_taken":0,"max_hp_gain":0,"max_hp_loss":0,"event_name":"Vampires","floor":20,"gold_loss":0},{"cards_removed":["Doubt"],"damage_healed":0,"gold_gain":0,"player_choice":"Removed Curses","damage_taken":0,"max_hp_gain":0,"max_hp_loss":0,"event_name":"Fountain of Cleansing","floor":21,"gold_loss":0}],"is_beta":true,"boss_relics":[{"not_picked":["White Beast Statue","Orrery"],"picked":"Coffee Dripper"}],"items_purged_floors":[],"is_endless":false,"potions_floor_spawned":[1,7,12,16,22],"killed_by":"Gremlin Leader","ascension_level":20}