{"gold_per_floor":[112,130,143,61,61,73,146,187,199,211,223,5,16,16,16,121,121,131,144,104,119,19,19,49,49,76,76,1,1,1,12,12,12],"floor_reached":33,"playtime":893,"items_purged":["Parasite","Strike_R"],"score":287,"play_id":"108f3a5c-143c-4fa7-afe1-8b16600b7f79","local_time":"20190312052416","is_ascension_mode":true,"campfire_choices":[{"data":"Heavy Blade","floor":6,"key":"SMITH"},{"data":"Clothesline","floor":11,"key":"SMITH"},{"data":"Inflame","floor":15,"key":"SMITH"},{"data":"Bludgeon","floor":23,"key":"SMITH"},{"floor":25,"key":"REST"},{"floor":29,"key":"REST"},{"floor":32,"key":"REST"}],"neow_cost":"NONE","seed_source_timestamp":340638211990014,"circlet_count":0,"master_deck":["Strike_R","Strike_R+1","Strike_R+1","Defend_R","Defend_R","Defend_R","Defend_R","Bash","Heavy Blade+1","Clothesline+1","Flame Barrier","Inflame+1","Flame Barrier","Bludgeon+1","Heavy Blade+1","RitualDagger+1"],"relics":["Burning Blood","NeowsBlessing","MawBank","Pen Nib","Mercury Hourglass","Matryoshka","Vajra","Black Star","Kunai","Sundial","Orichalcum"],"potions_floor_usage":[7,16,16,16,19,33,33],"damage_taken":[{"damage":0,"enemies":"Cultist","floor":1,"turns":1},{"damage":0,"enemies":"Small Slimes","floor":2,"turns":1},{"damage":0,"enemies":"Jaw Worm","floor":3,"turns":1},{"damage":21,"enemies":"3 Sentries","floor":7,"turns":5},{"damage":34,"enemies":"3 Sentries","floor":8,"turns":15},{"damage":10,"enemies":"2 Fungi Beasts","floor":13,"turns":4},{"damage":16,"enemies":"Hexaghost","floor":16,"turns":7},{"damage":1,"enemies":"3 Byrds","floor":18,"turns":2},{"damage":18,"enemies":"Shell Parasite","floor":19,"turns":4},{"damage":9,"enemies":"Centurion and Healer","floor":21,"turns":4},{"damage":58,"enemies":"Slavers","floor":24,"turns":7},{"damage":17,"enemies":"3 Cultists","floor":31,"turns":5},{"damage":76,"enemies":"Automaton","floor":33,"turns":8}],"seed_played":"2404442168629481743","potions_obtained":[{"floor":3,"key":"PowerPotion"},{"floor":13,"key":"AttackPotion"},{"floor":14,"key":"Fruit Juice"},{"floor":14,"key":"Poison Potion"},{"floor":16,"key":"Energy Potion"},{"floor":24,"key":"LiquidBronze"},{"floor":31,"key":"LiquidBronze"}],"is_trial":false,"path_per_floor":["M","M","M","$","T","R","?","E","T","?","R","$","M","?","R","B",null,"M","M","?","M","$","R","E","R","T","?","?","R","?","M","R","B"],"character_chosen":"IRONCLAD","items_purchased":["Inflame","Vajra"],"campfire_rested":3,"item_purchase_floors":[4,12],"current_hp_per_floor":[80,80,80,80,80,80,65,37,37,57,57,57,53,53,53,48,82,82,70,70,67,67,67,15,39,39,33,33,57,57,46,70,0],"gold":12,"neow_bonus":"THREE_ENEMY_KILL","is_prod":false,"is_daily":false,"chose_seed":false,"campfire_upgraded":4,"win_rate":0,"timestamp":1552393456,"path_taken":["M","M","M","$","?","R","?","E","T","?","R","?","M","?","R","BOSS","M","?","?","?","$","R","E","R","T","?","?","R","?","M","R","BOSS"],"build_version":"2019-01-23","purchased_purges":2,"victory":false,"max_hp_per_floor":[80,80,80,80,80,80,80,80,80,80,80,77,77,77,77,82,82,82,82,82,82,82,82,82,82,82,82,82,82,82,82,82,82],"card_choices":[{"not_picked":["Wild Strike","Thunderclap"],"picked":"Heavy Blade","floor":1},{"not_picked":["Twin Strike","Rupture"],"picked":"Clothesline","floor":2},{"not_picked":["Pommel Strike","Warcry"],"picked":"Flame Barrier","floor":3},{"not_picked":["Thunderclap","Wild Strike"],"picked":"Flame Barrier","floor":8},{"not_picked":["Fire Breathing","Iron Wave","Sword Boomerang"],"picked":"SKIP","floor":13},{"not_picked":["Berserk","Immolate"],"picked":"Bludgeon","floor":16},{"not_picked":["Sword Boomerang","Heavy Blade","Warcry"],"picked":"SKIP","floor":18},{"not_picked":["True Grit","Second Wind"],"picked":"Heavy Blade+1","floor":19},{"not_picked":["Power Through","Heavy Blade","Reckless Charge+1"],"picked":"SKIP","floor":21},{"not_picked":["Headbutt","Clash+1","Entrench+1"],"picked":"SKIP","floor":24},{"not_picked":["Dual Wield","Heavy Blade","Body Slam"],"picked":"SKIP","floor":31}],"player_experience":331679,"relics_obtained":[{"floor":5,"key":"MawBank"},{"floor":7,"key":"Pen Nib"},{"floor":8,"key":"Mercury Hourglass"},{"floor":9,"key":"Matryoshka"},{"floor":24,"key":"Kunai"},{"floor":24,"key":"Sundial"},{"floor":26,"key":"Orichalcum"}],"event_choices":[{"damage_healed":0,"gold_gain":0,"player_choice":"Searched \u00272\u0027 times","damage_taken":0,"max_hp_gain":0,"max_hp_loss":0,"event_name":"Dead Adventurer","floor":7,"gold_loss":0},{"damage_healed":20,"gold_gain":0,"player_choice":"Healed and dodged fight","damage_taken":0,"max_hp_gain":0,"max_hp_loss":0,"event_name":"Mushrooms","floor":10,"gold_loss":0,"cards_obtained":["Parasite"]},{"damage_healed":0,"gold_gain":0,"player_choice":"Got Potions","damage_taken":0,"max_hp_gain":0,"max_hp_loss":0,"event_name":"Lab","floor":14,"gold_loss":0},{"damage_healed":0,"gold_gain":0,"player_choice":"Upgraded Two","damage_taken":0,"max_hp_gain":0,"max_hp_loss":0,"event_name":"Designer","floor":20,"gold_loss":40,"cards_upgraded":["Strike_R","Strike_R"]},{"damage_healed":0,"gold_gain":0,"player_choice":"Joined the Cult","damage_taken":6,"max_hp_gain":0,"max_hp_loss":0,"event_name":"Nest","floor":27,"gold_loss":0,"cards_obtained":["RitualDagger"]},{"cards_removed":["Strike_R"],"damage_healed":0,"gold_gain":0,"player_choice":"Gave Gold","damage_taken":0,"max_hp_gain":0,"max_hp_loss":0,"event_name":"Beggar","floor":28,"gold_loss":75},{"damage_healed":0,"gold_gain":0,"player_choice":"Forge","damage_taken":0,"max_hp_gain":0,"max_hp_loss":0,"event_name":"Accursed Blacksmith","floor":30,"gold_loss":0,"cards_upgraded":["RitualDagger"]}],"is_beta":false,"boss_relics":[{"not_picked":["Coffee Dripper","Runic Dome"],"picked":"Black Star"}],"items_purged_floors":[12,22],"is_endless":false,"potions_floor_spawned":[3,13,16,24,31],"killed_by":"Automaton","ascension_level":2}