{"gold_per_floor":[109,123,19,29,39,69,69,100,147,147,147,422,422,435,435,510,510,468,207,225,241,257,284,284,284,284,284],"floor_reached":27,"playtime":1600,"items_purged":["Strike_G","Regret"],"score":450,"play_id":"865b52e5-2780-473b-bd82-3b93e96274ce","local_time":"20190315043850","is_ascension_mode":true,"campfire_choices":[{"data":"Neutralize","floor":7,"key":"SMITH"},{"floor":10,"key":"REST"},{"data":"Malaise","floor":13,"key":"SMITH"},{"data":"Prepared","floor":15,"key":"SMITH"},{"floor":25,"key":"REST"}],"neow_cost":"TEN_PERCENT_HP_LOSS","seed_source_timestamp":89719672007483,"circlet_count":0,"master_deck":["AscendersBane","Defend_G","Defend_G","Defend_G","Defend_G","Defend_G","Strike_G","Strike_G","Strike_G","Strike_G","Survivor","Neutralize+1","Caltrops","Bouncing Flask","Dagger Throw","Tactician","Deflect","Malaise+1","Prepared+1","After Image","Acrobatics","Catalyst","Well Laid Plans","Tactician","Dagger Throw","Catalyst","Writhe"],"relics":["Ring of the Snake","Thread and Needle","Anchor","Bottled Flame","Bronze Scales","Fusion Hammer","Smiling Mask","Pantograph","Toxic Egg 2"],"potions_floor_usage":[2,5,6,18,27],"damage_taken":[{"damage":0,"enemies":"Small Slimes","floor":1,"turns":6},{"damage":0,"enemies":"2 Louse","floor":2,"turns":5},{"damage":0,"enemies":"Cultist","floor":4,"turns":4},{"damage":0,"enemies":"2 Fungi Beasts","floor":5,"turns":4},{"damage":10,"enemies":"3 Sentries","floor":6,"turns":12},{"damage":38,"enemies":"Gremlin Nob","floor":8,"turns":6},{"damage":4,"enemies":"Exordium Wildlife","floor":14,"turns":6},{"damage":14,"enemies":"The Guardian","floor":16,"turns":10},{"damage":11,"enemies":"2 Thieves","floor":18,"turns":5},{"damage":2,"enemies":"Spheric Guardian","floor":20,"turns":3},{"damage":7,"enemies":"Centurion and Healer","floor":21,"turns":7},{"damage":4,"enemies":"Snake Plant","floor":22,"turns":5},{"damage":2,"enemies":"Book of Stabbing","floor":23,"turns":5},{"damage":50,"enemies":"Slavers","floor":27,"turns":4}],"seed_played":"7541924443317845920","potions_obtained":[{"floor":1,"key":"EntropicBrew"},{"floor":4,"key":"GhostInAJar"},{"floor":6,"key":"Explosive Potion"},{"floor":16,"key":"Block Potion"},{"floor":21,"key":"GamblersBrew"}],"is_trial":false,"path_per_floor":["M","M","$","M","M","E","R","E","T","R","?","?","R","M","R","B",null,"M","$","M","M","M","E","?","R","T","E"],"character_chosen":"THE_SILENT","items_purchased":["Dagger Throw","Catalyst","Well Laid Plans"],"campfire_rested":2,"item_purchase_floors":[3,19,19],"current_hp_per_floor":[59,59,59,59,59,49,49,11,11,29,34,34,34,30,30,16,53,42,42,40,33,29,27,27,46,46,0],"gold":284,"neow_bonus":"ONE_RARE_RELIC","is_prod":false,"is_daily":false,"chose_seed":false,"campfire_upgraded":3,"win_rate":0,"timestamp":1552639130,"path_taken":["M","M","$","M","M","E","R","E","T","R","?","?","R","M","R","BOSS","M","$","M","M","?","E","?","R","T","E"],"build_version":"2019-02-06","purchased_purges":2,"victory":false,"max_hp_per_floor":[60,60,60,60,60,60,60,60,60,60,65,65,65,65,65,65,65,65,65,65,65,65,65,65,65,65,65],"card_choices":[{"not_picked":["Acrobatics","Poisoned Stab"],"picked":"Caltrops","floor":1},{"not_picked":["Distraction","Slice"],"picked":"Bouncing Flask","floor":2},{"not_picked":["Outmaneuver","Quick Slash"],"picked":"Tactician","floor":4},{"not_picked":["Expertise","Choke"],"picked":"Deflect","floor":5},{"not_picked":["Poisoned Stab","Underhanded Strike"],"picked":"Malaise","floor":6},{"not_picked":["Cloak And Dagger","Bane","Concentrate"],"picked":"SKIP","floor":8},{"not_picked":["Choke","Quick Slash"],"picked":"Prepared","floor":14},{"not_picked":["Wraith Form v2","Storm of Steel"],"picked":"After Image","floor":16},{"not_picked":["Quick Slash","Blur"],"picked":"Acrobatics","floor":18},{"not_picked":["Choke+1","Quick Slash","Bane"],"picked":"SKIP","floor":20},{"not_picked":["Dagger Spray","Backstab"],"picked":"Tactician","floor":21},{"not_picked":["Slice","Outmaneuver"],"picked":"Dagger Throw","floor":22},{"not_picked":["Blade Dance","Deflect"],"picked":"Catalyst","floor":23}],"player_experience":507238,"relics_obtained":[{"floor":6,"key":"Anchor"},{"floor":8,"key":"Bottled Flame"},{"floor":9,"key":"Bronze Scales"},{"floor":23,"key":"Smiling Mask"},{"floor":26,"key":"Toxic Egg 2"}],"event_choices":[{"damage_healed":0,"gold_gain":0,"player_choice":"Donut","damage_taken":0,"max_hp_gain":5,"max_hp_loss":0,"event_name":"Big Fish","floor":11,"gold_loss":0},{"damage_healed":0,"gold_gain":275,"player_choice":"Desecrate","damage_taken":0,"max_hp_gain":0,"max_hp_loss":0,"event_name":"Golden Shrine","floor":12,"gold_loss":0,"cards_obtained":["Regret"]},{"damage_healed":0,"gold_gain":0,"player_choice":"Opened","damage_taken":0,"relics_obtained":["Pantograph"],"max_hp_gain":0,"max_hp_loss":0,"event_name":"The Mausoleum","floor":24,"gold_loss":0,"cards_obtained":["Writhe"]}],"is_beta":true,"boss_relics":[{"not_picked":["Astrolabe","WristBlade"],"picked":"Fusion Hammer"}],"items_purged_floors":[3,19],"is_endless":false,"potions_floor_spawned":[1,4,6,16,21],"killed_by":"Slavers","ascension_level":17}