{"gold_per_floor":[116,131,144,144,157,184,184,214,214,231,249,323,323,336,336,436,436,446,99,117,117,20,20,45,45,45,79,95,115,134,134],"floor_reached":31,"playtime":996,"items_purged":[],"score":318,"play_id":"c432fb16-c04a-46a0-afa2-54ff67c8deda","local_time":"20190311043056","is_ascension_mode":true,"campfire_choices":[{"data":"Twin Strike","floor":7,"key":"SMITH"},{"floor":15,"key":"REST"},{"data":"Feed","floor":23,"key":"SMITH"},{"data":"Dramatic Entrance","floor":25,"key":"SMITH"}],"neow_cost":"NONE","seed_source_timestamp":250927607097443,"circlet_count":0,"master_deck":["Strike_R","Strike_R","Strike_R","Strike_R","Defend_R","Defend_R+1","Defend_R","Defend_R","Bash","Perfected Strike","Perfected Strike","Shockwave+1","Twin Strike+1","Inflame","Pommel Strike+1","Feed+1","Blood for Blood+1","Dual Wield+1","Havoc+1","Dramatic Entrance+1","Thunderclap+1"],"relics":["Burning Blood","War Paint","Mercury Hourglass","Kunai","Toxic Egg 2","Busted Crown","Shuriken","Dodecahedron","Pantograph","Boot"],"potions_floor_usage":[6,10,16,24,30,31,31],"damage_taken":[{"damage":6,"enemies":"Cultist","floor":1,"turns":3},{"damage":5,"enemies":"Small Slimes","floor":2,"turns":3},{"damage":7,"enemies":"Jaw Worm","floor":3,"turns":2},{"damage":19,"enemies":"3 Louse","floor":5,"turns":3},{"damage":36,"enemies":"Lagavulin","floor":6,"turns":5},{"damage":12,"enemies":"Gremlin Nob","floor":8,"turns":3},{"damage":8,"enemies":"Exordium Thugs","floor":10,"turns":3},{"damage":1,"enemies":"Large Slime","floor":11,"turns":3},{"damage":11,"enemies":"Lots of Slimes","floor":14,"turns":3},{"damage":34,"enemies":"The Guardian","floor":16,"turns":7},{"damage":6,"enemies":"Spheric Guardian","floor":18,"turns":3},{"damage":22,"enemies":"2 Thieves","floor":20,"turns":3},{"damage":12,"enemies":"Gremlin Leader","floor":24,"turns":2},{"damage":41,"enemies":"Slavers","floor":27,"turns":3},{"damage":12,"enemies":"Chosen and Byrds","floor":28,"turns":4},{"damage":19,"enemies":"Cultist and Chosen","floor":29,"turns":4},{"damage":0,"enemies":"Sentry and Sphere","floor":30,"turns":3},{"damage":26,"enemies":"Book of Stabbing","floor":31,"turns":3}],"seed_played":"3078866888657644109","potions_obtained":[{"floor":3,"key":"AttackPotion"},{"floor":8,"key":"Weak Potion"},{"floor":11,"key":"Dexterity Potion"},{"floor":14,"key":"Explosive Potion"},{"floor":18,"key":"Swift Potion"},{"floor":27,"key":"Dexterity Potion"},{"floor":29,"key":"FearPotion"},{"floor":30,"key":"Explosive Potion"}],"is_trial":false,"path_per_floor":["M","M","M","?","M","E","R","E","T","M","M","T","?","M","R","B",null,"M","$","M","?","$","R","E","R","T","E","M","M","M","E"],"character_chosen":"IRONCLAD","items_purchased":["Shuriken","Dual Wield+1","Havoc+1","Dramatic Entrance"],"campfire_rested":1,"item_purchase_floors":[19,19,19,22],"current_hp_per_floor":[80,80,79,84,71,41,41,35,35,33,38,38,38,33,58,30,85,85,85,72,72,72,72,66,66,66,31,29,16,22,0],"gold":134,"neow_bonus":"THREE_CARDS","is_prod":false,"is_daily":false,"chose_seed":false,"campfire_upgraded":3,"win_rate":0,"timestamp":1552303856,"path_taken":["M","?","M","?","M","E","R","E","T","M","M","?","?","?","R","BOSS","M","$","M","?","?","R","E","R","T","E","?","M","M","E"],"build_version":"2019-01-23","purchased_purges":0,"victory":false,"max_hp_per_floor":[80,80,80,85,85,85,85,85,85,85,85,85,85,85,85,85,85,85,85,88,88,88,88,88,88,88,88,92,92,92,92],"card_choices":[{"not_picked":["Pommel Strike","Feel No Pain"],"picked":"Perfected Strike","floor":0},{"not_picked":["Sword Boomerang","Flame Barrier","Iron Wave"],"picked":"SKIP","floor":1},{"not_picked":["Clash","Searing Blow"],"picked":"Perfected Strike","floor":2},{"not_picked":["Havoc","Headbutt"],"picked":"Shockwave","floor":3},{"not_picked":["Iron Wave","Dual Wield"],"picked":"Twin Strike","floor":5},{"not_picked":["Sword Boomerang","Uppercut","Flex"],"picked":"SKIP","floor":6},{"not_picked":["Cleave","Clothesline"],"picked":"Inflame","floor":8},{"not_picked":["Armaments","Clash","Power Through"],"picked":"SKIP","floor":10},{"not_picked":["Reckless Charge","Sword Boomerang"],"picked":"Pommel Strike","floor":11},{"not_picked":["Berserk","Body Slam","Clothesline"],"picked":"SKIP","floor":14},{"not_picked":["Limit Break+1","Demon Form"],"picked":"Feed","floor":16},{"not_picked":[],"picked":"Blood for Blood+1","floor":18},{"not_picked":["Ghostly Armor+1"],"picked":"SKIP","floor":20},{"not_picked":["Body Slam+1"],"picked":"SKIP","floor":24},{"not_picked":["Cleave"],"picked":"SKIP","floor":27},{"not_picked":["Body Slam"],"picked":"SKIP","floor":28},{"not_picked":[],"picked":"Thunderclap+1","floor":29},{"not_picked":["Anger"],"picked":"SKIP","floor":30}],"player_experience":320427,"relics_obtained":[{"floor":6,"key":"War Paint"},{"floor":8,"key":"Mercury Hourglass"},{"floor":9,"key":"Kunai"},{"floor":12,"key":"Toxic Egg 2"},{"floor":24,"key":"Dodecahedron"},{"floor":26,"key":"Pantograph"},{"floor":27,"key":"Boot"}],"event_choices":[{"damage_healed":0,"gold_gain":0,"player_choice":"Donut","damage_taken":0,"max_hp_gain":5,"max_hp_loss":0,"event_name":"Big Fish","floor":4,"gold_loss":0},{"damage_healed":0,"gold_gain":0,"player_choice":"Upgraded","damage_taken":0,"max_hp_gain":0,"max_hp_loss":0,"event_name":"Upgrade Shrine","floor":13,"gold_loss":0,"cards_upgraded":["Pommel Strike"]},{"cards_removed":["Strike_R"],"damage_healed":0,"gold_gain":0,"player_choice":"Offered Basic","damage_taken":0,"max_hp_gain":0,"max_hp_loss":0,"event_name":"Bonfire Elementals","floor":21,"gold_loss":0}],"is_beta":false,"boss_relics":[{"not_picked":["Black Star","Astrolabe"],"picked":"Busted Crown"}],"items_purged_floors":[],"is_endless":false,"potions_floor_spawned":[3,8,11,14,18,27,29,30],"killed_by":"Book of Stabbing","ascension_level":2}