{"gold_per_floor":[109,109,109,127,137,165,182,257,282,282,299,299,311,325,325,401,401,420,420,103,113,30,64,64,84,84,94,112,130,155,184,184,184],"floor_reached":33,"playtime":1131,"items_purged":["Strike_B"],"score":538,"play_id":"bf7a9594-5b85-4df6-96e5-161217c9624c","local_time":"20181030010247","is_ascension_mode":true,"campfire_choices":[{"data":"Zap","floor":10,"key":"SMITH"},{"floor":12,"key":"REST"},{"floor":15,"key":"RECALL"},{"data":"Self Repair","floor":24,"key":"SMITH"},{"floor":32,"key":"REST"}],"neow_cost":"NONE","seed_source_timestamp":1577491222219941,"circlet_count":0,"master_deck":["Strike_B","Strike_B","Defend_B","Defend_B","Defend_B","Defend_B","Zap+1","Dualcast","AscendersBane","Sweeping Beam","Doom and Gloom","Ball Lightning","Conserve Battery","Electrodynamics","Steam","Undo","Electrodynamics","Cold Snap","Self Repair+1"],"relics":["Cracked Core","NeowsBlessing","Oddly Smooth Stone","Busted Crown","OrangePellets","DataDisk","Symbiotic Virus","Dream Catcher","Blood Vial"],"potions_floor_usage":[6,13,27,29,31],"damage_taken":[{"damage":0,"enemies":"Jaw Worm","floor":1,"turns":1},{"damage":0,"enemies":"Cultist","floor":4,"turns":1},{"damage":0,"enemies":"2 Louse","floor":5,"turns":1},{"damage":34,"enemies":"Gremlin Nob","floor":6,"turns":4},{"damage":3,"enemies":"Looter","floor":7,"turns":3},{"damage":0,"enemies":"Blue Slaver","floor":11,"turns":3},{"damage":9,"enemies":"Exordium Thugs","floor":13,"turns":2},{"damage":2,"enemies":"Red Slaver","floor":14,"turns":3},{"damage":4,"enemies":"Hexaghost","floor":16,"turns":9},{"damage":6,"enemies":"3 Byrds","floor":18,"turns":3},{"damage":1,"enemies":"Spheric Guardian","floor":21,"turns":4},{"damage":19,"enemies":"Gremlin Leader","floor":23,"turns":6},{"damage":16,"enemies":"Snake Plant","floor":25,"turns":3},{"damage":4,"enemies":"Chosen and Byrds","floor":27,"turns":4},{"damage":5,"enemies":"Centurion and Healer","floor":28,"turns":5},{"damage":5,"enemies":"Snecko","floor":29,"turns":5},{"damage":17,"enemies":"Book of Stabbing","floor":31,"turns":6},{"damage":51,"enemies":"Champ","floor":33,"turns":13}],"seed_played":"-6866515451403168923","potions_obtained":[{"floor":4,"key":"Fire Potion"},{"floor":5,"key":"Ancient Potion"},{"floor":6,"key":"Energy Potion"},{"floor":7,"key":"Fire Potion"},{"floor":21,"key":"Dexterity Potion"},{"floor":25,"key":"Block Potion"},{"floor":27,"key":"AttackPotion"},{"floor":29,"key":"SteroidPotion"}],"is_trial":false,"path_per_floor":["M","$","?","M","M","E","M","?","T","R","M","R","M","M","R","B",null,"M","?","$","M","$","E","R","M","T","M","M","M","T","E","R"],"character_chosen":"DEFECT","items_purchased":["OrangePellets","Cold Snap","Self Repair"],"campfire_rested":2,"item_purchase_floors":[20,20,22],"current_hp_per_floor":[64,64,64,64,64,30,27,16,16,16,16,37,28,26,26,22,59,53,53,53,52,52,40,40,34,34,40,45,50,50,43,64,15],"gold":184,"neow_bonus":"THREE_ENEMY_KILL","is_prod":false,"is_daily":false,"chose_seed":false,"campfire_upgraded":2,"win_rate":0,"timestamp":1540875767,"path_taken":["M","$","?","?","M","E","M","?","T","R","M","R","M","M","R","BOSS","M","?","$","?","?","E","R","M","T","M","M","?","?","E","R","BOSS"],"build_version":"2018-10-29v2","purchased_purges":1,"victory":false,"max_hp_per_floor":[71,71,71,71,71,71,71,71,71,71,71,71,71,71,71,71,71,71,71,71,71,71,71,71,71,71,71,71,71,71,71,71,71],"card_choices":[{"not_picked":["Compile Driver","Beam Cell"],"picked":"Sweeping Beam","floor":1},{"not_picked":["Chaos","Redo","Beam Cell"],"picked":"SKIP","floor":4},{"not_picked":["Beam Cell","Coolheaded"],"picked":"Ball Lightning","floor":5},{"not_picked":["Chaos","Static Discharge"],"picked":"Conserve Battery","floor":6},{"not_picked":["Consume","Beam Cell"],"picked":"Electrodynamics","floor":7},{"not_picked":["Gash","Beam Cell","Darkness"],"picked":"SKIP","floor":11},{"not_picked":["Beam Cell","Gash"],"picked":"Steam","floor":13},{"not_picked":["Fusion","Leap"],"picked":"Undo","floor":14},{"not_picked":["Compile Driver"],"picked":"SKIP","floor":18},{"not_picked":["Sweeping Beam+1"],"picked":"SKIP","floor":21},{"not_picked":["Barrage"],"picked":"SKIP","floor":23},{"not_picked":["Doom and Gloom"],"picked":"SKIP","floor":25},{"not_picked":["Genetic Algorithm"],"picked":"SKIP","floor":27},{"not_picked":["Beam Cell"],"picked":"SKIP","floor":28},{"not_picked":["Ball Lightning"],"picked":"SKIP","floor":29},{"not_picked":["Turbo"],"picked":"SKIP","floor":31}],"player_experience":784360,"relics_obtained":[{"floor":6,"key":"Oddly Smooth Stone"},{"floor":23,"key":"DataDisk"},{"floor":26,"key":"Symbiotic Virus"},{"floor":30,"key":"Dream Catcher"},{"floor":31,"key":"Blood Vial"}],"event_choices":[{"damage_healed":0,"gold_gain":0,"cards_transformed":["Strike_B"],"player_choice":"Transformed","damage_taken":0,"max_hp_gain":0,"max_hp_loss":0,"event_name":"Transmorgrifier","floor":3,"gold_loss":0,"cards_obtained":["Doom and Gloom"]},{"damage_healed":0,"gold_gain":75,"player_choice":"Gather Gold","damage_taken":11,"max_hp_gain":0,"max_hp_loss":0,"event_name":"World of Goop","floor":8,"gold_loss":0},{"damage_healed":0,"gold_gain":0,"player_choice":"Copied","damage_taken":0,"max_hp_gain":0,"max_hp_loss":0,"event_name":"Duplicator","floor":19,"gold_loss":0,"cards_obtained":["Electrodynamics"]}],"is_beta":true,"boss_relics":[{"not_picked":["Coffee Dripper","Calling Bell"],"picked":"Busted Crown"}],"items_purged_floors":[20],"is_endless":false,"potions_floor_spawned":[4,5,6,7,21,25,27,29],"killed_by":"Champ","ascension_level":17}