{"gold_per_floor":[215,234,244,169,244,244,258,258,258,289,58,4,4,22,22,22],"floor_reached":16,"playtime":423,"items_purged":["Strike_R"],"score":200,"play_id":"cf3b28b4-62e2-400f-9322-da89b58ae984","local_time":"20181006104035","is_ascension_mode":true,"campfire_choices":[{"data":"Armaments","floor":6.0,"key":"SMITH"},{"data":"Bash","floor":8.0,"key":"SMITH"},{"data":"Hemokinesis","floor":13.0,"key":"SMITH"},{"data":"Cleave","floor":15,"key":"SMITH"}],"neow_cost":"NONE","seed_source_timestamp":239200606145725,"circlet_count":0,"master_deck":["Strike_R","Strike_R","Strike_R","Strike_R","Defend_R","Defend_R","Defend_R","Defend_R","Bash+1","AscendersBane","Hemokinesis+1","Shrug It Off","Armaments+1","Cleave+1","Limit Break"],"special_seed":0,"relics":["Burning Blood","Mummified Hand","WingedGreaves","ClockworkSouvenir"],"potions_floor_usage":[16],"damage_taken":[{"damage":1.0,"enemies":"Cultist","floor":1.0,"turns":3.0},{"damage":10.0,"enemies":"Small Slimes","floor":2.0,"turns":3.0},{"damage":6.0,"enemies":"2 Louse","floor":3.0,"turns":2.0},{"damage":5.0,"enemies":"Looter","floor":7.0,"turns":4.0},{"damage":9.0,"enemies":"Gremlin Nob","floor":10.0,"turns":3.0},{"damage":8,"enemies":"Exordium Thugs","floor":14,"turns":3},{"damage":38,"enemies":"Slime Boss","floor":16,"turns":8}],"seed_played":"-1778681329111047053","potions_obtained":[{"floor":1.0,"key":"AttackPotion"},{"floor":2.0,"key":"Regen Potion"},{"floor":14,"key":"Weak Potion"}],"is_trial":false,"path_per_floor":["M","M","M","$","?","R","M","R","T","E","$","$","R","M","R"],"character_chosen":"IRONCLAD","items_purchased":["ClockworkSouvenir","Cleave"],"campfire_rested":0,"item_purchase_floors":[11,12],"current_hp_per_floor":[73,69,69,69,58,58,59,59,59,56,56,56,56,54,54,16],"gold":22,"neow_bonus":"HUNDRED_GOLD","is_prod":false,"is_daily":false,"chose_seed":false,"campfire_upgraded":4,"win_rate":0,"timestamp":1538836835,"path_taken":["M","M","?","$","?","R","M","R","T","E","?","$","R","M","R","BOSS"],"build_version":"2018-10-04v2","purchased_purges":1,"victory":false,"max_hp_per_floor":[75,75,75,75,75,75,75,75,75,75,75,75,75,75,75,75],"card_choices":[{"not_picked":["Infernal Blade","Warcry"],"picked":"Hemokinesis","floor":1.0},{"not_picked":["Perfected Strike","Inflame"],"picked":"Shrug It Off","floor":2.0},{"not_picked":["Iron Wave","Spot Weakness"],"picked":"Armaments","floor":3.0},{"not_picked":["Armaments","Pommel Strike","Twin Strike"],"picked":"SKIP","floor":7.0},{"not_picked":["Pommel Strike","Flex","Rage"],"picked":"SKIP","floor":10.0},{"not_picked":["Havoc","Cleave"],"picked":"Limit Break","floor":14}],"player_experience":936506,"relics_obtained":[{"floor":9.0,"key":"Mummified Hand"},{"floor":10.0,"key":"WingedGreaves"}],"event_choices":[{"event_name":"World of Goop","player_choice":"Gather Gold","floor":5.0,"damage_taken":0.0}],"is_beta":false,"boss_relics":[],"items_purged_floors":[4],"is_endless":false,"potions_floor_spawned":[1,2,7,14],"killed_by":"Slime Boss","ascension_level":20}