{"gold_per_floor":[117,134,114,130,143,143,168,68,68,68,87,119,19,33,33,104,154,171,186,201,201,0,0,25,25,25,45,45,63,75,108,108,185,185,195,195,211,256,283,283,309,309,336,336,39,55,55,83,83,83,83,83,32,66,66],"floor_reached":56,"playtime":5450,"items_purged":["Strike_R","Strike_R","Strike_R","Strike_R"],"score":2272,"play_id":"ca4023c3-3ce1-450f-8d0f-388543e20988","local_time":"20190101152818","is_ascension_mode":true,"campfire_choices":[{"data":"Searing Blow","floor":6.0,"key":"SMITH"},{"data":"Searing Blow+1","floor":10.0,"key":"SMITH"},{"data":"Searing Blow+2","floor":15.0,"key":"SMITH"},{"data":"Searing Blow+3","floor":23.0,"key":"SMITH"},{"data":"Searing Blow+4","floor":25.0,"key":"SMITH"},{"data":"Searing Blow+5","floor":28.0,"key":"SMITH"},{"data":"Searing Blow+6","floor":32.0,"key":"SMITH"},{"data":"Armaments","floor":40.0,"key":"SMITH"},{"data":"Searing Blow+7","floor":42.0,"key":"SMITH"},{"floor":44.0,"key":"RECALL"},{"data":"Searing Blow+8","floor":49.0,"key":"SMITH"},{"data":"True Grit","floor":52.0,"key":"SMITH"}],"neow_cost":"PERCENT_DAMAGE","seed_source_timestamp":0,"circlet_count":0,"master_deck":["AscendersBane","Strike_R+1","Defend_R","Defend_R","Defend_R","Defend_R","Bash","Feed","Metallicize","Shrug It Off","Searing Blow+9","True Grit+1","Evolve+1","Immolate","Power Through","Corruption","Feed+1","Dark Embrace","Armaments+1","Barricade","Shrug It Off+1","Impervious","Feel No Pain","Intimidate","Second Wind+1","Bloodletting","Shrug It Off","Disarm+1"],"special_seed":0,"relics":["Burning Blood","Meat on the Bone","FossilizedHelix","Dead Branch","Tiny House","Peace Pipe","Letter Opener","Calipers","Sozu","Bag of Marbles","Charon\u0027s Ashes","Whetstone","Regal Pillow","Pen Nib","Orichalcum"],"potions_floor_usage":[],"damage_taken":[{"damage":0.0,"enemies":"Cultist","floor":1.0,"turns":4.0},{"damage":8.0,"enemies":"2 Louse","floor":2.0,"turns":4.0},{"damage":5.0,"enemies":"Small Slimes","floor":4.0,"turns":6.0},{"damage":12.0,"enemies":"Exordium Wildlife","floor":5.0,"turns":11.0},{"damage":41.0,"enemies":"Lagavulin","floor":7.0,"turns":9.0},{"damage":3.0,"enemies":"Blue Slaver","floor":11.0,"turns":5.0},{"damage":18.0,"enemies":"3 Sentries","floor":12.0,"turns":10.0},{"damage":12.0,"enemies":"Lots of Slimes","floor":14.0,"turns":5.0},{"damage":0.0,"enemies":"Slime Boss","floor":16.0,"turns":6.0},{"damage":28.0,"enemies":"2 Thieves","floor":18.0,"turns":4.0},{"damage":47.0,"enemies":"3 Byrds","floor":19.0,"turns":8.0},{"damage":22.0,"enemies":"3 Cultists","floor":20.0,"turns":6.0},{"damage":29.0,"enemies":"Slavers","floor":24.0,"turns":7.0},{"damage":0.0,"enemies":"Snecko","floor":27.0,"turns":3.0},{"damage":41.0,"enemies":"Shelled Parasite and Fungi","floor":29.0,"turns":4.0},{"damage":0.0,"enemies":"3 Cultists","floor":30.0,"turns":4.0},{"damage":0.0,"enemies":"Gremlin Leader","floor":31.0,"turns":5.0},{"damage":61.0,"enemies":"Automaton","floor":33.0,"turns":11.0},{"damage":17.0,"enemies":"3 Darklings","floor":35.0,"turns":6.0},{"damage":4.0,"enemies":"3 Shapes","floor":37.0,"turns":2.0},{"damage":26.0,"enemies":"2 Orb Walkers","floor":38.0,"turns":5.0},{"damage":7.0,"enemies":"Nemesis","floor":41.0,"turns":3.0},{"damage":0.0,"enemies":"Transient","floor":46.0,"turns":5.0},{"damage":0.0,"enemies":"Reptomancer","floor":48.0,"turns":2.0},{"damage":3.0,"enemies":"Donu and Deca","floor":50.0,"turns":3.0},{"damage":47.0,"enemies":"Shield and Spear","floor":54.0,"turns":6.0},{"damage":12,"enemies":"The Heart","floor":55,"turns":7}],"seed_played":"6142799869853033260","potions_obtained":[{"floor":1.0,"key":"Energy Potion"},{"floor":3.0,"key":"Ancient Potion"},{"floor":11.0,"key":"AttackPotion"},{"floor":12.0,"key":"PowerPotion"},{"floor":17.0,"key":"EntropicBrew"},{"floor":27.0,"key":"SpeedPotion"},{"floor":30.0,"key":"Energy Potion"},{"floor":31.0,"key":"BloodPotion"}],"is_trial":false,"path_per_floor":["M","M","?","M","M","R","E","$","T","R","M","E","$","M","R","B",null,"M","M","M","?","$","R","E","R","T","M","R","M","M","E","R","B",null,"M","T","M","?","T","R","E","R","T","R","$","M","$","E","R","B",null,"R","$","E","B",null],"character_chosen":"IRONCLAD","items_purchased":["True Grit","Dark Embrace","Feel No Pain","Intimidate","Shrug It Off"],"campfire_rested":0,"item_purchase_floors":[8,22,45,45,53],"current_hp_per_floor":[59,60,60,64,61,61,26,26,26,26,44,44,44,53,53,59,90,68,42,38,38,38,38,30,30,30,51,51,34,55,76,76,44,100,89,89,91,71,71,71,70,70,70,70,70,76,76,82,82,85,111,111,111,73,79],"gold":66,"neow_bonus":"THREE_RARE_CARDS","is_prod":false,"is_daily":false,"chose_seed":false,"campfire_upgraded":11,"win_rate":0,"timestamp":1546374498,"path_taken":["M","M","?","M","?","R","E","$","T","R","M","E","$","M","R","BOSS","M","M","?","?","$","R","E","R","T","M","R","M","M","E","R","BOSS","M","?","?","?","?","R","E","R","T","R","$","M","?","E","R","BOSS","R","$","E","BOSS"],"build_version":"2018-12-20","purchased_purges":4,"victory":true,"max_hp_per_floor":[78,81,81,84,87,87,87,87,87,87,90,90,90,93,93,93,98,98,101,101,101,101,101,104,104,104,107,107,113,116,119,119,119,119,119,119,119,119,119,119,119,119,119,119,119,119,119,119,119,119,119,119,119,122,122],"card_choices":[{"not_picked":["Immolate","Demon Form"],"picked":"Feed","floor":0.0},{"not_picked":["Thunderclap","Sword Boomerang","Clothesline"],"picked":"SKIP","floor":1.0},{"not_picked":["Clothesline","True Grit"],"picked":"Metallicize","floor":2.0},{"not_picked":["Dropkick","Sever Soul"],"picked":"Shrug It Off","floor":4.0},{"not_picked":["Shrug It Off","Havoc"],"picked":"Searing Blow","floor":5.0},{"not_picked":["Bloodletting","Anger","Brutality"],"picked":"SKIP","floor":7.0},{"not_picked":["Perfected Strike","True Grit","Twin Strike"],"picked":"SKIP","floor":11.0},{"not_picked":["Spot Weakness","Wild Strike","Entrench"],"picked":"SKIP","floor":12.0},{"not_picked":["Twin Strike","Cleave"],"picked":"Evolve","floor":14.0},{"not_picked":["Demon Form","Exhume"],"picked":"Immolate","floor":16.0},{"not_picked":["Thunderclap","Rampage"],"picked":"Power Through","floor":17.0},{"not_picked":["Wild Strike","Thunderclap","Cleave"],"picked":"SKIP","floor":18.0},{"not_picked":["Cleave","Thunderclap","Flex"],"picked":"SKIP","floor":19.0},{"not_picked":["Pommel Strike","Carnage+1"],"picked":"Corruption","floor":20.0},{"not_picked":["True Grit","Body Slam","Rage"],"picked":"SKIP","floor":24.0},{"not_picked":["Rampage","Reaper","Whirlwind"],"picked":"SKIP","floor":27.0},{"not_picked":["True Grit","Havoc"],"picked":"Armaments","floor":29.0},{"not_picked":["Infernal Blade","Evolve","Rampage"],"picked":"SKIP","floor":30.0},{"not_picked":["Rage","Thunderclap","Corruption"],"picked":"SKIP","floor":31.0},{"not_picked":["Feed","Brutality"],"picked":"Barricade","floor":33.0},{"not_picked":["Iron Wave","Bloodletting","Perfected Strike"],"picked":"SKIP","floor":35.0},{"not_picked":["Iron Wave","Heavy Blade"],"picked":"Shrug It Off+1","floor":37.0},{"not_picked":["Wild Strike+1","Combust"],"picked":"Impervious","floor":38.0},{"not_picked":["Pummel","Cleave+1","Twin Strike"],"picked":"SKIP","floor":41.0},{"not_picked":["Wild Strike","Heavy Blade"],"picked":"Second Wind+1","floor":46.0},{"not_picked":["Iron Wave+1","Second Wind"],"picked":"Bloodletting","floor":48.0},{"not_picked":["Cleave+1","Havoc+1"],"picked":"Disarm+1","floor":54.0}],"player_experience":389693,"relics_obtained":[{"floor":7.0,"key":"Meat on the Bone"},{"floor":9.0,"key":"FossilizedHelix"},{"floor":12.0,"key":"Dead Branch"},{"floor":24.0,"key":"Peace Pipe"},{"floor":26.0,"key":"Letter Opener"},{"floor":31.0,"key":"Calipers"},{"floor":36.0,"key":"Bag of Marbles"},{"floor":38.0,"key":"Charon\u0027s Ashes"},{"floor":41.0,"key":"Whetstone"},{"floor":43.0,"key":"Regal Pillow"},{"floor":48.0,"key":"Pen Nib"},{"floor":54.0,"key":"Orichalcum"}],"event_choices":[{"damage_healed":0.0,"max_hp_gain":0.0,"max_hp_loss":0.0,"gold_gain":0.0,"event_name":"The Woman in Blue","player_choice":"Bought 1 Potion","floor":3.0,"gold_loss":0.0,"damage_taken":0.0},{"damage_healed":0.0,"max_hp_gain":0.0,"max_hp_loss":0.0,"gold_gain":0.0,"event_name":"Duplicator","player_choice":"Copied","floor":21.0,"gold_loss":0.0,"damage_taken":0.0,"cards_obtained":["Feed"]},{"damage_healed":0.0,"max_hp_gain":0.0,"max_hp_loss":0.0,"gold_gain":0.0,"event_name":"Mysterious Sphere","player_choice":"Fight","floor":38.0,"gold_loss":0.0,"damage_taken":0.0}],"is_beta":false,"boss_relics":[{"not_picked":["Pandora\u0027s Box","Fusion Hammer"],"picked":"Tiny House"},{"not_picked":["Runic Pyramid","Astrolabe"],"picked":"Sozu"}],"items_purged_floors":[8,13,22,45],"is_endless":false,"potions_floor_spawned":[1,11,12,14,18,27,30,31,35,37,46,48],"ascension_level":14}