{"path_per_floor":["M","M","M","?","M","E","R","M","T","$","M","M","R","M","R","B",null,"M","?","?","?","?","R","E","$","T","R","?","$","M","M","R","B",null,"M","$","?","?","M","R","M","R","T","T","M","M","M","?","R","B"],"character_chosen":"THE_SILENT","items_purchased":["Sadistic Nature","Secret Technique","Leg Sweep","Strawberry"],"gold_per_floor":[109,123,141,141,155,186,186,206,229,51,66,86,86,106,106,201,201,212,212,212,212,212,212,241,44,70,70,70,35,48,65,65,161,161,175,21,0,0,12,12,32,32,56,101,117,128,142,142,142,142],"floor_reached":51,"campfire_rested":2,"playtime":6520,"current_hp_per_floor":[70,67,65,70,68,45,45,42,42,42,42,33,55,49,49,18,75,74,74,52,52,43,43,17,17,17,34,34,34,34,41,41,32,57,26,33,33,33,37,53,53,64,64,64,51,45,51,51,64,9],"items_purged":[],"gold":142,"play_id":"f5672e14-7eb4-466d-8ab1-836468afba1a","is_prod":false,"is_daily":false,"campfire_rituals":0,"campfire_upgraded":7,"is_hardmode":false,"path_taken":["M","M","M","?","?","E","R","M","T","$","M","?","R","M","R","BOSS","M","?","?","?","?","R","E","$","T","R","?","$","M","M","R","BOSS","M","$","?","?","M","R","M","R","T","?","M","M","M","?","R","BOSS"],"build_version":"2018-01-11-PROD2","purchased_purges":0,"victory":true,"master_deck":["Defend_G","Defend_G","Defend_G","Defend_G","Defend_G","Survivor","Neutralize","Dagger Throw","Well Laid Plans","Backflip","Leg Sweep","Dash","Finisher","Noxious Fumes","Bane","Bane","Endless Agony","Sadistic Nature","Heel Hook","Outmaneuver","Dagger Spray","Tools of the Trade","Sucker Punch","Neutralize","Acrobatics","Mind Blast","Bite_G","Bite_G","Bite_G","Bite_G","Bite_G","Infinite Blades","Prepared","Secret Technique","Leg Sweep","Acrobatics","Riddle With Holes","After Image","Footwork","Heel Hook","Quick Slash","Sucker Punch","Sucker Punch","Quick Slash"],"max_hp_per_floor":[70,70,70,75,75,75,75,75,75,75,75,75,75,75,75,75,75,75,75,52,52,57,57,57,57,57,57,57,57,57,57,57,57,57,57,64,64,64,64,64,64,64,64,64,64,64,64,64,64,64],"relics":["Orrery","Ornamental Fan","War Paint","Velvet Choker","Mercury Hourglass","Bag of Marbles","Eternal Feather","Strawberry","Red Mask","Happy Flower","Omamori"],"campfire_meditates":0,"card_choices":[{"not_picked":["Escape Plan","Catalyst"],"picked":"Dagger Throw"},{"not_picked":["Flying Knee","Sucker Punch"],"picked":"Well Laid Plans"},{"not_picked":["PiercingWail","Choke"],"picked":"Backflip"},{"not_picked":["Dagger Spray","Endless Agony"],"picked":"Leg Sweep"},{"not_picked":["Bane","Deflect"],"picked":"Dash"},{"not_picked":["Escape Plan","Prepared"],"picked":"Finisher"},{"not_picked":["Burst","Flying Knee"],"picked":"Noxious Fumes"},{"not_picked":["Dodge and Roll","Dagger Throw"],"picked":"Bane"},{"not_picked":["Quick Slash","Slice"],"picked":"Bane"},{"not_picked":["Terror","Finisher"],"picked":"Flying Knee"},{"not_picked":["Slice","Prepared"],"picked":"Endless Agony"},{"not_picked":["Deadly Poison","Finisher"],"picked":"Heel Hook"},{"not_picked":["Prepared","Deadly Poison"],"picked":"Outmaneuver"},{"not_picked":["Crippling Poison","PiercingWail"],"picked":"Dagger Spray"},{"not_picked":["A Thousand Cuts","Die Die Die"],"picked":"Tools of the Trade"},{"not_picked":["Heel Hook","Deadly Poison"],"picked":"Sucker Punch"},{"not_picked":["Caltrops","Wraith Form"],"picked":"Prepared"},{"not_picked":["Dagger Spray","Deflect"],"picked":"Acrobatics"},{"not_picked":["Dodge and Roll","Deadly Poison"],"picked":"Riddle With Holes"},{"not_picked":["Glass Knife","Wraith Form"],"picked":"After Image"},{"not_picked":["Eviscerate","Flying Knee"],"picked":"Footwork"},{"not_picked":["Poisoned Stab","Riddle With Holes"],"picked":"Heel Hook"},{"not_picked":["Malaise","Flying Knee"],"picked":"Quick Slash"},{"not_picked":["PiercingWail","Flechettes"],"picked":"Sucker Punch"},{"not_picked":["Deflect","Deadly Poison"],"picked":"Sucker Punch"},{"not_picked":["Dagger Spray","Terror"],"picked":"Quick Slash"}],"player_experience":19655,"potions_floor_usage":[16,45,50],"damage_taken":[{"damage":0,"enemies":"Small Slimes","floor":1,"turns":4},{"damage":3,"enemies":"Jaw Worm","floor":2,"turns":4},{"damage":2,"enemies":"Blue Slaver","floor":3,"turns":5},{"damage":2,"enemies":"Lots of Slimes","floor":5,"turns":4},{"damage":23,"enemies":"Gremlin Nob","floor":6,"turns":5},{"damage":3,"enemies":"2 Fungi Beasts","floor":8,"turns":5},{"damage":0,"enemies":"Large Slime","floor":11,"turns":4},{"damage":9,"enemies":"Exordium Wildlife","floor":12,"turns":4},{"damage":6,"enemies":"3 Louse","floor":14,"turns":2},{"damage":31,"enemies":"Slime Boss","floor":16,"turns":10},{"damage":1,"enemies":"3 Byrds","floor":18,"turns":5},{"damage":38,"enemies":"Book of Stabbing","floor":24,"turns":7},{"damage":0,"enemies":"Shell Parasite","floor":30,"turns":1},{"damage":1,"enemies":"Centurion and Healer","floor":31,"turns":6},{"damage":23,"enemies":"Collector","floor":33,"turns":10},{"damage":35,"enemies":"3 Shapes","floor":35,"turns":5},{"damage":0,"enemies":"Orb Walker","floor":39,"turns":3},{"damage":6,"enemies":"3 Darklings","floor":41,"turns":7},{"damage":23,"enemies":"Maw","floor":45,"turns":9},{"damage":16,"enemies":"4 Shapes","floor":46,"turns":8},{"damage":0,"enemies":"Sphere and 2 Shapes","floor":47,"turns":5},{"damage":71,"enemies":"Time Eater","floor":50,"turns":17}],"event_choices":[{"event_name":"Big Fish","player_choice":"Donut","floor":4,"damage_taken":0},{"event_name":"Match and Keep!","player_choice":"3 cards matched","floor":19,"damage_taken":0},{"event_name":"Vampires","player_choice":"Became a vampire","floor":20,"damage_taken":0},{"event_name":"The Library","player_choice":"Read","floor":21,"damage_taken":0},{"event_name":"Forgotten Altar","player_choice":"Shed Blood","floor":22,"damage_taken":0},{"event_name":"Back to Basics","player_choice":"Simplicity","floor":28,"damage_taken":0},{"event_name":"Tomb of Lord Red Mask","player_choice":"Paid","floor":37,"damage_taken":0},{"event_name":"Upgrade Shrine","player_choice":"Upgraded","floor":38,"damage_taken":0}],"boss_relics":[{"not_picked":["Runic Pyramid","Lizard Tail"],"picked":"Velvet Choker"},{"not_picked":["Philosopher\u0027s Stone","White Beast Statue"],"picked":"Eternal Feather"}],"potions_floor_spawned":[1,5,8,31,39,45],"seed_played":"-5465201062442785636","is_trial":false}