{"gold_per_floor":[214,226,236,43,61,61,61,61,88,13,29,29,66,97,97,194,194,214,334,334,17,30,30,61,61,131,6,23,122,122,3,3,3],"floor_reached":33,"playtime":1747,"items_purged":["Decay","Decay","Strike_G"],"score":418,"play_id":"dcbb610b-8429-4111-84d3-089b2ec00316","local_time":"20190201203627","is_ascension_mode":true,"campfire_choices":[{"data":"Magnetism","floor":6,"key":"SMITH"},{"data":"Bouncing Flask","floor":12,"key":"SMITH"},{"data":"Neutralize","floor":15,"key":"SMITH"},{"data":"Malaise","floor":23,"key":"SMITH"},{"data":"Catalyst","floor":25,"key":"SMITH"},{"data":"Infinite Blades","floor":30,"key":"SMITH"},{"data":"Crippling Poison","floor":32,"key":"SMITH"}],"neow_cost":"NONE","seed_source_timestamp":95444193233605,"circlet_count":0,"master_deck":["Defend_G","Defend_G+1","Defend_G","Defend_G","Defend_G","Strike_G","Strike_G","Strike_G","Strike_G","Survivor","Neutralize+1","Bouncing Flask+1","Slice","Venomology+1","Magnetism+1","Dash","Dash","Flying Knee","Malaise+1","Backstab","Leg Sweep","Catalyst+1","Crippling Poison+1","Infinite Blades+1","Die Die Die"],"relics":["Ring of the Snake","Art of War","War Paint","Coffee Dripper","Mercury Hourglass","Dead Branch","Lantern","Bottled Tornado","Matryoshka"],"potions_floor_usage":[11,13,14,14,16,16,16,18,19,19,22,22,28,33,33,33,33],"damage_taken":[{"damage":2,"enemies":"2 Louse","floor":1,"turns":5},{"damage":0,"enemies":"Small Slimes","floor":2,"turns":3},{"damage":0,"enemies":"Cultist","floor":3,"turns":3},{"damage":9,"enemies":"Blue Slaver","floor":5,"turns":5},{"damage":13,"enemies":"Exordium Wildlife","floor":11,"turns":4},{"damage":0,"enemies":"3 Louse","floor":13,"turns":5},{"damage":11,"enemies":"Lagavulin","floor":14,"turns":6},{"damage":10,"enemies":"Hexaghost","floor":16,"turns":7},{"damage":10,"enemies":"2 Thieves","floor":18,"turns":5},{"damage":14,"enemies":"Colosseum Slavers","floor":19,"turns":6},{"damage":33,"enemies":"Colosseum Nobs","floor":19,"turns":6},{"damage":0,"enemies":"3 Byrds","floor":22,"turns":2},{"damage":0,"enemies":"Book of Stabbing","floor":24,"turns":7},{"damage":0,"enemies":"Snecko","floor":28,"turns":3},{"damage":19,"enemies":"Collector","floor":33,"turns":7}],"seed_played":"-2146504896374555761","potions_obtained":[{"floor":1,"key":"Energy Potion"},{"floor":2,"key":"Regen Potion"},{"floor":13,"key":"GhostInAJar"},{"floor":14,"key":"Fire Potion"},{"floor":22,"key":"SteroidPotion"}],"is_trial":false,"path_per_floor":["M","M","M","$","M","R","?","?","T","$","M","R","M","E","R","B",null,"M","?","?","$","M","R","E","R","T","$","M","?","R","$","R","B"],"character_chosen":"THE_SILENT","items_purchased":["Magnetism","Regen Potion","Lantern","Die Die Die","PowerPotion"],"campfire_rested":0,"item_purchase_floors":[4,21,21,31,31],"current_hp_per_floor":[61,61,61,61,52,52,70,70,70,70,57,57,57,46,46,51,65,55,8,8,8,17,17,17,17,17,17,17,17,17,17,17,0],"gold":3,"neow_bonus":"HUNDRED_GOLD","is_prod":false,"is_daily":false,"chose_seed":false,"campfire_upgraded":7,"win_rate":0,"timestamp":1549071387,"path_taken":["M","M","M","$","M","R","?","?","T","$","M","R","M","E","R","BOSS","M","?","?","$","M","R","E","R","T","?","?","?","R","$","R","BOSS"],"build_version":"2019-01-23","purchased_purges":3,"victory":false,"max_hp_per_floor":[70,70,70,70,70,70,70,70,70,70,70,70,70,70,70,70,70,70,70,70,70,70,70,70,70,70,70,70,70,70,70,70,70],"card_choices":[{"not_picked":["Deadly Poison","Quick Slash"],"picked":"Bouncing Flask","floor":1},{"not_picked":["Sucker Punch","Accuracy"],"picked":"Slice","floor":2},{"not_picked":["Underhanded Strike","Blade Dance"],"picked":"Venomology","floor":3},{"not_picked":["Dodge and Roll","Dagger Spray"],"picked":"Dash","floor":5},{"not_picked":["Cloak And Dagger","Underhanded Strike"],"picked":"Dash","floor":11},{"not_picked":["Deflect","Sucker Punch"],"picked":"Flying Knee","floor":13},{"not_picked":["Unload","Dagger Spray","Underhanded Strike"],"picked":"SKIP","floor":14},{"not_picked":["Tools of the Trade","Corpse Explosion"],"picked":"Malaise","floor":16},{"not_picked":["Outmaneuver+1","Flechettes"],"picked":"Backstab","floor":18},{"not_picked":["Bane","Skewer+1"],"picked":"Leg Sweep","floor":19},{"not_picked":["Dagger Spray","Flying Knee"],"picked":"Catalyst","floor":22},{"not_picked":["Noxious Fumes","Poisoned Stab"],"picked":"Crippling Poison","floor":24},{"not_picked":["PiercingWail","Bane"],"picked":"Infinite Blades","floor":28}],"player_experience":320788,"relics_obtained":[{"floor":9,"key":"Art of War"},{"floor":14,"key":"War Paint"},{"floor":19,"key":"Mercury Hourglass"},{"floor":19,"key":"Dead Branch"},{"floor":24,"key":"Bottled Tornado"},{"floor":26,"key":"Matryoshka"}],"event_choices":[{"damage_healed":23,"gold_gain":0,"player_choice":"Banana","damage_taken":0,"max_hp_gain":0,"max_hp_loss":0,"event_name":"Big Fish","floor":7,"gold_loss":0},{"damage_healed":0,"gold_gain":0,"player_choice":"Cursed","damage_taken":0,"max_hp_gain":0,"max_hp_loss":0,"event_name":"Wheel of Change","floor":8,"gold_loss":0,"cards_obtained":["Decay"]},{"damage_healed":0,"gold_gain":0,"player_choice":"Fight","damage_taken":0,"max_hp_gain":0,"max_hp_loss":0,"event_name":"Colosseum","floor":19,"gold_loss":0},{"damage_healed":0,"gold_gain":0,"player_choice":"Fought Nobs","damage_taken":0,"max_hp_gain":0,"max_hp_loss":0,"event_name":"Colosseum","floor":19,"gold_loss":0},{"damage_healed":0,"gold_gain":0,"player_choice":"Smashed Altar","damage_taken":0,"max_hp_gain":0,"max_hp_loss":0,"event_name":"Forgotten Altar","floor":20,"gold_loss":0,"cards_obtained":["Decay"]},{"damage_healed":0,"gold_gain":99,"player_choice":"Stole From Cult","damage_taken":0,"max_hp_gain":0,"max_hp_loss":0,"event_name":"Nest","floor":29,"gold_loss":0}],"is_beta":true,"boss_relics":[{"not_picked":["Snecko Eye","Calling Bell"],"picked":"Coffee Dripper"}],"items_purged_floors":[10,21,27],"is_endless":false,"potions_floor_spawned":[1,2,13,14,19,22],"killed_by":"Collector","ascension_level":9}