{"gold_per_floor":[118,118,134,150,166,166,179,211,279,279,292,326,326,53,53,124,124,136,109,109],"floor_reached":20,"playtime":798,"items_purged":[],"score":372,"play_id":"79b14941-e3f6-46df-8d1a-d141cb95773f","local_time":"20190320230130","is_ascension_mode":true,"campfire_choices":[{"floor":6.0,"key":"REST"},{"floor":10.0,"key":"REST"},{"floor":13.0,"key":"REST"},{"data":"Loop","floor":15.0,"key":"SMITH"}],"neow_cost":"NONE","seed_source_timestamp":671356156471203,"circlet_count":0,"master_deck":["AscendersBane","Strike_B","Strike_B","Strike_B","Strike_B","Defend_B","Defend_B","Defend_B","Defend_B","Zap","Dualcast","Darkness","Sweeping Beam","Turbo","Loop+1","Coolheaded","Gash","Compile Driver","Reinforced Body","Creative AI+1","Gash","Hologram"],"special_seed":0,"relics":["Cracked Core","Orichalcum","The Courier","Bird Faced Urn","Frozen Egg 2","Coffee Dripper"],"potions_floor_usage":[20,20],"damage_taken":[{"damage":1.0,"enemies":"Cultist","floor":1.0,"turns":3.0},{"damage":11.0,"enemies":"Small Slimes","floor":3.0,"turns":3.0},{"damage":7.0,"enemies":"Jaw Worm","floor":4.0,"turns":3.0},{"damage":11.0,"enemies":"Gremlin Gang","floor":5.0,"turns":4.0},{"damage":11.0,"enemies":"Exordium Wildlife","floor":7.0,"turns":3.0},{"damage":24.0,"enemies":"Gremlin Nob","floor":8.0,"turns":4.0},{"damage":8.0,"enemies":"Looter","floor":11.0,"turns":3.0},{"damage":23.0,"enemies":"Lagavulin","floor":12.0,"turns":6.0},{"damage":30.0,"enemies":"Slime Boss","floor":16.0,"turns":6.0},{"damage":16.0,"enemies":"Chosen","floor":18.0,"turns":5.0},{"damage":20.0,"enemies":"2 Thieves","floor":19.0,"turns":4.0},{"damage":45,"enemies":"3 Cultists","floor":20,"turns":5}],"seed_played":"2221881519544556303","potions_obtained":[{"floor":4.0,"key":"Energy Potion"},{"floor":5.0,"key":"FocusPotion"},{"floor":8.0,"key":"SteroidPotion"},{"floor":16.0,"key":"SkillPotion"},{"floor":18.0,"key":"Dexterity Potion"},{"floor":19.0,"key":"FearPotion"}],"is_trial":false,"path_per_floor":["M","?","M","M","M","R","M","E","T","R","M","E","R","$","R","B",null,"M","M","M"],"character_chosen":"DEFECT","items_purchased":["Frozen Egg 2","Explosive Potion"],"campfire_rested":3,"item_purchase_floors":[14,14],"current_hp_per_floor":[70,59,48,41,30,53,42,18,18,41,33,10,33,33,33,5,60,52,36,0],"gold":109,"neow_bonus":"TEN_PERCENT_HP_BONUS","is_prod":false,"is_daily":false,"chose_seed":false,"campfire_upgraded":1,"win_rate":0,"timestamp":1553137290,"path_taken":["M","?","?","M","M","R","?","E","T","R","M","E","R","?","R","BOSS","M","M","M"],"build_version":"2019-03-15","purchased_purges":0,"victory":false,"max_hp_per_floor":[78,78,78,78,78,78,78,78,78,78,78,78,78,78,78,78,78,78,78,78],"card_choices":[{"not_picked":["Go for the Eyes","Leap"],"picked":"Darkness","floor":1.0},{"not_picked":["Hello World","Barrage"],"picked":"Sweeping Beam","floor":3.0},{"not_picked":["Capacitor","Aggregate"],"picked":"Turbo","floor":4.0},{"not_picked":["Rip and Tear","Double Energy"],"picked":"Loop","floor":5.0},{"not_picked":["Cold Snap","Loop"],"picked":"Coolheaded","floor":7.0},{"not_picked":["Hologram","Reprogram"],"picked":"Gash","floor":8.0},{"not_picked":["White Noise","Streamline"],"picked":"Compile Driver","floor":11.0},{"not_picked":["Turbo","Ball Lightning"],"picked":"Reinforced Body","floor":12.0},{"not_picked":["Machine Learning+1","Rainbow"],"picked":"Creative AI+1","floor":16.0},{"not_picked":["Reprogram","Redo+1"],"picked":"Gash","floor":18.0},{"not_picked":["Streamline","Chaos"],"picked":"Hologram","floor":19.0}],"player_experience":1155057,"relics_obtained":[{"floor":8.0,"key":"Orichalcum"},{"floor":9.0,"key":"The Courier"},{"floor":12.0,"key":"Bird Faced Urn"}],"event_choices":[{"damage_healed":0.0,"max_hp_gain":0.0,"max_hp_loss":0.0,"gold_gain":0.0,"event_name":"Wheel of Change","player_choice":"Damaged","floor":2.0,"gold_loss":0.0,"damage_taken":11.0}],"is_beta":true,"boss_relics":[{"not_picked":["Sozu","Lizard Tail"],"picked":"Coffee Dripper"}],"items_purged_floors":[],"is_endless":false,"potions_floor_spawned":[4,5,8,16,18,19],"killed_by":"3 Cultists","ascension_level":20}