{"gold_per_floor":[109,129,142,142,3,36,36,70,70,70,103,103,133,143,143,218,218,230,250,170,190,210,245,245,271,271,298,310,328,363,363,363,437,437,456,456,470,470,470,498,498,531,581,597,623,37,47,58,58,58,58,58,58,8,41,41],"floor_reached":57,"playtime":5973,"items_purged":["Strike_R","Strike_R"],"score":3800,"play_id":"9355dbfc-040f-4b9f-a422-5978e27711b9","local_time":"20190223160222","is_ascension_mode":true,"campfire_choices":[{"data":"Fiend Fire","floor":7.0,"key":"SMITH"},{"data":"Bash","floor":10.0,"key":"SMITH"},{"data":"Anger","floor":12.0,"key":"SMITH"},{"data":"Feel No Pain","floor":15.0,"key":"SMITH"},{"data":"Corruption","floor":24.0,"key":"SMITH"},{"data":"Offering","floor":32.0,"key":"SMITH"},{"floor":49,"key":"RECALL"},{"floor":53,"key":"REST"}],"neow_cost":"NONE","seed_source_timestamp":0,"circlet_count":0,"master_deck":["AscendersBane","Strike_R+1","Strike_R","Defend_R","Defend_R","Defend_R","Defend_R","Bash+1","Fiend Fire+1","Headbutt+1","Anger+1","Feel No Pain+1","Wild Strike","Havoc","Corruption+1","Offering+1","Body Slam","True Grit","Havoc","Warcry+1","Warcry","Fiend Fire+1","Secret Technique","PanicButton","Discovery","Offering","Power Through+1","Armaments","Feel No Pain+1","Flame Barrier","Evolve"],"special_seed":0,"relics":["Burning Blood","FaceOfCleric","Bag of Preparation","Gambling Chip","Pear","Dead Branch","Whetstone","Black Star","Unceasing Top","Incense Burner","FossilizedHelix","Bag of Marbles","Orichalcum","Self Forming Clay","Happy Flower","Dream Catcher","Molten Egg 2","Fusion Hammer","Oddly Smooth Stone","Thread and Needle","Smiling Mask","The Courier","Lantern","Anchor","Shuriken","DollysMirror","Pen Nib","Ice Cream","Blood Vial","Sundial"],"potions_floor_usage":[56,56],"damage_taken":[{"damage":6.0,"enemies":"2 Louse","floor":1.0,"turns":3.0},{"damage":0.0,"enemies":"Cultist","floor":2.0,"turns":2.0},{"damage":10.0,"enemies":"Small Slimes","floor":3.0,"turns":3.0},{"damage":35.0,"enemies":"3 Sentries","floor":6.0,"turns":10.0},{"damage":10.0,"enemies":"Lagavulin","floor":8.0,"turns":5.0},{"damage":1.0,"enemies":"3 Sentries","floor":11.0,"turns":9.0},{"damage":0.0,"enemies":"Gremlin Nob","floor":13.0,"turns":2.0},{"damage":0.0,"enemies":"Blue Slaver","floor":14.0,"turns":1.0},{"damage":0.0,"enemies":"The Guardian","floor":16.0,"turns":5.0},{"damage":6.0,"enemies":"2 Thieves","floor":18.0,"turns":3.0},{"damage":6.0,"enemies":"Chosen","floor":19.0,"turns":1.0},{"damage":0.0,"enemies":"Snecko","floor":21.0,"turns":2.0},{"damage":6.0,"enemies":"Centurion and Healer","floor":22.0,"turns":2.0},{"damage":6.0,"enemies":"Gremlin Leader","floor":23.0,"turns":2.0},{"damage":14.0,"enemies":"Slavers","floor":25.0,"turns":5.0},{"damage":0.0,"enemies":"Gremlin Leader","floor":27.0,"turns":3.0},{"damage":0.0,"enemies":"Shelled Parasite and Fungi","floor":28.0,"turns":1.0},{"damage":0.0,"enemies":"Snecko","floor":29.0,"turns":2.0},{"damage":1.0,"enemies":"Book of Stabbing","floor":30.0,"turns":1.0},{"damage":0.0,"enemies":"Champ","floor":33.0,"turns":3.0},{"damage":0.0,"enemies":"3 Shapes","floor":35.0,"turns":1.0},{"damage":0.0,"enemies":"3 Darklings","floor":37.0,"turns":5.0},{"damage":0,"enemies":"Reptomancer","floor":40,"turns":1},{"damage":1,"enemies":"Giant Head","floor":42,"turns":2},{"damage":18,"enemies":"Transient","floor":44,"turns":2},{"damage":0,"enemies":"Reptomancer","floor":45,"turns":2},{"damage":0,"enemies":"Sphere and 2 Shapes","floor":47,"turns":2},{"damage":0,"enemies":"4 Shapes","floor":48,"turns":1},{"damage":6,"enemies":"Donu and Deca","floor":50,"turns":2},{"damage":6,"enemies":"Awakened One","floor":51,"turns":2},{"damage":0,"enemies":"Shield and Spear","floor":55,"turns":3},{"damage":0,"enemies":"The Heart","floor":56,"turns":6}],"seed_played":"-2950788309257329309","potions_obtained":[{"floor":2.0,"key":"AttackPotion"},{"floor":3.0,"key":"AttackPotion"},{"floor":8.0,"key":"SteroidPotion"},{"floor":25.0,"key":"Weak Potion"},{"floor":27.0,"key":"Swift Potion"},{"floor":30.0,"key":"Fire Potion"},{"floor":42,"key":"Block Potion"}],"is_trial":false,"path_per_floor":["M","M","M","?","$","E","R","E","T","R","E","R","E","M","R","B",null,"M","M","?","M","M","E","R","E","T","E","M","M","E","?","R","B",null,"M","?","M","?","?","E","?","E","T","M","E","$","M","M","R","B","B",null,"R","$","E","B",null],"character_chosen":"IRONCLAD","items_purchased":["Feel No Pain","Wild Strike","DollysMirror","Pen Nib","Ice Cream"],"campfire_rested":1,"item_purchase_floors":[5,5,46,46,46],"current_hp_per_floor":[68,74,70,70,70,42,42,39,49,49,55,55,62,69,69,76,87,88,89,89,94,95,96,96,89,89,96,99,100,101,71,71,78,100,107,107,109,104,94,101,101,106,106,95,102,102,109,110,110,111,112,112,112,112,113,114],"gold":41,"neow_bonus":"ONE_RANDOM_RARE_CARD","is_prod":false,"is_daily":false,"chose_seed":false,"campfire_upgraded":6,"win_rate":0,"timestamp":1550955742,"path_taken":["M","M","M","?","$","E","R","E","T","R","E","R","E","M","R","BOSS","M","?","?","M","M","E","R","E","T","E","?","M","E","?","R","BOSS","M","?","M","?","?","E","?","E","T","?","E","?","M","M","R","BOSS","BOSS","R","$","E","BOSS"],"build_version":"2019-01-23","purchased_purges":2,"victory":true,"max_hp_per_floor":[75,75,75,75,75,76,76,77,87,87,88,88,89,90,90,91,91,92,93,93,94,95,96,96,97,97,98,99,100,101,106,106,107,107,108,108,109,104,104,105,105,106,106,107,108,108,109,110,110,111,112,112,112,112,113,114],"card_choices":[{"not_picked":["Clash","Perfected Strike","Second Wind"],"picked":"SKIP","floor":1.0},{"not_picked":["Clash","Twin Strike"],"picked":"Headbutt","floor":2.0},{"not_picked":["Cleave","Body Slam"],"picked":"Anger","floor":3.0},{"not_picked":["Flex","Warcry","Headbutt"],"picked":"SKIP","floor":6.0},{"not_picked":["Ghostly Armor","Evolve","Body Slam"],"picked":"SKIP","floor":8.0},{"not_picked":["Twin Strike","Hemokinesis","Blood for Blood"],"picked":"SKIP","floor":11.0},{"not_picked":["Rampage","Burning Pact"],"picked":"Havoc","floor":13.0},{"not_picked":["True Grit","Havoc"],"picked":"Corruption","floor":14.0},{"not_picked":["Limit Break","Demon Form"],"picked":"Offering","floor":16.0},{"not_picked":["Blood for Blood","Cleave"],"picked":"Body Slam","floor":18.0},{"not_picked":["Rupture","Hemokinesis"],"picked":"True Grit","floor":19.0},{"not_picked":["Combust","Dropkick","Iron Wave"],"picked":"SKIP","floor":21.0},{"not_picked":["Clash","Clothesline","Whirlwind"],"picked":"SKIP","floor":22.0},{"not_picked":["Whirlwind","Rage","Combust+1"],"picked":"SKIP","floor":23.0},{"not_picked":["Clash","Sword Boomerang"],"picked":"Havoc","floor":25.0},{"not_picked":["Ghostly Armor","Iron Wave"],"picked":"Warcry+1","floor":27.0},{"not_picked":["Iron Wave","Immolate"],"picked":"Warcry","floor":28.0},{"not_picked":["Uppercut","Thunderclap","Flex"],"picked":"SKIP","floor":29.0},{"not_picked":["Reaper","Warcry","Immolate"],"picked":"SKIP","floor":30.0},{"not_picked":["Reaper","Warcry","Immolate"],"picked":"SKIP","floor":30.0},{"not_picked":["Bludgeon+1","Impervious"],"picked":"Fiend Fire+1","floor":33.0},{"not_picked":["Anger+1","Headbutt+1","Thunderclap+1"],"picked":"SKIP","floor":35.0},{"not_picked":["Warcry","Twin Strike+1","Perfected Strike+1"],"picked":"SKIP","floor":37.0},{"not_picked":["HandOfGreed+1","Deep Breath"],"picked":"Secret Technique","floor":39.0},{"not_picked":["The Bomb","Good Instincts"],"picked":"PanicButton","floor":39.0},{"not_picked":["The Bomb","Metamorphosis"],"picked":"Discovery","floor":39.0},{"not_picked":["Armaments","Warcry"],"picked":"Offering","floor":40},{"not_picked":["Ghostly Armor","Second Wind+1"],"picked":"Power Through+1","floor":42},{"not_picked":["Metallicize","Dropkick+1"],"picked":"Armaments","floor":44},{"not_picked":["Ghostly Armor","Wild Strike+1","Searing Blow+1"],"picked":"SKIP","floor":45},{"not_picked":["Clash+1","Power Through","Cleave+1"],"picked":"SKIP","floor":47},{"not_picked":["Dual Wield","Thunderclap+1"],"picked":"Flame Barrier","floor":48},{"not_picked":["Sever Soul+1","Dropkick+1"],"picked":"Evolve","floor":53},{"not_picked":["True Grit","Immolate+1","Evolve"],"picked":"SKIP","floor":55}],"player_experience":596944,"relics_obtained":[{"floor":6.0,"key":"Bag of Preparation"},{"floor":8.0,"key":"Gambling Chip"},{"floor":9.0,"key":"Pear"},{"floor":11.0,"key":"Dead Branch"},{"floor":13.0,"key":"Whetstone"},{"floor":23.0,"key":"Incense Burner"},{"floor":23.0,"key":"FossilizedHelix"},{"floor":25.0,"key":"Bag of Marbles"},{"floor":25.0,"key":"Orichalcum"},{"floor":27.0,"key":"Self Forming Clay"},{"floor":27.0,"key":"Happy Flower"},{"floor":30.0,"key":"Dream Catcher"},{"floor":30.0,"key":"Molten Egg 2"},{"floor":40,"key":"Oddly Smooth Stone"},{"floor":40,"key":"Thread and Needle"},{"floor":42,"key":"Smiling Mask"},{"floor":42,"key":"The Courier"},{"floor":43,"key":"Lantern"},{"floor":45,"key":"Anchor"},{"floor":45,"key":"Shuriken"},{"floor":55,"key":"Blood Vial"},{"floor":55,"key":"Sundial"}],"event_choices":[{"damage_healed":0.0,"max_hp_gain":0.0,"max_hp_loss":0.0,"gold_gain":0.0,"event_name":"FaceTrader","player_choice":"Trade","floor":4.0,"gold_loss":0.0,"damage_taken":0.0,"relics_obtained":["FaceOfCleric"]},{"damage_healed":0.0,"max_hp_gain":0.0,"max_hp_loss":0.0,"gold_gain":0.0,"event_name":"WeMeetAgain","player_choice":"Paid Gold","floor":20.0,"gold_loss":80.0,"damage_taken":0.0,"relics_obtained":["Unceasing Top"]},{"damage_healed":0.0,"max_hp_gain":5.0,"max_hp_loss":0.0,"gold_gain":0.0,"event_name":"Forgotten Altar","player_choice":"Shed Blood","floor":31.0,"gold_loss":0.0,"damage_taken":35.0},{"cards_removed":["Strike_R"],"damage_healed":0.0,"max_hp_gain":0.0,"max_hp_loss":0.0,"gold_gain":0.0,"event_name":"Falling","player_choice":"Removed Attack","floor":36.0,"gold_loss":0.0,"damage_taken":0.0},{"damage_healed":0.0,"max_hp_gain":0.0,"max_hp_loss":5.0,"gold_gain":0.0,"event_name":"Winding Halls","player_choice":"Max HP","floor":38.0,"gold_loss":0.0,"damage_taken":0.0},{"damage_healed":0.0,"max_hp_gain":0.0,"max_hp_loss":0.0,"gold_gain":0.0,"event_name":"SensoryStone","player_choice":"Memory 3","floor":39.0,"gold_loss":0.0,"damage_taken":10.0},{"damage_healed":0,"gold_gain":0,"player_choice":"Got Potions","damage_taken":0,"max_hp_gain":0,"max_hp_loss":0,"event_name":"Lab","floor":41,"gold_loss":0}],"is_beta":false,"boss_relics":[{"not_picked":["Empty Cage","Mark of Pain"],"picked":"Black Star"},{"not_picked":["White Beast Statue","Lizard Tail"],"picked":"Fusion Hammer"}],"items_purged_floors":[46,54],"is_endless":false,"potions_floor_spawned":[2,3,8,11,19,25,27,30,33,37,42,45,48],"ascension_level":20}