{"gold_per_floor":[113,124,54,69,86,86,105,105,105,23,49,60,11,11],"floor_reached":14,"playtime":391,"items_purged":[],"score":92,"play_id":"ac03d174-3ad3-45a2-af02-b4186d71a5d1","local_time":"20190127060816","is_ascension_mode":false,"campfire_choices":[{"data":"Trip","floor":6,"key":"SMITH"},{"data":"Backstab","floor":8,"key":"SMITH"}],"neow_cost":"NONE","seed_source_timestamp":836250637776071,"circlet_count":0,"master_deck":["Defend_G","Defend_G","Defend_G","Defend_G","Defend_G","Strike_G","Strike_G","Strike_G","Strike_G","Strike_G","Survivor","Neutralize","Trip+1","Backstab+1","Infinite Blades","Blade Dance","Blade Dance","Cloak And Dagger"],"relics":["Ring of the Snake","Pen Nib","Blood Vial","Matryoshka"],"potions_floor_usage":[5,5],"damage_taken":[{"damage":0,"enemies":"Jaw Worm","floor":1,"turns":2},{"damage":0,"enemies":"Cultist","floor":2,"turns":3},{"damage":0,"enemies":"Small Slimes","floor":4,"turns":4},{"damage":15,"enemies":"Exordium Thugs","floor":5,"turns":4},{"damage":7,"enemies":"2 Fungi Beasts","floor":7,"turns":3},{"damage":41,"enemies":"Lagavulin","floor":11,"turns":6},{"damage":3,"enemies":"Red Slaver","floor":12,"turns":4},{"damage":18,"enemies":"3 Sentries","floor":14,"turns":2}],"seed_played":"3985139497825731536","potions_obtained":[{"floor":1,"key":"SkillPotion"},{"floor":4,"key":"AttackPotion"}],"is_trial":false,"path_per_floor":["M","M","$","M","M","R","M","R","T","?","E","M","$","E"],"character_chosen":"THE_SILENT","items_purchased":["Infinite Blades","Cloak And Dagger"],"campfire_rested":0,"item_purchase_floors":[3,13],"current_hp_per_floor":[70,70,70,70,55,55,48,48,48,48,9,8,8,0],"gold":11,"neow_bonus":"RANDOM_COLORLESS","is_prod":false,"is_daily":false,"chose_seed":false,"campfire_upgraded":2,"win_rate":0,"timestamp":1548598096,"path_taken":["M","M","$","M","M","R","M","R","T","?","E","?","$","E"],"build_version":"2019-01-23","purchased_purges":0,"victory":false,"max_hp_per_floor":[70,70,70,70,70,70,70,70,70,70,70,70,70,70],"card_choices":[{"not_picked":["Flying Knee","Bane"],"picked":"Backstab","floor":1},{"not_picked":["Distraction","Deadly Poison","Prepared"],"picked":"SKIP","floor":2},{"not_picked":["Footwork","Acrobatics"],"picked":"Blade Dance","floor":4},{"not_picked":["Deadly Poison","Expertise","Prepared"],"picked":"SKIP","floor":5},{"not_picked":["Slice","Prepared"],"picked":"Blade Dance","floor":7},{"not_picked":["Crippling Poison","Bane","Poisoned Stab"],"picked":"SKIP","floor":11},{"not_picked":["Outmaneuver","Prepared","Skewer"],"picked":"SKIP","floor":12}],"player_experience":193831,"relics_obtained":[{"floor":9,"key":"Pen Nib"},{"floor":11,"key":"Matryoshka"}],"event_choices":[{"damage_healed":0,"gold_gain":0,"player_choice":"Paid Gold","damage_taken":0,"relics_obtained":["Blood Vial"],"max_hp_gain":0,"max_hp_loss":0,"event_name":"WeMeetAgain","floor":10,"gold_loss":82}],"is_beta":false,"boss_relics":[],"items_purged_floors":[],"is_endless":false,"potions_floor_spawned":[1,4],"killed_by":"3 Sentries","ascension_level":0}