{"path_per_floor":["M","M","M","$","M","R","?","R","T","M","R","$","R","M","R","B",null,"M","M","M","?"],"character_chosen":"DEFECT","items_purchased":["Capacitor","Hello World"],"gold_per_floor":[118,131,145,32,52,52,52,52,76,87,87,17,17,31,31,127,127,147,166,180,280,280],"floor_reached":22,"campfire_rested":0,"playtime":918,"item_purchase_floors":[4,12],"current_hp_per_floor":[68,68,68,68,68,68,68,68,68,63,63,63,63,59,59,30,75,51,41,20,20,0],"items_purged":["Defend_B"],"gold":280,"score":178,"play_id":"2a637b0a-c466-42f5-8514-654b43611f13","local_time":"20180610052855","is_prod":false,"is_daily":false,"chose_seed":false,"is_ascension_mode":false,"campfire_upgraded":5,"win_rate":0.0,"timestamp":1528633735,"campfire_choices":[{"data":"Redo","floor":6,"key":"SMITH"},{"data":"Auto Shields","floor":8,"key":"SMITH"},{"data":"Zap","floor":11,"key":"SMITH"},{"data":"Hello World","floor":13,"key":"SMITH"},{"data":"Dualcast","floor":15,"key":"SMITH"}],"path_taken":["M","M","?","$","M","R","?","R","T","M","R","$","R","M","R","BOSS","M","M","M","?","?"],"build_version":"2018-06-07v3","seed_source_timestamp":1573948053468183,"purchased_purges":1,"victory":false,"master_deck":["Strike_B","Strike_B","Defend_B","Zap+1","Dualcast+1","Auto Shields+1","Reinforced Body","Redo+1","Capacitor","FTL","Darkness","Dark Shackles","Hello World+1","Electrodynamics","Echo Form+1","Storm+1","Doom and Gloom+1"],"max_hp_per_floor":[75,75,75,75,75,75,75,75,75,75,75,75,75,75,75,75,75,75,75,75,75,75],"relics":["Cracked Core","Boot","Astrolabe"],"card_choices":[{"not_picked":["Turbo","Conserve Battery","Lockon"],"picked":"SKIP","floor":1},{"not_picked":["Lockon","Double Energy"],"picked":"Reinforced Body","floor":2},{"not_picked":["Aggregate","Genetic Algorithm"],"picked":"Redo","floor":3},{"not_picked":["Sweeping Beam","Consume"],"picked":"FTL","floor":5},{"not_picked":["Sweeping Beam","Chaos","Gash"],"picked":"SKIP","floor":10},{"not_picked":["Sweeping Beam","Stack","Barrage"],"picked":"SKIP","floor":14},{"not_picked":["Creative AI","Machine Learning"],"picked":"Electrodynamics","floor":16},{"not_picked":["Conserve Battery+1","Rebound","Reprogram"],"picked":"SKIP","floor":18},{"not_picked":["Beam Cell","Glacier","Double Energy"],"picked":"SKIP","floor":19},{"not_picked":["Blizzard","Sunder","Barrage+1"],"picked":"SKIP","floor":20}],"player_experience":172717,"potions_floor_usage":[16],"damage_taken":[{"damage":7,"enemies":"Cultist","floor":1,"turns":5},{"damage":0,"enemies":"2 Louse","floor":2,"turns":1},{"damage":0,"enemies":"Jaw Worm","floor":3,"turns":4},{"damage":0,"enemies":"Large Slime","floor":5,"turns":7},{"damage":5,"enemies":"Lots of Slimes","floor":10,"turns":3},{"damage":4,"enemies":"Exordium Wildlife","floor":14,"turns":4},{"damage":29,"enemies":"The Guardian","floor":16,"turns":9},{"damage":24,"enemies":"2 Thieves","floor":18,"turns":4},{"damage":10,"enemies":"Spheric Guardian","floor":19,"turns":3},{"damage":21,"enemies":"Snake Plant","floor":20,"turns":4},{"damage":21,"enemies":"Snecko","floor":22,"turns":3}],"relics_obtained":[{"floor":9,"key":"Boot"}],"event_choices":[{"event_name":"Match and Keep!","player_choice":"2 cards matched","floor":7,"damage_taken":0},{"event_name":"Golden Shrine","player_choice":"Pray","floor":21,"damage_taken":0}],"boss_relics":[{"not_picked":["Velvet Choker","Black Star"],"picked":"Astrolabe"}],"items_purged_floors":[4],"potions_floor_spawned":[14],"seed_played":"-1337009566968985689","killed_by":"Snecko","ascension_level":0,"potions_obtained":[{"floor":14,"key":"Swift Potion"}],"is_trial":false}