{"gold_per_floor":[118,48,48,48,2,2,342,363,363,363,399,399,423,447,447,447],"floor_reached":16,"playtime":551,"items_purged":[],"score":160,"play_id":"1ec25eff-5ff5-48ac-9bd6-7c886c0f843d","local_time":"20190109012054","is_ascension_mode":true,"campfire_choices":[{"data":"Cloak And Dagger","floor":6,"key":"SMITH"},{"floor":15,"key":"REST"}],"neow_cost":"NONE","seed_source_timestamp":128413311866461,"circlet_count":0,"master_deck":["Defend_G","Defend_G","Defend_G","Defend_G","Strike_G","Strike_G","Strike_G","Survivor","Neutralize","Infinite Blades","Tactician","Cloak And Dagger+1","Reflex","Slice","Heel Hook","Acrobatics","Blade Dance","Choke"],"relics":["Ring of the Snake","NeowsBlessing","Golden Idol","Old Coin","Anchor","Pen Nib"],"potions_floor_usage":[16],"damage_taken":[{"damage":0,"enemies":"Cultist","floor":1,"turns":1},{"damage":0,"enemies":"Lagavulin","floor":7,"turns":1},{"damage":0,"enemies":"Small Slimes","floor":8,"turns":1},{"damage":40,"enemies":"Gremlin Nob","floor":11,"turns":5},{"damage":0,"enemies":"Jaw Worm","floor":13,"turns":3},{"damage":0,"enemies":"Exordium Thugs","floor":14,"turns":4},{"damage":28,"enemies":"Hexaghost","floor":16,"turns":9}],"seed_played":"-6922748355723897508","potions_obtained":[{"floor":8,"key":"EssenceOfSteel"},{"floor":14,"key":"Strength Potion"}],"is_trial":false,"path_per_floor":["M","$","?","?","$","R","E","M","T","?","E","?","M","M","R","B"],"character_chosen":"THE_SILENT","items_purchased":["Tactician","Cloak And Dagger"],"campfire_rested":1,"item_purchase_floors":[2,5],"current_hp_per_floor":[70,70,63,46,46,46,46,46,46,46,6,6,6,6,27,0],"gold":447,"neow_bonus":"THREE_ENEMY_KILL","is_prod":false,"is_daily":false,"chose_seed":false,"campfire_upgraded":1,"win_rate":0,"timestamp":1547014854,"path_taken":["M","$","?","?","?","R","E","?","T","?","E","?","M","M","R","BOSS"],"build_version":"2019-01-07","purchased_purges":0,"victory":false,"max_hp_per_floor":[70,70,70,70,70,70,70,70,70,70,70,70,70,70,70,70],"card_choices":[{"not_picked":["Poisoned Stab","Quick Slash"],"picked":"Infinite Blades","floor":1},{"not_picked":["Dodge and Roll","Expertise"],"picked":"Reflex","floor":7},{"not_picked":["Sucker Punch","Outmaneuver"],"picked":"Slice","floor":8},{"not_picked":["All Out Attack","Reflex"],"picked":"Acrobatics","floor":11},{"not_picked":["Dagger Spray","Bouncing Flask"],"picked":"Blade Dance","floor":13},{"not_picked":["Catalyst","Acrobatics"],"picked":"Choke","floor":14}],"player_experience":180010,"relics_obtained":[{"floor":7,"key":"Old Coin"},{"floor":9,"key":"Anchor"},{"floor":11,"key":"Pen Nib"}],"event_choices":[{"cards_removed":["Strike_G"],"damage_healed":0,"gold_gain":0,"player_choice":"Card Removal","damage_taken":7,"max_hp_gain":0,"max_hp_loss":0,"event_name":"Golden Wing","floor":3,"gold_loss":0},{"damage_healed":0,"gold_gain":0,"player_choice":"Take Damage","damage_taken":17,"relics_obtained":["Golden Idol"],"max_hp_gain":0,"max_hp_loss":0,"event_name":"Golden Idol","floor":4,"gold_loss":0},{"damage_healed":0,"gold_gain":0,"cards_transformed":["Strike_G"],"player_choice":"Change","damage_taken":0,"max_hp_gain":0,"max_hp_loss":0,"event_name":"Living Wall","floor":10,"gold_loss":0,"cards_obtained":["Heel Hook"]},{"cards_removed":["Defend_G"],"damage_healed":0,"gold_gain":0,"player_choice":"Card Removal","damage_taken":0,"max_hp_gain":0,"max_hp_loss":0,"event_name":"Wheel of Change","floor":12,"gold_loss":0}],"is_beta":true,"boss_relics":[],"items_purged_floors":[],"is_endless":false,"potions_floor_spawned":[8,14],"killed_by":"Hexaghost","ascension_level":4}