{"gold_per_floor":[110,110,128,128,33,33,48,48,72,83,100,111,111,111,111,207,207,218,218,268,282,282,282,316,326,326,251,251],"floor_reached":28,"playtime":642,"items_purged":[],"score":253,"play_id":"510df83b-ede7-48f4-83d0-f76729fa35f6","local_time":"20190130033804","is_ascension_mode":false,"campfire_choices":[{"data":"Spot Weakness","floor":6,"key":"SMITH"},{"data":"Bash","floor":8,"key":"SMITH"},{"floor":13,"key":"REST"},{"data":"Heavy Blade","floor":15,"key":"SMITH"},{"floor":23,"key":"REST"}],"neow_cost":"NONE","seed_source_timestamp":247121907326687,"circlet_count":0,"master_deck":["Strike_R","Strike_R","Strike_R","Defend_R+1","Defend_R","Defend_R+1","Defend_R","Bash+1","Spot Weakness+1","Heavy Blade+1","Feed","Spot Weakness+1"],"relics":["Black Blood","NeowsBlessing","Pen Nib","War Paint","Shuriken","Vajra","The Courier"],"potions_floor_usage":[12,16,16,21,21],"damage_taken":[{"damage":0,"enemies":"Cultist","floor":1,"turns":1},{"damage":0,"enemies":"Small Slimes","floor":3,"turns":1},{"damage":0,"enemies":"Jaw Worm","floor":7,"turns":1},{"damage":13,"enemies":"Red Slaver","floor":10,"turns":2},{"damage":23,"enemies":"Exordium Wildlife","floor":11,"turns":3},{"damage":21,"enemies":"Exordium Thugs","floor":12,"turns":4},{"damage":48,"enemies":"Hexaghost","floor":16,"turns":8},{"damage":19,"enemies":"Shell Parasite","floor":18,"turns":4},{"damage":39,"enemies":"3 Byrds","floor":21,"turns":7},{"damage":38,"enemies":"Book of Stabbing","floor":24,"turns":5},{"damage":24,"enemies":"Sentry and Sphere","floor":25,"turns":4},{"damage":22,"enemies":"Snake Plant","floor":28,"turns":2}],"seed_played":"1422228315971214566","potions_obtained":[{"floor":1,"key":"Swift Potion"},{"floor":3,"key":"Poison Potion"},{"floor":10,"key":"Weak Potion"},{"floor":12,"key":"SkillPotion"},{"floor":18,"key":"EssenceOfSteel"}],"is_trial":false,"path_per_floor":["M","?","M","?","$","R","M","R","T","M","M","M","R","?","R","B",null,"M","?","T","M","?","R","E","M","T","?","M"],"character_chosen":"IRONCLAD","items_purchased":["Spot Weakness","Heavy Blade"],"campfire_rested":2,"item_purchase_floors":[5,5],"current_hp_per_floor":[80,85,85,85,85,85,85,85,85,78,61,46,71,71,71,29,85,76,60,60,34,34,61,33,22,22,22,0],"gold":251,"neow_bonus":"THREE_ENEMY_KILL","is_prod":false,"is_daily":false,"chose_seed":false,"campfire_upgraded":3,"win_rate":0,"timestamp":1548848284,"path_taken":["M","?","M","?","$","R","M","R","T","M","M","?","R","?","R","BOSS","M","?","?","?","?","R","E","M","T","?","M"],"build_version":"2019-01-23","purchased_purges":0,"victory":false,"max_hp_per_floor":[80,85,85,85,85,85,85,85,85,85,85,85,85,85,85,85,85,85,90,90,93,93,93,93,96,96,96,96],"card_choices":[{"not_picked":["Battle Trance","Body Slam","Carnage"],"picked":"SKIP","floor":1},{"not_picked":["Whirlwind","Combust","Bloodletting"],"picked":"SKIP","floor":3},{"not_picked":["Havoc","Anger","Clash"],"picked":"SKIP","floor":7},{"not_picked":["Sword Boomerang","Havoc","True Grit"],"picked":"SKIP","floor":10},{"not_picked":["Wild Strike","Pummel","Sword Boomerang"],"picked":"SKIP","floor":11},{"not_picked":["Havoc","Warcry","Wild Strike"],"picked":"SKIP","floor":12},{"not_picked":["Double Tap","Dark Embrace"],"picked":"Feed","floor":16},{"not_picked":["Reckless Charge+1","Armaments","Feel No Pain"],"picked":"SKIP","floor":18},{"not_picked":["Blood for Blood","Wild Strike+1"],"picked":"Spot Weakness+1","floor":21},{"not_picked":["Thunderclap+1","Carnage","Hemokinesis"],"picked":"SKIP","floor":24},{"not_picked":["Pommel Strike","Rampage+1","Wild Strike+1"],"picked":"SKIP","floor":25}],"player_experience":222965,"relics_obtained":[{"floor":9,"key":"Pen Nib"},{"floor":20,"key":"War Paint"},{"floor":24,"key":"Vajra"},{"floor":26,"key":"The Courier"}],"event_choices":[{"damage_healed":0,"gold_gain":0,"player_choice":"Donut","damage_taken":0,"max_hp_gain":5,"max_hp_loss":0,"event_name":"Big Fish","floor":2,"gold_loss":0},{"damage_healed":0,"gold_gain":0,"player_choice":"0 cards matched","damage_taken":0,"max_hp_gain":0,"max_hp_loss":0,"event_name":"Match and Keep!","floor":4,"gold_loss":0,"cards_obtained":[]},{"cards_removed":["Strike_R"],"damage_healed":0,"gold_gain":0,"player_choice":"Offered Basic","damage_taken":0,"max_hp_gain":0,"max_hp_loss":0,"event_name":"Bonfire Elementals","floor":14,"gold_loss":0},{"damage_healed":0,"gold_gain":0,"player_choice":"Shed Blood","damage_taken":21,"max_hp_gain":5,"max_hp_loss":0,"event_name":"Forgotten Altar","floor":19,"gold_loss":0},{"damage_healed":0,"gold_gain":0,"player_choice":"Opened","damage_taken":0,"relics_obtained":["Shuriken"],"max_hp_gain":0,"max_hp_loss":0,"event_name":"The Mausoleum","floor":22,"gold_loss":0},{"cards_removed":["Strike_R"],"damage_healed":0,"gold_gain":0,"player_choice":"Gave Gold","damage_taken":0,"max_hp_gain":0,"max_hp_loss":0,"event_name":"Beggar","floor":27,"gold_loss":75}],"is_beta":false,"boss_relics":[{"not_picked":["Philosopher\u0027s Stone","Busted Crown"],"picked":"Black Blood"}],"items_purged_floors":[],"is_endless":false,"potions_floor_spawned":[1,3,10,12,18],"killed_by":"Snake Plant","ascension_level":0}