{"gold_per_floor":[110,123,181,255,268,301,301,316,392,418,252,282,282,100,100,175,175,190,190,290,307,321,352,352,384,384,384,303,83,113,126,126,197,197,214,261,277,277,296,296,329,329,329,340,340,366,378,41,41,41,41],"floor_reached":51,"playtime":3055,"items_purged":["Strike_R"],"score":1587,"play_id":"340b114c-beeb-407b-aca3-f237590c4411","local_time":"20181104002126","is_ascension_mode":true,"campfire_choices":[{"floor":7.0,"key":"REST"},{"data":"Blind","floor":15.0,"key":"SMITH"},{"data":"True Grit","floor":24.0,"key":"SMITH"},{"data":"Anger","floor":32.0,"key":"SMITH"},{"floor":40.0,"key":"REST"},{"data":"Limit Break","floor":42.0,"key":"SMITH"},{"data":"Shockwave","floor":45.0,"key":"SMITH"},{"floor":49.0,"key":"RECALL"}],"neow_cost":"NONE","seed_source_timestamp":49497899047698,"circlet_count":0,"master_deck":["AscendersBane","Strike_R+1","Strike_R+1","Strike_R+1","Defend_R+1","Defend_R+1","Defend_R+1","Defend_R+1","Bash","Headbutt+1","Clothesline+1","Anger+1","Cleave","True Grit+1","Pommel Strike","Pommel Strike+1","Juggernaut+1","Blind+1","Feed","Whirlwind","Disarm+1","Disarm+1","Havoc+1","Impervious","Feel No Pain+1","Disarm","Headbutt+1","Limit Break+1","Feel No Pain+1","Shockwave+1","Second Wind+1","Shrug It Off+1","Reaper","Iron Wave+1"],"special_seed":0,"relics":["Burning Blood","Ornamental Fan","Shuriken","Frozen Egg 2","Bag of Marbles","Centennial Puzzle","Bag of Preparation","Velvet Choker","Peace Pipe","Gremlin Horn","Du-Vu Doll","Smiling Mask","HandDrill","Kunai","Black Star","Nunchaku","PreservedInsect","Whetstone","Bottled Tornado","Darkstone Periapt","Toxic Egg 2","Incense Burner"],"potions_floor_usage":[50],"damage_taken":[{"damage":11.0,"enemies":"Small Slimes","floor":1.0,"turns":5.0},{"damage":9.0,"enemies":"Jaw Worm","floor":2.0,"turns":4.0},{"damage":7.0,"enemies":"2 Louse","floor":5.0,"turns":3.0},{"damage":28.0,"enemies":"3 Sentries","floor":6.0,"turns":8.0},{"damage":10.0,"enemies":"Blue Slaver","floor":8.0,"turns":4.0},{"damage":8.0,"enemies":"Gremlin Nob","floor":10.0,"turns":3.0},{"damage":6.0,"enemies":"3 Sentries","floor":12.0,"turns":5.0},{"damage":20.0,"enemies":"The Guardian","floor":16.0,"turns":11.0},{"damage":11.0,"enemies":"Chosen","floor":18.0,"turns":4.0},{"damage":7.0,"enemies":"Colosseum Slavers","floor":20.0,"turns":3.0},{"damage":29.0,"enemies":"Colosseum Nobs","floor":20.0,"turns":4.0},{"damage":0.0,"enemies":"2 Thieves","floor":21.0,"turns":3.0},{"damage":5.0,"enemies":"Snake Plant","floor":22.0,"turns":4.0},{"damage":0.0,"enemies":"Gremlin Leader","floor":23.0,"turns":5.0},{"damage":22.0,"enemies":"Slavers","floor":25.0,"turns":5.0},{"damage":0.0,"enemies":"Gremlin Leader","floor":30.0,"turns":3.0},{"damage":1.0,"enemies":"Centurion and Healer","floor":31.0,"turns":5.0},{"damage":46.0,"enemies":"Collector","floor":33.0,"turns":10.0},{"damage":13.0,"enemies":"Orb Walker","floor":35.0,"turns":3.0},{"damage":37.0,"enemies":"2 Orb Walkers","floor":36.0,"turns":4.0},{"damage":11.0,"enemies":"3 Shapes","floor":37.0,"turns":4.0},{"damage":11.0,"enemies":"Jaw Worm Horde","floor":39.0,"turns":4.0},{"damage":1.0,"enemies":"Reptomancer","floor":41.0,"turns":8.0},{"damage":3.0,"enemies":"Maw","floor":44.0,"turns":8.0},{"damage":41.0,"enemies":"Nemesis","floor":46.0,"turns":7.0},{"damage":33.0,"enemies":"Spire Growth","floor":47.0,"turns":9.0},{"damage":20,"enemies":"Awakened One","floor":50,"turns":11},{"damage":22,"enemies":"Donu and Deca","floor":51,"turns":3}],"seed_played":"5888357307516460974","potions_obtained":[{"floor":6.0,"key":"Ancient Potion"},{"floor":10.0,"key":"Poison Potion"},{"floor":22.0,"key":"SneckoOil"},{"floor":30.0,"key":"PowerPotion"},{"floor":35.0,"key":"EssenceOfSteel"},{"floor":36.0,"key":"Fire Potion"},{"floor":41.0,"key":"Strength Potion"},{"floor":44.0,"key":"LiquidBronze"}],"is_trial":false,"path_per_floor":["M","M","?","T","M","E","R","M","T","E","$","E","?","$","R","B",null,"M","?","?","M","M","E","R","E","T","?","$","$","E","M","R","B",null,"M","?","M","?","M","R","E","R","T","M","R","E","M","$","R","B","B"],"character_chosen":"IRONCLAD","items_purchased":["Centennial Puzzle","Blind","Feel No Pain+1","HandDrill","Incense Burner"],"campfire_rested":2,"item_purchase_floors":[11,14,28,29,48],"current_hp_per_floor":[63,60,60,60,59,37,59,55,55,53,53,53,30,30,30,16,60,58,58,40,49,50,56,56,40,40,40,40,40,46,54,54,14,71,64,36,34,34,32,61,66,66,66,72,72,37,15,15,15,10,0],"gold":41,"neow_bonus":"TRANSFORM_CARD","is_prod":false,"is_daily":false,"chose_seed":false,"campfire_upgraded":5,"win_rate":0,"timestamp":1541305286,"path_taken":["M","M","?","?","M","E","R","M","T","E","$","E","?","$","R","BOSS","M","?","?","M","M","E","R","E","T","?","?","$","E","M","R","BOSS","M","?","M","?","M","R","E","R","T","M","R","E","M","$","R","BOSS","BOSS"],"build_version":"2018-11-02","purchased_purges":1,"victory":false,"max_hp_per_floor":[75,75,75,75,75,75,75,75,75,75,75,75,75,75,75,75,75,78,78,84,87,87,87,87,87,87,87,87,87,87,90,90,90,90,90,93,96,96,99,99,99,99,99,102,102,102,102,102,102,102,102],"card_choices":[{"not_picked":["Shrug It Off","Warcry"],"picked":"Clothesline","floor":1.0},{"not_picked":["Twin Strike","Fire Breathing"],"picked":"Anger","floor":2.0},{"not_picked":["Wild Strike","Body Slam"],"picked":"Cleave","floor":5.0},{"not_picked":["Blood for Blood","Headbutt"],"picked":"True Grit","floor":6.0},{"not_picked":["Warcry","Cleave"],"picked":"Pommel Strike","floor":8.0},{"not_picked":["Burning Pact","Fire Breathing+1"],"picked":"Pommel Strike","floor":10.0},{"not_picked":["Battle Trance","Heavy Blade"],"picked":"Juggernaut+1","floor":12.0},{"not_picked":["Berserk+1","Fiend Fire"],"picked":"Feed","floor":16.0},{"not_picked":["Infernal Blade","Wild Strike","Dual Wield+1"],"picked":"SKIP","floor":18.0},{"not_picked":["True Grit","Body Slam"],"picked":"Whirlwind","floor":20.0},{"not_picked":["Pommel Strike","Thunderclap"],"picked":"Disarm+1","floor":21.0},{"not_picked":["Armaments","Havoc"],"picked":"Disarm+1","floor":22.0},{"not_picked":["Anger","Cleave"],"picked":"Havoc+1","floor":23.0},{"not_picked":["Burning Pact","Hemokinesis"],"picked":"Impervious","floor":25.0},{"not_picked":["Clothesline","Havoc"],"picked":"Disarm","floor":30.0},{"not_picked":["Twin Strike","Flex"],"picked":"Headbutt+1","floor":31.0},{"not_picked":["Brutality+1","Offering"],"picked":"Limit Break","floor":33.0},{"not_picked":["Flex+1","Anger"],"picked":"Feel No Pain+1","floor":35.0},{"not_picked":["Warcry","Heavy Blade+1"],"picked":"Shockwave","floor":36.0},{"not_picked":["Second Wind+1","Havoc","Armaments"],"picked":"SKIP","floor":37.0},{"not_picked":["Havoc","Armaments"],"picked":"Second Wind+1","floor":37.0},{"not_picked":["Cleave","Fire Breathing+1","Clothesline+1"],"picked":"SKIP","floor":39.0},{"not_picked":["Havoc","Bloodletting","Clothesline"],"picked":"SKIP","floor":41.0},{"not_picked":["Clash","Cleave"],"picked":"Shrug It Off+1","floor":44.0},{"not_picked":["Battle Trance","Clothesline+1"],"picked":"Reaper","floor":46.0},{"not_picked":["Wild Strike","Havoc+1"],"picked":"Iron Wave+1","floor":47.0}],"player_experience":830487,"relics_obtained":[{"floor":4.0,"key":"Ornamental Fan"},{"floor":6.0,"key":"Shuriken"},{"floor":9.0,"key":"Frozen Egg 2"},{"floor":10.0,"key":"Bag of Marbles"},{"floor":12.0,"key":"Bag of Preparation"},{"floor":20.0,"key":"Peace Pipe"},{"floor":20.0,"key":"Gremlin Horn"},{"floor":23.0,"key":"Du-Vu Doll"},{"floor":25.0,"key":"Smiling Mask"},{"floor":30.0,"key":"Kunai"},{"floor":36.0,"key":"Nunchaku"},{"floor":41.0,"key":"PreservedInsect"},{"floor":41.0,"key":"Whetstone"},{"floor":43.0,"key":"Bottled Tornado"},{"floor":46.0,"key":"Darkstone Periapt"},{"floor":46.0,"key":"Toxic Egg 2"}],"event_choices":[{"damage_healed":0.0,"max_hp_gain":0.0,"max_hp_loss":0.0,"gold_gain":58.0,"event_name":"Golden Wing","player_choice":"Gained Gold","floor":3.0,"gold_loss":0.0,"damage_taken":0.0},{"damage_healed":0.0,"max_hp_gain":0.0,"max_hp_loss":0.0,"gold_gain":0.0,"event_name":"Shining Light","player_choice":"Entered Light","floor":13.0,"gold_loss":0.0,"damage_taken":23.0,"cards_upgraded":["Clothesline","Defend_R"]},{"damage_healed":0.0,"max_hp_gain":0.0,"max_hp_loss":0.0,"gold_gain":0.0,"event_name":"Back to Basics","player_choice":"Simplicity","floor":19.0,"gold_loss":0.0,"damage_taken":0.0,"cards_upgraded":["Strike_R","Strike_R","Strike_R","Defend_R","Defend_R","Defend_R"]},{"damage_healed":0.0,"max_hp_gain":0.0,"max_hp_loss":0.0,"gold_gain":0.0,"event_name":"Colosseum","player_choice":"Fight","floor":20.0,"gold_loss":0.0,"damage_taken":0.0},{"damage_healed":0.0,"max_hp_gain":0.0,"max_hp_loss":0.0,"gold_gain":0.0,"event_name":"Colosseum","player_choice":"Fought Nobs","floor":20.0,"gold_loss":0.0,"damage_taken":0.0},{"damage_healed":0.0,"max_hp_gain":0.0,"max_hp_loss":0.0,"gold_gain":0.0,"event_name":"Ghosts","player_choice":"Ignored","floor":27.0,"gold_loss":0.0,"damage_taken":0.0},{"damage_healed":0.0,"max_hp_gain":0.0,"max_hp_loss":0.0,"gold_gain":0.0,"event_name":"Mysterious Sphere","player_choice":"Fight","floor":36.0,"gold_loss":0.0,"damage_taken":0.0},{"damage_healed":0.0,"max_hp_gain":0.0,"max_hp_loss":0.0,"gold_gain":0.0,"event_name":"Tomb of Lord Red Mask","player_choice":"Ignored","floor":38.0,"gold_loss":0.0,"damage_taken":0.0}],"is_beta":true,"boss_relics":[{"not_picked":["Astrolabe","Runic Pyramid"],"picked":"Velvet Choker"},{"not_picked":["Coffee Dripper","Runic Cube"],"picked":"Black Star"}],"items_purged_floors":[14],"is_endless":false,"potions_floor_spawned":[6,10,20,22,25,30,35,36,41,44,47],"killed_by":"Donu and Deca","ascension_level":20}