{"gold_per_floor":[112,35,35,110,135,135,149,324,324,368,381,110,110,144,144,263,263,286,286,286,306,326,326,360,360,360,373,373],"floor_reached":28,"playtime":971,"items_purged":[],"score":285,"play_id":"52deea7a-9925-4cf7-83d6-accd5981a1e5","local_time":"20190228034727","is_ascension_mode":true,"campfire_choices":[{"data":"Backstab","floor":6,"key":"SMITH"},{"floor":13,"key":"REST"},{"floor":15,"key":"REST"},{"floor":23,"key":"REST"}],"neow_cost":"NONE","seed_source_timestamp":647208961747658,"circlet_count":0,"master_deck":["Defend_G","Defend_G","Defend_G","Defend_G","Strike_G","Strike_G","Strike_G","Survivor","Neutralize+1","Backstab+1","Poisoned Stab","Dash","Doubt","Deadly Poison","Corpse Explosion","Noxious Fumes","Deadly Poison","Backflip+1","Outmaneuver+1","Skewer","Crippling Poison+1","Backstab"],"relics":["Ring of the Snake","Golden Idol","Shovel","Mummified Hand","The Specimen","Lizard Tail","Nilry\u0027s Codex","Toxic Egg 2","Gremlin Horn"],"potions_floor_usage":[14,14,22,27,28],"damage_taken":[{"damage":4,"enemies":"Jaw Worm","floor":1,"turns":6},{"damage":0,"enemies":"2 Louse","floor":5,"turns":1},{"damage":0,"enemies":"Small Slimes","floor":7,"turns":3},{"damage":27,"enemies":"Lagavulin","floor":10,"turns":7},{"damage":0,"enemies":"Gremlin Gang","floor":11,"turns":7},{"damage":0,"enemies":"Gremlin Nob","floor":14,"turns":3},{"damage":25,"enemies":"Hexaghost","floor":16,"turns":12},{"damage":31,"enemies":"Shell Parasite","floor":18,"turns":6},{"damage":2,"enemies":"Chosen","floor":21,"turns":4},{"damage":18,"enemies":"Sentry and Sphere","floor":22,"turns":5},{"damage":68,"enemies":"Slavers","floor":24,"turns":5},{"damage":8,"enemies":"Snake Plant","floor":27,"turns":4},{"damage":9,"enemies":"Book of Stabbing","floor":28,"turns":2}],"seed_played":"-1410218686058854868","potions_obtained":[{"floor":1,"key":"FairyPotion"},{"floor":10,"key":"Strength Potion"},{"floor":11,"key":"Poison Potion"},{"floor":21,"key":"Poison Potion"},{"floor":24,"key":"Weak Potion"},{"floor":27,"key":"Energy Potion"}],"is_trial":false,"path_per_floor":["M","$","?","?","M","R","M","?","T","E","M","$","R","E","R","B",null,"M","?","?","M","M","R","E","?","T","M","E"],"character_chosen":"THE_SILENT","items_purchased":["Backstab","Mummified Hand","Deadly Poison"],"campfire_rested":3,"item_purchase_floors":[2,12,12],"current_hp_per_floor":[66,66,49,38,38,38,38,38,38,11,11,11,32,32,53,28,70,39,23,23,21,3,24,15,15,15,7,0],"gold":373,"neow_bonus":"UPGRADE_CARD","is_prod":false,"is_daily":false,"chose_seed":false,"campfire_upgraded":1,"win_rate":0,"timestamp":1551354447,"path_taken":["M","$","?","?","M","R","M","?","T","E","M","$","R","E","R","BOSS","M","?","?","?","M","R","E","?","T","M","E"],"build_version":"2019-01-23","purchased_purges":0,"victory":false,"max_hp_per_floor":[70,70,70,70,70,70,70,70,70,70,70,70,70,70,70,70,70,70,70,70,70,70,70,70,70,70,70,70],"card_choices":[{"not_picked":["Predator","Underhanded Strike","Cloak And Dagger"],"picked":"SKIP","floor":1},{"not_picked":["Predator","Cloak And Dagger"],"picked":"Poisoned Stab","floor":5},{"not_picked":["PiercingWail","Sucker Punch"],"picked":"Dash","floor":7},{"not_picked":["Heel Hook","Calculated Gamble","Concentrate"],"picked":"SKIP","floor":10},{"not_picked":["Choke","Outmaneuver","Deflect"],"picked":"SKIP","floor":11},{"not_picked":["Malaise","Blade Dance","Footwork"],"picked":"SKIP","floor":14},{"not_picked":["Wraith Form v2","Adrenaline"],"picked":"Corpse Explosion","floor":16},{"not_picked":["Sucker Punch","Bane+1"],"picked":"Noxious Fumes","floor":18},{"not_picked":["Dash","Outmaneuver"],"picked":"Deadly Poison","floor":21},{"not_picked":["Choke","Distraction"],"picked":"Backflip+1","floor":22},{"not_picked":["Reflex","Corpse Explosion"],"picked":"Outmaneuver+1","floor":24},{"not_picked":["Choke","Riddle With Holes+1"],"picked":"Backstab","floor":27}],"player_experience":285465,"relics_obtained":[{"floor":10,"key":"Shovel"},{"floor":14,"key":"The Specimen"},{"floor":19,"key":"Nilry\u0027s Codex"},{"floor":24,"key":"Toxic Egg 2"},{"floor":26,"key":"Gremlin Horn"}],"event_choices":[{"damage_healed":0,"gold_gain":0,"player_choice":"Take Damage","damage_taken":17,"relics_obtained":["Golden Idol"],"max_hp_gain":0,"max_hp_loss":0,"event_name":"Golden Idol","floor":3,"gold_loss":0},{"damage_healed":0,"gold_gain":75,"player_choice":"Gather Gold","damage_taken":11,"max_hp_gain":0,"max_hp_loss":0,"event_name":"World of Goop","floor":4,"gold_loss":0},{"damage_healed":0,"gold_gain":175,"player_choice":"AGREE","damage_taken":0,"max_hp_gain":0,"max_hp_loss":0,"event_name":"Liars Game","floor":8,"gold_loss":0,"cards_obtained":["Doubt"]},{"damage_healed":0,"gold_gain":0,"player_choice":"Obtained Book","damage_taken":16,"max_hp_gain":0,"max_hp_loss":0,"event_name":"Cursed Tome","floor":19,"gold_loss":0},{"cards_removed":["Strike_G"],"damage_healed":0,"gold_gain":0,"player_choice":"Card Removal","damage_taken":0,"max_hp_gain":0,"max_hp_loss":0,"event_name":"Wheel of Change","floor":20,"gold_loss":0},{"damage_healed":0,"gold_gain":0,"cards_transformed":["Defend_G","Strike_G"],"player_choice":"Became Test Subject","damage_taken":0,"max_hp_gain":0,"max_hp_loss":0,"event_name":"Drug Dealer","floor":25,"gold_loss":0,"cards_obtained":["Skewer","Crippling Poison"]}],"is_beta":false,"boss_relics":[{"not_picked":["Calling Bell","Eternal Feather"],"picked":"Lizard Tail"}],"items_purged_floors":[],"is_endless":false,"potions_floor_spawned":[1,10,11,21,24,27],"killed_by":"Book of Stabbing","ascension_level":1}