{"gold_per_floor":[117,133,133,149,168,168,193,209,209,359,359,359,284,304,304,380,380,395,412,337,351,222,222],"floor_reached":23,"playtime":1063,"items_purged":["Doubt","Strike_R"],"score":411,"play_id":"4a8ba82b-150c-4c2f-9cb4-db48de3c59d2","local_time":"20190323142653","is_ascension_mode":true,"campfire_choices":[{"data":"Uppercut","floor":6.0,"key":"SMITH"},{"data":"Flame Barrier","floor":11.0,"key":"SMITH"},{"data":"Combust","floor":15.0,"key":"SMITH"}],"neow_cost":"NONE","seed_source_timestamp":899504933789984,"circlet_count":0,"master_deck":["AscendersBane","Strike_R","Strike_R","Defend_R+1","Defend_R+1","Defend_R","Defend_R","Bash","Thunderclap","Flame Barrier+1","Uppercut+1","Combust+1","Shrug It Off","Ghostly Armor","Shrug It Off","Feed","Shrug It Off","Shrug It Off","Body Slam"],"special_seed":0,"relics":["Burning Blood","FossilizedHelix","Strawberry","Coffee Dripper"],"potions_floor_usage":[21],"damage_taken":[{"damage":6.0,"enemies":"Small Slimes","floor":1.0,"turns":5.0},{"damage":1.0,"enemies":"Cultist","floor":2.0,"turns":4.0},{"damage":2.0,"enemies":"2 Louse","floor":4.0,"turns":3.0},{"damage":4.0,"enemies":"Blue Slaver","floor":5.0,"turns":5.0},{"damage":33.0,"enemies":"3 Sentries","floor":7.0,"turns":7.0},{"damage":12.0,"enemies":"Large Slime","floor":8.0,"turns":7.0},{"damage":0.0,"enemies":"Exordium Wildlife","floor":14.0,"turns":4.0},{"damage":21.0,"enemies":"The Guardian","floor":16.0,"turns":16.0},{"damage":0.0,"enemies":"3 Byrds","floor":18.0,"turns":5.0},{"damage":13,"enemies":"Spheric Guardian","floor":19,"turns":7},{"damage":1,"enemies":"Centurion and Healer","floor":21,"turns":8},{"damage":44,"enemies":"Gremlin Leader","floor":23,"turns":6}],"seed_played":"-8038770044815480137","potions_obtained":[{"floor":4.0,"key":"GamblersBrew"},{"floor":5.0,"key":"FearPotion"},{"floor":8.0,"key":"SpeedPotion"},{"floor":19,"key":"Fire Potion"},{"floor":21,"key":"Weak Potion"}],"is_trial":false,"path_per_floor":["M","M","?","M","M","R","E","M","T","?","R","?","$","M","R","B",null,"M","M","?","M","$","E"],"character_chosen":"IRONCLAD","items_purchased":["Body Slam"],"campfire_rested":0,"item_purchase_floors":[22],"current_hp_per_floor":[68,73,73,75,75,75,48,42,49,49,49,24,24,30,30,15,65,74,70,70,78,78,34],"gold":222,"neow_bonus":"THREE_CARDS","is_prod":false,"is_daily":false,"chose_seed":false,"campfire_upgraded":3,"win_rate":0,"timestamp":1553365613,"path_taken":["M","M","?","?","?","R","E","M","T","?","R","?","?","M","R","BOSS","M","M","?","M","$","E"],"build_version":"2019-03-15","purchased_purges":2,"victory":false,"max_hp_per_floor":[75,75,75,75,75,75,75,75,82,82,82,82,82,82,82,82,82,85,88,88,91,91,91],"card_choices":[{"not_picked":["Hemokinesis","Dropkick"],"picked":"Thunderclap","floor":0.0},{"not_picked":["Perfected Strike","Havoc"],"picked":"Flame Barrier","floor":1.0},{"not_picked":["Sword Boomerang","Clash"],"picked":"Uppercut","floor":2.0},{"not_picked":["Flex","Dropkick","Thunderclap"],"picked":"SKIP","floor":4.0},{"not_picked":["Pummel","Seeing Red"],"picked":"Combust","floor":5.0},{"not_picked":["Body Slam","Clash"],"picked":"Shrug It Off","floor":7.0},{"not_picked":["Thunderclap","Searing Blow"],"picked":"Ghostly Armor","floor":8.0},{"not_picked":["Clothesline","Fire Breathing"],"picked":"Shrug It Off","floor":14.0},{"not_picked":["Dark Embrace","Juggernaut"],"picked":"Feed","floor":16.0},{"not_picked":["Flex","Intimidate"],"picked":"Shrug It Off","floor":18.0},{"not_picked":["Clothesline","Dropkick","Bloodletting"],"picked":"SKIP","floor":19},{"not_picked":["Hemokinesis","Clothesline"],"picked":"Shrug It Off","floor":21}],"player_experience":1196877,"relics_obtained":[{"floor":7.0,"key":"FossilizedHelix"},{"floor":9.0,"key":"Strawberry"}],"event_choices":[{"cards_removed":["Strike_R"],"damage_healed":0.0,"max_hp_gain":0.0,"max_hp_loss":0.0,"gold_gain":0.0,"event_name":"Purifier","player_choice":"Purged","floor":3.0,"gold_loss":0.0,"damage_taken":0.0},{"damage_healed":0.0,"max_hp_gain":0.0,"max_hp_loss":0.0,"gold_gain":150.0,"event_name":"Liars Game","player_choice":"AGREE","floor":10.0,"gold_loss":0.0,"damage_taken":0.0,"cards_obtained":["Doubt"]},{"damage_healed":0.0,"max_hp_gain":0.0,"max_hp_loss":0.0,"gold_gain":0.0,"event_name":"Shining Light","player_choice":"Entered Light","floor":12.0,"gold_loss":0.0,"damage_taken":25.0,"cards_upgraded":["Defend_R","Defend_R"]},{"cards_removed":["Strike_R"],"damage_healed":0,"gold_gain":0,"player_choice":"Gave Gold","damage_taken":0,"max_hp_gain":0,"max_hp_loss":0,"event_name":"Beggar","floor":20,"gold_loss":75}],"is_beta":true,"boss_relics":[{"not_picked":["Mark of Pain","Tiny House"],"picked":"Coffee Dripper"}],"items_purged_floors":[13,22],"is_endless":false,"potions_floor_spawned":[4,5,8,19,21],"killed_by":"Gremlin Leader","ascension_level":20}