{"path_per_floor":["M","?","M","$","M","R","M","R","T","?","E","M","R","M","R","B",null,"M","M","M","$","?","R","?","R","T","M","$","M","?","M","R"],"character_chosen":"DEFECT","items_purchased":["Doom and Gloom","Whetstone","Biased Cognition"],"gold_per_floor":[119,119,133,65,79,79,89,89,89,89,121,133,133,146,146,248,248,266,277,287,64,64,64,214,214,237,252,100,113,113,132,132,132],"floor_reached":33,"campfire_rested":3,"playtime":1121,"item_purchase_floors":[4,21,28],"current_hp_per_floor":[74,74,74,74,68,68,58,58,58,51,43,43,43,37,59,57,75,73,73,35,35,35,57,57,57,57,47,47,47,47,33,55,0],"items_purged":["Force Field+1"],"gold":132,"score":249,"play_id":"c8e6b908-9259-48f7-9a80-b41dc029e34f","local_time":"20180609045231","is_prod":false,"is_daily":false,"chose_seed":false,"is_ascension_mode":false,"campfire_upgraded":2,"win_rate":0.0,"timestamp":1528545151,"campfire_choices":[{"data":"Ball Lightning","floor":6,"key":"SMITH"},{"data":"Zap","floor":8,"key":"SMITH"},{"floor":13,"key":"DIG"},{"floor":15,"key":"REST"},{"floor":23,"key":"REST"},{"floor":25,"key":"DIG"},{"floor":32,"key":"REST"}],"path_taken":["M","?","M","$","M","R","M","R","T","?","E","M","R","?","R","BOSS","M","M","M","$","?","R","?","R","T","M","$","?","?","?","R","BOSS"],"build_version":"2018-06-07v3","seed_source_timestamp":1485153508498323,"purchased_purges":1,"victory":false,"master_deck":["Strike_B","Strike_B","Defend_B","Defend_B","Zap+1","Dualcast+1","FTL+1","Compile Driver","Doom and Gloom","Ball Lightning+1","Coolheaded+1","Melter+1","Beam Cell","Echo Form","Gash+1","Conserve Battery+1","Redo","Biased Cognition","Normality","Hologram+1"],"max_hp_per_floor":[75,75,75,75,75,75,75,75,75,75,75,75,75,75,75,75,75,75,75,75,75,75,75,75,75,75,75,75,75,75,75,75,75],"relics":["Cracked Core","Cables","Shovel","Mercury Hourglass","Astrolabe","Whetstone","Boot","War Paint","Girya"],"card_choices":[{"not_picked":["Aggregate","Turbo"],"picked":"FTL","floor":0},{"not_picked":["Double Energy","Hologram"],"picked":"Compile Driver","floor":1},{"not_picked":["Lockon","Fusion","Scrape"],"picked":"SKIP","floor":3},{"not_picked":["Hologram","Sweeping Beam"],"picked":"Ball Lightning","floor":5},{"not_picked":["Hologram","Leap","Turbo"],"picked":"SKIP","floor":7},{"not_picked":["Consume","Auto Shields"],"picked":"Coolheaded","floor":11},{"not_picked":["Reboot","Conserve Battery"],"picked":"Melter","floor":12},{"not_picked":["Hello World","Streamline"],"picked":"Beam Cell","floor":14},{"not_picked":["Amplify","Creative AI"],"picked":"Echo Form","floor":16},{"not_picked":["Genetic Algorithm","Rebound","Turbo"],"picked":"SKIP","floor":18},{"not_picked":["Compile Driver+1","FTL"],"picked":"Redo","floor":19},{"not_picked":["Sweeping Beam+1","Darkness","Gash"],"picked":"SKIP","floor":20},{"not_picked":["Cold Snap","Stack","Melter"],"picked":"SKIP","floor":27},{"not_picked":["Conserve Battery","Coolheaded","Buffer"],"picked":"SKIP","floor":29},{"not_picked":["Sweeping Beam","Beam Cell"],"picked":"Hologram+1","floor":31}],"player_experience":162594,"potions_floor_usage":[11,18,33,33],"damage_taken":[{"damage":1,"enemies":"2 Louse","floor":1,"turns":3},{"damage":0,"enemies":"Cultist","floor":3,"turns":3},{"damage":6,"enemies":"Jaw Worm","floor":5,"turns":2},{"damage":10,"enemies":"Exordium Wildlife","floor":7,"turns":2},{"damage":8,"enemies":"3 Sentries","floor":11,"turns":3},{"damage":0,"enemies":"Large Slime","floor":12,"turns":2},{"damage":6,"enemies":"2 Fungi Beasts","floor":14,"turns":2},{"damage":2,"enemies":"Slime Boss","floor":16,"turns":6},{"damage":2,"enemies":"Shell Parasite","floor":18,"turns":3},{"damage":0,"enemies":"Spheric Guardian","floor":19,"turns":2},{"damage":38,"enemies":"Snake Plant","floor":20,"turns":3},{"damage":10,"enemies":"Centurion and Healer","floor":27,"turns":4},{"damage":0,"enemies":"Cultist and Chosen","floor":29,"turns":4},{"damage":14,"enemies":"3 Cultists","floor":31,"turns":3},{"damage":83,"enemies":"Automaton","floor":33,"turns":6}],"relics_obtained":[{"floor":9,"key":"Cables"},{"floor":11,"key":"Shovel"},{"floor":13,"key":"Mercury Hourglass"},{"floor":25,"key":"Boot"},{"floor":26,"key":"War Paint"}],"event_choices":[{"event_name":"Purifier","player_choice":"One Purge","floor":2,"damage_taken":0},{"event_name":"Wheel of Change","player_choice":"Damage","floor":10,"damage_taken":0},{"event_name":"Drug Dealer","player_choice":"Ignored","floor":22,"damage_taken":0},{"event_name":"Nest","player_choice":"Stole From Cult","floor":24,"damage_taken":0},{"event_name":"Accursed Blacksmith","player_choice":"Rummage","floor":30,"damage_taken":0}],"boss_relics":[{"not_picked":["Sozu","Cursed Key"],"picked":"Astrolabe"}],"items_purged_floors":[21],"potions_floor_spawned":[7,11,20,31],"seed_played":"8602262273799182952","killed_by":"Automaton","ascension_level":0,"potions_obtained":[{"floor":7,"key":"SteroidPotion"},{"floor":11,"key":"Swift Potion"},{"floor":20,"key":"LiquidBronze"},{"floor":31,"key":"Poison Potion"}],"is_trial":false}