{"path_per_floor":["M","?","?","?","?","R","E","$","T","M","?","M","E","M","R","B",null,"M","M","?","M","?","E","R","M","T","R","M","?"],"character_chosen":"THE_SILENT","items_purchased":["Bouncing Flask","Flying Knee"],"gold_per_floor":[119,119,294,294,244,244,274,114,114,124,199,211,244,260,260,357,357,373,359,359,369,369,396,396,409,409,409,428,0],"floor_reached":30,"campfire_rested":1,"playtime":1268,"current_hp_per_floor":[70,52,52,52,52,52,62,62,62,62,51,50,44,40,40,18,80,52,46,46,30,30,2,26,24,24,24,20,20],"items_purged":["Strike_G"],"gold":0,"score":297,"play_id":"3965d3aa-bf3e-4ebb-bd59-9282d733c5d5","is_prod":false,"is_daily":false,"is_ascension_mode":true,"campfire_upgraded":1,"path_taken":["M","?","?","?","?","R","E","$","T","?","?","M","E","M","R","BOSS","M","M","?","?","?","E","R","M","T","R","?","?","M"],"build_version":"2018-02-16-BETA2","purchased_purges":1,"victory":false,"master_deck":["Defend_G","Defend_G","Defend_G","Defend_G","Defend_G","Strike_G","Survivor","Neutralize+1","Catalyst","Quick Slash","Bouncing Flask","Flying Knee","Noxious Fumes","Backflip","Deadly Poison","Night Terror","Bouncing Flask","Footwork","Writhe","Bullet Time","Flying Knee","Backflip+1"],"max_hp_per_floor":[70,70,70,70,70,70,80,80,80,80,80,80,80,80,80,80,80,80,80,80,80,80,80,80,80,80,80,80,80],"relics":["Ring of the Snake","NeowsBlessing","Omamori","Tough Bandages","Pear","Peace Pipe","Anchor","Sozu","Pantograph","Ancient Tea Set","Ice Cream"],"card_choices":[{"not_picked":["Underhanded Strike","Deflect"],"picked":"Catalyst"},{"not_picked":["Bane","Dagger Spray"],"picked":"Quick Slash"},{"not_picked":["Escape Plan","Bane"],"picked":"Noxious Fumes"},{"not_picked":["Riddle With Holes","Dodge and Roll"],"picked":"Backflip"},{"not_picked":["Leg Sweep","Calculated Gamble"],"picked":"Deadly Poison"},{"not_picked":["Phantasmal Killer","Glass Knife"],"picked":"Night Terror"},{"not_picked":["Acrobatics","Outmaneuver"],"picked":"Bouncing Flask"},{"not_picked":["Dagger Throw","Quick Slash"],"picked":"Footwork"},{"not_picked":["Quick Slash","Predator"],"picked":"Bullet Time"},{"not_picked":["Blade Dance","Endless Agony"],"picked":"Flying Knee"},{"not_picked":["Prepared","Sucker Punch"],"picked":"Backflip"}],"player_experience":36266,"potions_floor_usage":[14],"damage_taken":[{"damage":0,"enemies":"Small Slimes","floor":1,"turns":1},{"damage":0,"enemies":"Gremlin Nob","floor":7,"turns":1},{"damage":0,"enemies":"Jaw Worm","floor":10,"turns":1},{"damage":1,"enemies":"2 Louse","floor":12,"turns":3},{"damage":6,"enemies":"Lagavulin","floor":13,"turns":5},{"damage":4,"enemies":"Gremlin Gang","floor":14,"turns":5},{"damage":22,"enemies":"Hexaghost","floor":16,"turns":8},{"damage":28,"enemies":"3 Byrds","floor":18,"turns":5},{"damage":6,"enemies":"2 Thieves","floor":19,"turns":4},{"damage":16,"enemies":"Snake Plant","floor":21,"turns":5},{"damage":28,"enemies":"Slavers","floor":23,"turns":8},{"damage":2,"enemies":"Centurion and Healer","floor":25,"turns":8},{"damage":4,"enemies":"Sentry and Sphere","floor":28,"turns":3},{"damage":24,"enemies":"3 Cultists","floor":30,"turns":3}],"event_choices":[{"event_name":"Scrap Ooze","player_choice":"success","floor":2,"damage_taken":18},{"event_name":"Liars Game","player_choice":"agreed","floor":3,"damage_taken":0},{"event_name":"Big Fish","player_choice":"Box","floor":4,"damage_taken":0},{"event_name":"The Cleric","player_choice":"Card Removal","floor":5,"damage_taken":0},{"event_name":"World of Goop","player_choice":"Gather Gold","floor":11,"damage_taken":0},{"event_name":"Cursed Tome","player_choice":"Ignored","floor":20,"damage_taken":0},{"event_name":"The Mausoleum","player_choice":"Yes","floor":22,"damage_taken":0},{"event_name":"Masked Bandits","player_choice":"Paid Bandits 428 gold","floor":29,"damage_taken":0}],"boss_relics":[{"not_picked":["White Beast Statue","Cursed Key"],"picked":"Sozu"}],"potions_floor_spawned":[1,13,14,21,28],"seed_played":"6157598861092846839","killed_by":"3 Cultists","ascension_level":1,"is_trial":false}