{"gold_per_floor":[114,64,64,79,94,124,124,124,124,124,139,154,169,184,184,284,284,299,299,314,329,166,166,181,211,211,211,126,76,106,131,131,231,231,246,261,135,135,35,65,65,80,80,95,110,140,140,155,155,155],"floor_reached":51,"playtime":4313,"items_purged":["Strike_B","Writhe","Decay","Zap"],"score":774,"play_id":"648430a4-1fed-4771-a02d-7c1a715934ff","local_time":"20190325011805","daily_mods":["Specialized","Green Cards","DeadlyEvents"],"is_ascension_mode":false,"campfire_choices":[{"data":"Flechettes","floor":7,"key":"SMITH"},{"floor":10,"key":"REST"},{"floor":15,"key":"REST"},{"data":"Hyperbeam","floor":23,"key":"SMITH"},{"floor":27,"key":"REST"},{"floor":32,"key":"REST"},{"floor":41,"key":"REST"},{"data":"After Image","floor":47,"key":"SMITH"},{"floor":49,"key":"REST"}],"neow_cost":"","seed_source_timestamp":0,"circlet_count":0,"master_deck":["Strike_B","Strike_B+1","Strike_B+1","Defend_B","Defend_B","Defend_B","Defend_B","Echo Form","Echo Form","Echo Form","Echo Form","Gash","Coolheaded+1","Flechettes+1","Leap+1","Slice","Deadly Poison+1","Dodge and Roll+1","Sucker Punch","Hyperbeam+1","Reprogram+1","Dodge and Roll+1","Conserve Battery+1","Discovery+1","Sucker Punch+1","BootSequence+1","Heel Hook","Malaise+1","Gash","Escape Plan+1","Crippling Poison+1","Leap+1","After Image+1","FTL","Pain","Turbo+1","Acrobatics+1","After Image+1","Beam Cell"],"special_seed":17979,"relics":["Cracked Core","Toxic Egg 2","Matryoshka","Cursed Key","Oddly Smooth Stone","Smiling Mask","Orichalcum","Regal Pillow","Gremlin Horn","Blood Vial","PreservedInsect","Runic Dome","Nunchaku","Happy Flower","Frozen Egg 2"],"potions_floor_usage":[14,24,25,25],"damage_taken":[{"damage":14,"enemies":"Small Slimes","floor":1,"turns":3},{"damage":18,"enemies":"Jaw Worm","floor":4,"turns":3},{"damage":11,"enemies":"2 Louse","floor":5,"turns":5},{"damage":0,"enemies":"Lagavulin","floor":6,"turns":5},{"damage":7,"enemies":"Blue Slaver","floor":11,"turns":4},{"damage":3,"enemies":"2 Fungi Beasts","floor":12,"turns":4},{"damage":9,"enemies":"Exordium Wildlife","floor":13,"turns":4},{"damage":0,"enemies":"Gremlin Gang","floor":14,"turns":3},{"damage":25,"enemies":"The Guardian","floor":16,"turns":9},{"damage":12,"enemies":"Spheric Guardian","floor":18,"turns":4},{"damage":0,"enemies":"Shell Parasite","floor":20,"turns":5},{"damage":13,"enemies":"Sentry and Sphere","floor":21,"turns":6},{"damage":0,"enemies":"3 Cultists","floor":24,"turns":2},{"damage":24,"enemies":"Gremlin Leader","floor":25,"turns":6},{"damage":8,"enemies":"Slavers","floor":30,"turns":5},{"damage":45,"enemies":"Collector","floor":33,"turns":10},{"damage":14,"enemies":"3 Shapes","floor":35,"turns":5},{"damage":7,"enemies":"3 Darklings","floor":36,"turns":7},{"damage":24,"enemies":"Nemesis","floor":40,"turns":5},{"damage":6,"enemies":"Sphere and 2 Shapes","floor":42,"turns":5},{"damage":4,"enemies":"Writhing Mass","floor":44,"turns":8},{"damage":5,"enemies":"Maw","floor":45,"turns":7},{"damage":18,"enemies":"Reptomancer","floor":46,"turns":6},{"damage":13,"enemies":"Spire Growth","floor":48,"turns":7},{"damage":36,"enemies":"Time Eater","floor":50,"turns":18}],"seed_played":"-2515655049749316802","potions_obtained":[{"floor":6,"key":"AttackPotion"},{"floor":11,"key":"Explosive Potion"},{"floor":16,"key":"Explosive Potion"},{"floor":20,"key":"Poison Potion"},{"floor":30,"key":"Dexterity Potion"},{"floor":42,"key":"AttackPotion"},{"floor":44,"key":"EssenceOfSteel"}],"is_trial":false,"path_per_floor":["M","?","T","M","M","E","R","?","T","R","M","M","M","M","R","B",null,"M","?","M","M","$","R","M","E","T","R","?","$","E","T","R","B",null,"M","M","$","?","$","E","R","M","T","M","M","E","R","M","R","B",null],"character_chosen":"DEFECT","items_purchased":["Discovery+1","Crippling Poison+1","Leap+1"],"campfire_rested":6,"item_purchase_floors":[22,37,39],"current_hp_per_floor":[61,61,61,43,32,32,32,17,17,39,32,29,20,20,42,17,75,63,49,49,36,36,36,36,12,12,36,36,36,28,28,67,24,80,66,61,61,61,61,39,78,74,74,72,69,53,53,42,80,44],"gold":155,"neow_bonus":"","is_prod":false,"is_daily":true,"chose_seed":false,"campfire_upgraded":3,"win_rate":0,"timestamp":1553456885,"path_taken":["M","?","?","M","M","E","R","?","T","R","M","M","?","M","R","BOSS","M","?","M","M","?","R","M","E","T","R","?","$","?","?","R","BOSS","M","M","$","?","$","E","R","M","T","M","M","E","R","M","R","BOSS"],"build_version":"2019-01-23","purchased_purges":4,"victory":true,"max_hp_per_floor":[75,75,75,75,75,75,75,75,75,75,75,75,75,75,75,75,75,75,80,80,80,80,80,80,80,80,80,80,80,80,80,80,80,80,80,80,80,80,80,80,80,80,80,80,80,80,80,80,80,80],"card_choices":[{"not_picked":["Conserve Battery","Blade Dance"],"picked":"Gash","floor":1},{"not_picked":["Quick Slash","Expertise+1"],"picked":"Coolheaded+1","floor":4},{"not_picked":["Prepared+1","Predator"],"picked":"Flechettes","floor":5},{"not_picked":["All For One","Barrage"],"picked":"Leap+1","floor":6},{"not_picked":["Deadly Poison+1","Sunder"],"picked":"Slice","floor":11},{"not_picked":["Coolheaded+1","Streamline"],"picked":"Deadly Poison+1","floor":12},{"not_picked":["Heel Hook","All Out Attack"],"picked":"Dodge and Roll+1","floor":13},{"not_picked":["Rip and Tear","Self Repair"],"picked":"Sucker Punch","floor":14},{"not_picked":["Corpse Explosion+1","After Image"],"picked":"Hyperbeam","floor":16},{"not_picked":["Force Field+1","Barrage"],"picked":"Reprogram+1","floor":18},{"not_picked":["Acrobatics+1","Ball Lightning"],"picked":"Dodge and Roll+1","floor":20},{"not_picked":["All Out Attack+1","Poisoned Stab"],"picked":"Conserve Battery+1","floor":21},{"not_picked":["Auto Shields+1","Glacier+1"],"picked":"Sucker Punch+1","floor":24},{"not_picked":["Predator","Noxious Fumes+1"],"picked":"BootSequence+1","floor":25},{"not_picked":["Sweeping Beam","Darkness+1"],"picked":"Heel Hook","floor":30},{"not_picked":["Envenom","Grand Finale"],"picked":"Malaise+1","floor":33},{"not_picked":["Deflect+1","Steam Power+1"],"picked":"Gash","floor":35},{"not_picked":["Skewer","Finisher"],"picked":"Escape Plan+1","floor":36},{"not_picked":["A Thousand Cuts","Heel Hook"],"picked":"After Image","floor":40},{"not_picked":["Streamline+1","Darkness+1"],"picked":"FTL","floor":42},{"not_picked":["Leap+1","Hologram+1"],"picked":"Turbo+1","floor":44},{"not_picked":["Defragment","Riddle With Holes"],"picked":"Acrobatics+1","floor":45},{"not_picked":["Lockon","Flying Knee"],"picked":"After Image","floor":46},{"not_picked":["Defragment+1","Dodge and Roll+1"],"picked":"Beam Cell","floor":48}],"player_experience":114179,"relics_obtained":[{"floor":3,"key":"Toxic Egg 2"},{"floor":9,"key":"Matryoshka"},{"floor":25,"key":"Oddly Smooth Stone"},{"floor":26,"key":"Smiling Mask"},{"floor":26,"key":"Orichalcum"},{"floor":30,"key":"Gremlin Horn"},{"floor":31,"key":"Blood Vial"},{"floor":31,"key":"PreservedInsect"},{"floor":40,"key":"Nunchaku"},{"floor":43,"key":"Happy Flower"},{"floor":46,"key":"Frozen Egg 2"}],"event_choices":[{"cards_removed":["Echo Form"],"damage_healed":0,"gold_gain":0,"player_choice":"Card Removal","damage_taken":0,"max_hp_gain":0,"max_hp_loss":0,"event_name":"The Cleric","floor":2,"gold_loss":50},{"damage_healed":0,"gold_gain":0,"player_choice":"Entered Light","damage_taken":15,"max_hp_gain":0,"max_hp_loss":0,"event_name":"Shining Light","floor":8,"gold_loss":0,"cards_upgraded":["Strike_B","Strike_B"]},{"damage_healed":0,"gold_gain":0,"player_choice":"Shed Blood","damage_taken":19,"max_hp_gain":5,"max_hp_loss":0,"event_name":"Forgotten Altar","floor":19,"gold_loss":0},{"damage_healed":0,"gold_gain":0,"player_choice":"Obtained Relic","damage_taken":0,"relics_obtained":["Regal Pillow"],"max_hp_gain":0,"max_hp_loss":0,"event_name":"Addict","floor":28,"gold_loss":85},{"cards_removed":["Dualcast"],"damage_healed":0,"gold_gain":0,"player_choice":"Purged","damage_taken":0,"max_hp_gain":0,"max_hp_loss":0,"event_name":"Purifier","floor":38,"gold_loss":0}],"is_beta":false,"boss_relics":[{"not_picked":["Inserter","Orrery"],"picked":"Cursed Key"},{"not_picked":["White Beast Statue","Pandora\u0027s Box"],"picked":"Runic Dome"}],"items_purged_floors":[22,29,37,39],"is_endless":false,"potions_floor_spawned":[6,11,16,20,30,42,44],"ascension_level":0}