{"gold_per_floor":[99,99,99,99,10,10,10,10,10,10,10,10,10,10,10,10,10,10,10,10,10,10,10,10],"floor_reached":24,"playtime":804,"items_purged":[],"score":448,"play_id":"1838b7db-b585-4afa-a898-f08eacf7ccfb","local_time":"20190302222636","is_ascension_mode":true,"campfire_choices":[{"data":"Noxious Fumes","floor":6,"key":"SMITH"},{"floor":12,"key":"REST"},{"data":"Deadly Poison","floor":15,"key":"SMITH"}],"neow_cost":"NONE","seed_source_timestamp":695946956777697,"circlet_count":0,"master_deck":["AscendersBane","Defend_G","Defend_G","Defend_G","Defend_G","Defend_G","Strike_G","Strike_G","Strike_G","Strike_G","Survivor","Neutralize","Deadly Poison+1","PiercingWail","Leg Sweep","Noxious Fumes+1","Dagger Spray","Venomology","Escape Plan","Crippling Poison","Night Terror","Poisoned Stab+1","Bane+1","A Thousand Cuts"],"special_seed":0,"relics":["Ectoplasm","Pear","MawBank","Oddly Smooth Stone","Molten Egg 2","Golden Idol","Runic Dome","CultistMask","Strawberry"],"potions_floor_usage":[10,14,16,18,18,23,23,23],"damage_taken":[{"damage":2,"enemies":"Jaw Worm","floor":1,"turns":6},{"damage":0,"enemies":"Cultist","floor":2,"turns":4},{"damage":14,"enemies":"2 Louse","floor":4,"turns":2},{"damage":21,"enemies":"3 Sentries","floor":7,"turns":7},{"damage":30,"enemies":"Gremlin Nob","floor":10,"turns":5},{"damage":0,"enemies":"2 Fungi Beasts","floor":11,"turns":4},{"damage":2,"enemies":"Gremlin Gang","floor":14,"turns":4},{"damage":2,"enemies":"Hexaghost","floor":16,"turns":9},{"damage":27,"enemies":"Chosen","floor":18,"turns":6},{"damage":0,"enemies":"3 Byrds","floor":21,"turns":4},{"damage":23,"enemies":"Book of Stabbing","floor":23,"turns":6},{"damage":15,"enemies":"Shelled Parasite and Fungi","floor":24,"turns":2}],"seed_played":"-3892428032577934504","potions_obtained":[{"floor":7,"key":"PowerPotion"},{"floor":11,"key":"SpeedPotion"},{"floor":23,"key":"FearPotion"}],"is_trial":false,"path_per_floor":["M","M","?","M","$","R","E","?","T","E","M","R","?","M","R","B",null,"M","?","?","M","?","E","M"],"character_chosen":"THE_SILENT","items_purchased":["Noxious Fumes"],"campfire_rested":1,"item_purchase_floors":[5],"current_hp_per_floor":[57,57,57,43,43,43,32,32,32,2,2,24,24,22,22,20,57,30,30,30,30,30,14,0],"gold":10,"neow_bonus":"BOSS_RELIC","is_prod":false,"is_daily":false,"chose_seed":false,"campfire_upgraded":2,"win_rate":0,"timestamp":1551583596,"path_taken":["M","M","?","M","?","R","E","?","T","E","M","R","?","M","R","BOSS","M","?","?","?","?","E","M"],"build_version":"2019-02-06","purchased_purges":0,"victory":false,"max_hp_per_floor":[66,66,66,66,66,66,76,76,76,76,76,76,69,69,69,69,69,69,69,69,69,69,76,76],"card_choices":[{"not_picked":["Prepared","Poisoned Stab"],"picked":"Deadly Poison","floor":1},{"not_picked":["Flechettes","Prepared"],"picked":"PiercingWail","floor":2},{"not_picked":["Quick Slash","Tactician"],"picked":"Leg Sweep","floor":4},{"not_picked":["Blade Dance","Expertise"],"picked":"Dagger Spray","floor":7},{"not_picked":["Backflip","Tactician"],"picked":"Venomology","floor":10},{"not_picked":["Choke+1","Underhanded Strike+1"],"picked":"Escape Plan","floor":11},{"not_picked":["Calculated Gamble","Slice+1"],"picked":"Crippling Poison","floor":14},{"not_picked":["Die Die Die+1","Doppelganger"],"picked":"Night Terror","floor":16},{"not_picked":["Quick Slash+1","Outmaneuver"],"picked":"Poisoned Stab+1","floor":18},{"not_picked":["Underhanded Strike+1","Sucker Punch+1"],"picked":"Bane+1","floor":21},{"not_picked":["Cloak And Dagger","Dagger Spray+1"],"picked":"A Thousand Cuts","floor":23}],"player_experience":1035851,"relics_obtained":[{"floor":7,"key":"Pear"},{"floor":9,"key":"Oddly Smooth Stone"},{"floor":10,"key":"Molten Egg 2"},{"floor":23,"key":"Strawberry"}],"event_choices":[{"cards_removed":["Strike_G"],"damage_healed":0,"gold_gain":0,"player_choice":"Purged","damage_taken":0,"max_hp_gain":0,"max_hp_loss":0,"event_name":"Purifier","floor":3,"gold_loss":0},{"damage_healed":0,"gold_gain":0,"player_choice":"Searched \u00272\u0027 times","damage_taken":0,"relics_obtained":["MawBank"],"max_hp_gain":0,"max_hp_loss":0,"event_name":"Dead Adventurer","floor":8,"gold_loss":0},{"damage_healed":0,"gold_gain":0,"player_choice":"Lose Max HP","damage_taken":0,"relics_obtained":["Golden Idol"],"max_hp_gain":0,"max_hp_loss":7,"event_name":"Golden Idol","floor":13,"gold_loss":0},{"damage_healed":0,"gold_gain":0,"player_choice":"Ignored","damage_taken":0,"max_hp_gain":0,"max_hp_loss":0,"event_name":"Beggar","floor":19,"gold_loss":0},{"damage_healed":0,"gold_gain":0,"player_choice":"Trade","damage_taken":0,"relics_obtained":["CultistMask"],"max_hp_gain":0,"max_hp_loss":0,"event_name":"FaceTrader","floor":20,"gold_loss":0},{"damage_healed":0,"gold_gain":0,"player_choice":"Ignored","damage_taken":0,"max_hp_gain":0,"max_hp_loss":0,"event_name":"Golden Shrine","floor":22,"gold_loss":0}],"is_beta":true,"boss_relics":[{"not_picked":["WristBlade","Empty Cage"],"picked":"Runic Dome"}],"items_purged_floors":[],"is_endless":false,"potions_floor_spawned":[7,11,23],"killed_by":"Shelled Parasite and Fungi","ascension_level":20}