{"gold_per_floor":[114,114,114,114,131,131,160,160,213,232,232,244,263,280,280,280],"floor_reached":16,"playtime":363,"items_purged":[],"score":102,"play_id":"58bd5189-3caf-41e9-8b47-3771a768e99f","local_time":"20190129054135","is_ascension_mode":false,"campfire_choices":[{"floor":6,"key":"REST"},{"floor":8,"key":"REST"},{"floor":11,"key":"REST"},{"floor":15,"key":"REST"}],"neow_cost":"NONE","seed_source_timestamp":168406894354482,"circlet_count":0,"master_deck":["Strike_R","Strike_R","Strike_R","Strike_R","Defend_R","Defend_R","Defend_R","Defend_R","Bash+1","Heavy Blade","Heavy Blade","Heavy Blade"],"relics":["Burning Blood","Incense Burner","Dream Catcher"],"potions_floor_usage":[13,16],"damage_taken":[{"damage":11,"enemies":"Jaw Worm","floor":1,"turns":2},{"damage":14,"enemies":"2 Louse","floor":5,"turns":3},{"damage":67,"enemies":"Lagavulin","floor":7,"turns":7},{"damage":6,"enemies":"Cultist","floor":10,"turns":3},{"damage":21,"enemies":"Lots of Slimes","floor":12,"turns":4},{"damage":19,"enemies":"Exordium Wildlife","floor":13,"turns":4},{"damage":7,"enemies":"3 Louse","floor":14,"turns":3},{"damage":66,"enemies":"Hexaghost","floor":16,"turns":8}],"seed_played":"-4460692880586322162","potions_obtained":[{"floor":10,"key":"SmokeBomb"},{"floor":12,"key":"Fire Potion"},{"floor":14,"key":"FearPotion"}],"is_trial":false,"path_per_floor":["M","?","$","?","M","R","E","R","T","M","R","M","M","M","R","B"],"character_chosen":"IRONCLAD","items_purchased":[],"campfire_rested":4,"item_purchase_floors":[],"current_hp_per_floor":[75,75,75,75,67,80,19,43,43,43,67,52,39,38,62,0],"gold":280,"neow_bonus":"UPGRADE_CARD","is_prod":false,"is_daily":false,"chose_seed":false,"campfire_upgraded":0,"win_rate":0,"timestamp":1548769295,"path_taken":["M","?","$","?","M","R","E","R","T","M","R","M","?","?","R","BOSS"],"build_version":"2019-01-23","purchased_purges":0,"victory":false,"max_hp_per_floor":[80,80,80,80,80,80,80,80,80,80,80,80,80,80,80,80],"card_choices":[{"not_picked":["Wild Strike","Flame Barrier","Second Wind"],"picked":"SKIP","floor":1},{"not_picked":["Havoc","Clash","Shockwave"],"picked":"SKIP","floor":5},{"not_picked":["Barricade","Pummel","Sentinel"],"picked":"SKIP","floor":7},{"not_picked":["Thunderclap","Intimidate"],"picked":"Heavy Blade","floor":10},{"not_picked":["Wild Strike","Dropkick"],"picked":"Heavy Blade","floor":12},{"not_picked":["Anger","Fiend Fire","Body Slam"],"picked":"SKIP","floor":13},{"not_picked":["Twin Strike","Sever Soul"],"picked":"Heavy Blade","floor":14}],"player_experience":221125,"relics_obtained":[{"floor":7,"key":"Incense Burner"},{"floor":9,"key":"Dream Catcher"}],"event_choices":[{"damage_healed":0,"gold_gain":0,"player_choice":"Leave","damage_taken":0,"max_hp_gain":0,"max_hp_loss":0,"event_name":"The Cleric","floor":2,"gold_loss":0},{"cards_removed":["Strike_R"],"damage_healed":0,"gold_gain":0,"player_choice":"Card Removal","damage_taken":0,"max_hp_gain":0,"max_hp_loss":0,"event_name":"Wheel of Change","floor":4,"gold_loss":0}],"is_beta":false,"boss_relics":[],"items_purged_floors":[],"is_endless":false,"potions_floor_spawned":[10,12,14],"killed_by":"Hexaghost","ascension_level":0}