{"gold_per_floor":[114,114,13,13,23,349,349,375,375,55,55,68,102,119,119,216,216,230,247,262,203,215,241,241,38,118,128,128,156,175,175,175,276,276,286,286,16,16,36,36,68,68,68,94,94],"floor_reached":45,"playtime":2169,"items_purged":["Strike_R","Strike_R","Strike_R"],"score":876,"play_id":"61974db3-b86c-4e1f-9847-af84e87e6c19","local_time":"20190126040639","is_ascension_mode":true,"campfire_choices":[{"data":"Bash","floor":7,"key":"SMITH"},{"data":"Corruption","floor":11,"key":"SMITH"},{"data":"Whirlwind","floor":15,"key":"SMITH"},{"data":"Pommel Strike","floor":24,"key":"SMITH"},{"data":"Disarm","floor":32,"key":"SMITH"},{"data":"Pommel Strike","floor":40,"key":"SMITH"}],"neow_cost":"NONE","seed_source_timestamp":95643280580518,"circlet_count":0,"master_deck":["Defend_R+1","Defend_R","Defend_R","Defend_R","Bash+1","Pommel Strike+1","Flex","Shrug It Off+1","Headbutt","Ghostly Armor","Immolate","Corruption+1","Infernal Blade","Whirlwind+1","Offering","Shrug It Off+1","Limit Break","Iron Wave+1","Sentinel+1","Pommel Strike+1","Shrug It Off","Juggernaut","Disarm+1","Feed","Madness","Madness","Dual Wield+1","Feel No Pain","The Bomb","Clumsy","Dual Wield+1"],"relics":["Burning Blood","NeowsBlessing","Old Coin","Anchor","Thread and Needle","War Paint","Regal Pillow","Sozu","Dream Catcher","Juzu Bracelet","Toolbox","Bottled Tornado","Ornamental Fan","Cursed Key","Membership Card","Gambling Chip","Frozen Egg 2","Pantograph"],"potions_floor_usage":[16,23,45],"damage_taken":[{"damage":0,"enemies":"Small Slimes","floor":1,"turns":1},{"damage":0,"enemies":"Jaw Worm","floor":5,"turns":1},{"damage":0,"enemies":"3 Sentries","floor":6,"turns":2},{"damage":43,"enemies":"Lagavulin","floor":8,"turns":7},{"damage":0,"enemies":"Cultist","floor":12,"turns":3},{"damage":0,"enemies":"3 Sentries","floor":13,"turns":2},{"damage":0,"enemies":"3 Louse","floor":14,"turns":1},{"damage":4,"enemies":"Slime Boss","floor":16,"turns":9},{"damage":0,"enemies":"2 Thieves","floor":18,"turns":3},{"damage":6,"enemies":"Chosen","floor":19,"turns":6},{"damage":6,"enemies":"Sentry and Sphere","floor":20,"turns":3},{"damage":6,"enemies":"Centurion and Healer","floor":22,"turns":3},{"damage":7,"enemies":"Book of Stabbing","floor":23,"turns":4},{"damage":28,"enemies":"Cultist and Chosen","floor":27,"turns":5},{"damage":0,"enemies":"Slavers","floor":29,"turns":4},{"damage":17,"enemies":"Snake Plant","floor":30,"turns":3},{"damage":34,"enemies":"Champ","floor":33,"turns":7},{"damage":6,"enemies":"3 Darklings","floor":35,"turns":3},{"damage":9,"enemies":"3 Shapes","floor":39,"turns":3},{"damage":19,"enemies":"Reptomancer","floor":41,"turns":5},{"damage":43,"enemies":"Giant Head","floor":44,"turns":8},{"damage":20,"enemies":"Spire Growth","floor":45,"turns":2}],"seed_played":"1919903292954126817","potions_obtained":[{"floor":6,"key":"Energy Potion"},{"floor":8,"key":"Weak Potion"},{"floor":12,"key":"Fire Potion"},{"floor":13,"key":"EssenceOfSteel"}],"is_trial":false,"path_per_floor":["M","?","$","?","M","E","R","E","T","$","R","M","E","M","R","B",null,"M","M","M","?","M","E","R","$","T","M","?","E","M","?","R","B",null,"M","?","$","?","M","R","E","?","T","E","M"],"character_chosen":"IRONCLAD","items_purchased":["Shrug It Off","War Paint","Corruption","Toolbox","Membership Card"],"campfire_rested":0,"item_purchase_floors":[3,10,10,25,37],"current_hp_per_floor":[78,78,78,83,85,85,85,48,48,48,48,54,60,66,66,68,81,85,85,85,85,85,84,84,84,84,62,62,68,57,57,57,29,71,71,60,60,60,57,57,44,44,44,7,0],"gold":94,"neow_bonus":"THREE_ENEMY_KILL","is_prod":false,"is_daily":false,"chose_seed":false,"campfire_upgraded":6,"win_rate":0,"timestamp":1548493599,"path_taken":["M","?","$","?","M","E","R","E","T","$","R","M","E","M","R","BOSS","M","M","M","?","M","E","R","$","T","M","?","E","M","?","R","BOSS","M","?","$","?","M","R","E","?","T","E","M"],"build_version":"2019-01-23","purchased_purges":3,"victory":false,"max_hp_per_floor":[80,80,80,85,85,85,85,85,85,85,85,85,85,85,85,85,85,85,85,85,85,85,85,85,85,85,85,85,85,85,85,85,85,85,85,85,85,85,85,85,85,85,85,85,85],"card_choices":[{"not_picked":["Clash","True Grit"],"picked":"Pommel Strike","floor":1},{"not_picked":["Body Slam","Clash"],"picked":"Headbutt","floor":5},{"not_picked":["Cleave","Heavy Blade"],"picked":"Ghostly Armor","floor":6},{"not_picked":["Combust","Pommel Strike"],"picked":"Immolate","floor":8},{"not_picked":["Heavy Blade","Cleave","Headbutt"],"picked":"SKIP","floor":12},{"not_picked":["Second Wind","Havoc"],"picked":"Infernal Blade","floor":13},{"not_picked":["Flex","Uppercut"],"picked":"Whirlwind","floor":14},{"not_picked":["Reaper","Immolate"],"picked":"Offering","floor":16},{"not_picked":["Sword Boomerang+1","Clothesline+1"],"picked":"Shrug It Off+1","floor":18},{"not_picked":["Clash","Corruption","Perfected Strike"],"picked":"SKIP","floor":19},{"not_picked":["Pommel Strike","Twin Strike"],"picked":"Limit Break","floor":20},{"not_picked":["True Grit","Dropkick"],"picked":"Iron Wave+1","floor":22},{"not_picked":["Dropkick","Warcry"],"picked":"Sentinel+1","floor":23},{"not_picked":["Power Through","Havoc"],"picked":"Pommel Strike","floor":27},{"not_picked":["Havoc","Evolve"],"picked":"Shrug It Off","floor":29},{"not_picked":["Shockwave","Shrug It Off"],"picked":"Juggernaut","floor":30},{"not_picked":["Brutality","Immolate"],"picked":"Feed","floor":33},{"not_picked":["Perfected Strike+1","Headbutt+1","Havoc"],"picked":"SKIP","floor":35},{"not_picked":["Searing Blow+1","Thunderclap"],"picked":"Dual Wield+1","floor":39},{"not_picked":["Pommel Strike","Warcry"],"picked":"Feel No Pain","floor":41},{"not_picked":["Impatience","Secret Weapon"],"picked":"The Bomb","floor":42},{"not_picked":["Clothesline","Anger+1"],"picked":"Dual Wield+1","floor":44}],"player_experience":261854,"relics_obtained":[{"floor":6,"key":"Old Coin"},{"floor":8,"key":"Anchor"},{"floor":9,"key":"Thread and Needle"},{"floor":13,"key":"Regal Pillow"},{"floor":23,"key":"Juzu Bracelet"},{"floor":26,"key":"Bottled Tornado"},{"floor":29,"key":"Ornamental Fan"},{"floor":41,"key":"Gambling Chip"},{"floor":43,"key":"Frozen Egg 2"},{"floor":44,"key":"Pantograph"}],"event_choices":[{"damage_healed":0,"gold_gain":0,"cards_transformed":["Strike_R"],"player_choice":"Change","damage_taken":0,"max_hp_gain":0,"max_hp_loss":0,"event_name":"Living Wall","floor":2,"gold_loss":0,"cards_obtained":["Flex"]},{"damage_healed":0,"gold_gain":0,"player_choice":"Donut","damage_taken":0,"max_hp_gain":5,"max_hp_loss":0,"event_name":"Big Fish","floor":4,"gold_loss":0},{"damage_healed":0,"gold_gain":0,"player_choice":"Paid Gold","damage_taken":0,"relics_obtained":["Dream Catcher"],"max_hp_gain":0,"max_hp_loss":0,"event_name":"WeMeetAgain","floor":21,"gold_loss":59},{"cards_removed":["Strike_R"],"damage_healed":0,"gold_gain":0,"player_choice":"Elegance","damage_taken":0,"max_hp_gain":0,"max_hp_loss":0,"event_name":"Back to Basics","floor":28,"gold_loss":0},{"damage_healed":0,"gold_gain":0,"player_choice":"Read","damage_taken":0,"max_hp_gain":0,"max_hp_loss":0,"event_name":"The Library","floor":31,"gold_loss":0,"cards_obtained":["Disarm"]},{"damage_healed":0,"gold_gain":0,"player_choice":"Embrace Madness","damage_taken":11,"max_hp_gain":0,"max_hp_loss":0,"event_name":"Winding Halls","floor":36,"gold_loss":0,"cards_obtained":["Madness","Madness"]},{"damage_healed":0,"gold_gain":0,"player_choice":"Got Potions","damage_taken":0,"max_hp_gain":0,"max_hp_loss":0,"event_name":"Lab","floor":38,"gold_loss":0},{"damage_healed":0,"gold_gain":0,"player_choice":"Memory 1","damage_taken":0,"max_hp_gain":0,"max_hp_loss":0,"event_name":"SensoryStone","floor":42,"gold_loss":0}],"is_beta":true,"boss_relics":[{"not_picked":["Empty Cage","Pandora\u0027s Box"],"picked":"Sozu"},{"not_picked":["Philosopher\u0027s Stone","Runic Pyramid"],"picked":"Cursed Key"}],"items_purged_floors":[3,10,37],"is_endless":false,"potions_floor_spawned":[6,8,12,13,14,18,19,20,30,35,41],"killed_by":"Spire Growth","ascension_level":9}