{"gold_per_floor":[112,123,136,17,37,37,54,68,139,139,119,150,150,170,170,170],"floor_reached":16,"playtime":909,"items_purged":[],"score":186,"play_id":"3ce53eb7-a7cf-491e-9dfe-53c143d126dd","local_time":"20190114191807","is_ascension_mode":true,"campfire_choices":[{"floor":6.0,"key":"DIG"},{"floor":10.0,"key":"DIG"},{"floor":13,"key":"REST"},{"floor":15,"key":"DIG"}],"neow_cost":"TEN_PERCENT_HP_LOSS","seed_source_timestamp":0,"circlet_count":0,"master_deck":["AscendersBane","Defend_G","Defend_G","Defend_G","Defend_G","Defend_G","Strike_G","Strike_G","Strike_G","Strike_G","Strike_G","Survivor","Neutralize","Footwork","PiercingWail","Escape Plan","Caltrops","After Image","Riddle With Holes"],"special_seed":0,"relics":["Ring of the Snake","Shovel","Nunchaku","Gremlin Horn","Torii","Snake Skull","Pen Nib"],"potions_floor_usage":[12,14,16],"damage_taken":[{"damage":0.0,"enemies":"Small Slimes","floor":1.0,"turns":4.0},{"damage":8.0,"enemies":"2 Louse","floor":2.0,"turns":3.0},{"damage":0.0,"enemies":"Cultist","floor":3.0,"turns":5.0},{"damage":3.0,"enemies":"2 Fungi Beasts","floor":5.0,"turns":8.0},{"damage":6.0,"enemies":"Large Slime","floor":7.0,"turns":11.0},{"damage":1.0,"enemies":"Looter","floor":8.0,"turns":4.0},{"damage":1,"enemies":"Exordium Thugs","floor":11,"turns":4},{"damage":36,"enemies":"Gremlin Nob","floor":12,"turns":6},{"damage":1,"enemies":"Lots of Slimes","floor":14,"turns":6},{"damage":22,"enemies":"The Guardian","floor":16,"turns":2}],"seed_played":"-2298183451440295001","potions_obtained":[{"floor":1.0,"key":"SpeedPotion"},{"floor":7.0,"key":"SteroidPotion"},{"floor":12,"key":"Block Potion"},{"floor":14,"key":"Strength Potion"}],"is_trial":false,"path_per_floor":["M","M","M","$","M","R","M","M","T","R","M","E","R","M","R","B"],"character_chosen":"THE_SILENT","items_purchased":["Footwork","PiercingWail"],"campfire_rested":1,"item_purchase_floors":[4,4],"current_hp_per_floor":[59,51,51,51,48,48,42,41,41,41,40,4,22,21,21,0],"gold":170,"neow_bonus":"ONE_RARE_RELIC","is_prod":false,"is_daily":false,"chose_seed":false,"campfire_upgraded":0,"win_rate":0,"timestamp":1547511487,"path_taken":["M","M","M","$","M","R","M","M","T","R","M","E","R","M","R","BOSS"],"build_version":"2019-01-10","purchased_purges":0,"victory":false,"max_hp_per_floor":[60,60,60,60,60,60,60,60,60,60,60,60,60,60,60,60],"card_choices":[{"not_picked":["Calculated Gamble","Outmaneuver","Flying Knee"],"picked":"SKIP","floor":1.0},{"not_picked":["Outmaneuver","Distraction","Accuracy"],"picked":"SKIP","floor":2.0},{"not_picked":["Accuracy","Slice","Deflect"],"picked":"SKIP","floor":3.0},{"not_picked":["Dodge and Roll","Slice"],"picked":"Escape Plan","floor":5.0},{"not_picked":["Finisher","Dodge and Roll","Poisoned Stab"],"picked":"SKIP","floor":7.0},{"not_picked":["Predator","Prepared","Poisoned Stab"],"picked":"SKIP","floor":8.0},{"not_picked":["Slice","Expertise"],"picked":"Caltrops","floor":11},{"not_picked":["Endless Agony","Terror"],"picked":"After Image","floor":12},{"not_picked":["Outmaneuver","Flying Knee"],"picked":"Riddle With Holes","floor":14}],"player_experience":421877,"relics_obtained":[{"floor":6.0,"key":"Nunchaku"},{"floor":9.0,"key":"Gremlin Horn"},{"floor":10.0,"key":"Torii"},{"floor":12,"key":"Snake Skull"},{"floor":15,"key":"Pen Nib"}],"event_choices":[],"is_beta":false,"boss_relics":[],"items_purged_floors":[],"is_endless":false,"potions_floor_spawned":[1,7,12,14],"killed_by":"The Guardian","ascension_level":15}