{"gold_per_floor":[115,115,115,128,148,148,166,166,166,166,186,515,565,43,43,114,114,131,131,15,33,33,65,65,92,92,121,132,132,166,166],"floor_reached":31,"playtime":1064,"items_purged":["Writhe"],"score":847,"play_id":"42c3a389-60fe-491a-bccb-7f4eb23e3ba2","local_time":"20181104164315","is_ascension_mode":true,"campfire_choices":[{"data":"Neutralize","floor":6.0,"key":"SMITH"},{"data":"Corpse Explosion","floor":8.0,"key":"SMITH"},{"data":"Deadly Poison","floor":10.0,"key":"SMITH"},{"floor":15.0,"key":"REST"},{"floor":24.0,"key":"REST"}],"neow_cost":"PERCENT_DAMAGE","seed_source_timestamp":113729517978881,"circlet_count":0,"master_deck":["AscendersBane","Defend_G","Defend_G","Defend_G","Defend_G","Defend_G","Survivor","Neutralize+1","Infinite Blades","Deadly Poison+1","Escape Plan","Corpse Explosion+1","Quick Slash","Envenom","Footwork","Burst","Catalyst","Shame","Dash","Cloak And Dagger","Blur","Bite","Bite","Bite","Bite","Bite","Noxious Fumes"],"special_seed":0,"relics":["Ring of the Snake","Incense Burner","Bottled Flame","Old Coin","Bottled Lightning","Regal Pillow","Busted Crown","Mummified Hand","Mercury Hourglass","Anchor","Dream Catcher","Letter Opener","Pantograph","Bird Faced Urn"],"potions_floor_usage":[],"damage_taken":[{"damage":4.0,"enemies":"Cultist","floor":1.0,"turns":4.0},{"damage":8.0,"enemies":"Jaw Worm","floor":4.0,"turns":4.0},{"damage":5.0,"enemies":"Small Slimes","floor":5.0,"turns":5.0},{"damage":2.0,"enemies":"Blue Slaver","floor":7.0,"turns":4.0},{"damage":0.0,"enemies":"Looter","floor":11.0,"turns":3.0},{"damage":29.0,"enemies":"Gremlin Nob","floor":12.0,"turns":5.0},{"damage":0.0,"enemies":"The Guardian","floor":16.0,"turns":9.0},{"damage":0.0,"enemies":"3 Byrds","floor":18.0,"turns":2.0},{"damage":18.0,"enemies":"Chosen","floor":21.0,"turns":4.0},{"damage":13.0,"enemies":"Book of Stabbing","floor":23.0,"turns":4.0},{"damage":55.0,"enemies":"Gremlin Leader","floor":25.0,"turns":7.0},{"damage":8.0,"enemies":"Book of Stabbing","floor":27.0,"turns":4.0},{"damage":0.0,"enemies":"Centurion and Healer","floor":28.0,"turns":3.0},{"damage":0.0,"enemies":"Slavers","floor":30.0,"turns":2.0},{"damage":14,"enemies":"Sentry and Sphere","floor":31,"turns":3}],"seed_played":"1878630625694336302","potions_obtained":[{"floor":1.0,"key":"Regen Potion"},{"floor":3.0,"key":"Regen Potion"},{"floor":7.0,"key":"GhostInAJar"},{"floor":16.0,"key":"Fire Potion"},{"floor":18.0,"key":"GhostInAJar"},{"floor":23.0,"key":"Strength Potion"}],"is_trial":false,"path_per_floor":["M","T","?","M","M","R","M","R","T","R","M","E","?","$","R","B",null,"M","?","$","M","?","E","R","E","T","E","M","?","E","M"],"character_chosen":"THE_SILENT","items_purchased":["Footwork","Bottled Lightning","Regal Pillow","Catalyst"],"campfire_rested":2,"item_purchase_floors":[14,14,14,20],"current_hp_per_floor":[40,40,40,44,53,53,51,51,51,51,51,22,16,16,50,50,62,62,62,62,44,44,31,65,10,10,2,2,2,4,0],"gold":166,"neow_bonus":"ONE_RARE_RELIC","is_prod":false,"is_daily":false,"chose_seed":false,"campfire_upgraded":3,"win_rate":0,"timestamp":1541367795,"path_taken":["M","?","?","M","?","R","M","R","T","R","M","E","?","$","R","BOSS","M","?","$","M","?","E","R","E","T","E","M","?","E","M"],"build_version":"2018-11-02","purchased_purges":1,"victory":false,"max_hp_per_floor":[66,66,66,66,66,66,66,66,66,66,66,66,66,66,66,66,66,66,66,66,66,66,66,66,66,66,66,66,46,46,46],"card_choices":[{"not_picked":["Prepared","Acrobatics"],"picked":"Infinite Blades","floor":1.0},{"not_picked":["Outmaneuver","Blade Dance"],"picked":"Deadly Poison","floor":4.0},{"not_picked":["Slice","Setup"],"picked":"Escape Plan","floor":5.0},{"not_picked":["Finisher","Slice"],"picked":"Corpse Explosion","floor":7.0},{"not_picked":["Underhanded Strike","Outmaneuver"],"picked":"Quick Slash","floor":11.0},{"not_picked":["PiercingWail","Masterful Stab"],"picked":"Envenom","floor":12.0},{"not_picked":["Corpse Explosion","Die Die Die"],"picked":"Burst","floor":16.0},{"not_picked":["Acrobatics"],"picked":"SKIP","floor":18.0},{"not_picked":["Slice+1"],"picked":"SKIP","floor":21.0},{"not_picked":["Dagger Throw"],"picked":"SKIP","floor":23.0},{"not_picked":[],"picked":"Dash","floor":25.0},{"not_picked":[],"picked":"Cloak And Dagger","floor":27.0},{"not_picked":[],"picked":"Blur","floor":28.0},{"not_picked":[],"picked":"Noxious Fumes","floor":30.0}],"player_experience":845428,"relics_obtained":[{"floor":2.0,"key":"Bottled Flame"},{"floor":12.0,"key":"Old Coin"},{"floor":23.0,"key":"Anchor"},{"floor":25.0,"key":"Dream Catcher"},{"floor":26.0,"key":"Letter Opener"},{"floor":27.0,"key":"Pantograph"},{"floor":30.0,"key":"Bird Faced Urn"}],"event_choices":[{"damage_healed":0.0,"max_hp_gain":0.0,"max_hp_loss":0.0,"gold_gain":0.0,"event_name":"Lab","player_choice":"Got Potions","floor":3.0,"gold_loss":0.0,"damage_taken":0.0},{"damage_healed":0.0,"max_hp_gain":0.0,"max_hp_loss":0.0,"gold_gain":50.0,"event_name":"FaceTrader","player_choice":"Touch","floor":13.0,"gold_loss":0.0,"damage_taken":6.0},{"damage_healed":0.0,"max_hp_gain":0.0,"max_hp_loss":0.0,"gold_gain":0.0,"event_name":"The Mausoleum","player_choice":"Opened","floor":19.0,"gold_loss":0.0,"damage_taken":0.0,"relics_obtained":["Mummified Hand"],"cards_obtained":["Writhe"]},{"damage_healed":0.0,"max_hp_gain":0.0,"max_hp_loss":0.0,"gold_gain":0.0,"event_name":"Addict","player_choice":"Stole Relic","floor":22.0,"gold_loss":0.0,"damage_taken":0.0,"relics_obtained":["Mercury Hourglass"],"cards_obtained":["Shame"]},{"damage_healed":0.0,"max_hp_gain":0.0,"max_hp_loss":20.0,"gold_gain":0.0,"event_name":"Vampires","player_choice":"Became a vampire","floor":29.0,"gold_loss":0.0,"damage_taken":0.0,"cards_obtained":["Bite","Bite","Bite","Bite","Bite"]}],"is_beta":true,"boss_relics":[{"not_picked":["Velvet Choker","Tiny House"],"picked":"Busted Crown"}],"items_purged_floors":[20],"is_endless":false,"potions_floor_spawned":[1,7,16,18,21,23],"killed_by":"Sentry and Sphere","ascension_level":20}