{"gold_per_floor":[117,117,58,81,101,101,134,134,134,153,184,184,184,209,209,209],"floor_reached":16,"playtime":591,"items_purged":[],"score":220,"play_id":"7adbac9b-3ad7-4f9d-96b3-9aee0f53f6ac","local_time":"20190218090200","is_ascension_mode":true,"campfire_choices":[{"data":"Sweeping Beam","floor":6.0,"key":"SMITH"},{"floor":8,"key":"REST"},{"data":"Coolheaded","floor":13,"key":"SMITH"},{"floor":15,"key":"REST"}],"neow_cost":"NONE","seed_source_timestamp":400816016208192,"circlet_count":0,"master_deck":["AscendersBane","Strike_B","Strike_B","Strike_B","Defend_B","Defend_B","Defend_B","Defend_B","Zap+1","Dualcast","Coolheaded+1","Gash","Sweeping Beam+1","Cold Snap","Compile Driver","Rainbow","Genetic Algorithm"],"special_seed":0,"relics":["Cracked Core","Golden Idol","Bottled Lightning","Pear","Orichalcum"],"potions_floor_usage":[14],"damage_taken":[{"damage":1.0,"enemies":"Small Slimes","floor":1.0,"turns":4.0},{"damage":10.0,"enemies":"Jaw Worm","floor":4.0,"turns":4.0},{"damage":0.0,"enemies":"Cultist","floor":5.0,"turns":3.0},{"damage":30.0,"enemies":"3 Sentries","floor":7.0,"turns":8.0},{"damage":7,"enemies":"Large Slime","floor":10,"turns":5},{"damage":12,"enemies":"Lagavulin","floor":11,"turns":7},{"damage":4,"enemies":"Lots of Slimes","floor":14,"turns":5},{"damage":52,"enemies":"Slime Boss","floor":16,"turns":7}],"seed_played":"-881495734345023599","potions_obtained":[{"floor":1.0,"key":"Ancient Potion"},{"floor":5.0,"key":"Strength Potion"},{"floor":11,"key":"AttackPotion"}],"is_trial":false,"path_per_floor":["M","?","$","M","M","R","E","R","T","M","E","?","R","M","R","B"],"character_chosen":"DEFECT","items_purchased":["Gash"],"campfire_rested":2,"item_purchase_floors":[3],"current_hp_per_floor":[63,63,63,53,53,53,23,42,52,45,33,26,26,22,44,0],"gold":209,"neow_bonus":"UPGRADE_CARD","is_prod":false,"is_daily":false,"chose_seed":false,"campfire_upgraded":2,"win_rate":0,"timestamp":1550498520,"path_taken":["M","?","$","M","M","R","E","R","T","M","E","?","R","M","R","BOSS"],"build_version":"2019-02-06","purchased_purges":0,"victory":false,"max_hp_per_floor":[71,64,64,64,64,64,64,64,74,74,74,74,74,74,74,74],"card_choices":[{"not_picked":["Force Field","Go for the Eyes"],"picked":"Coolheaded","floor":1.0},{"not_picked":["Conserve Battery","Cold Snap"],"picked":"Sweeping Beam","floor":4.0},{"not_picked":["Go for the Eyes","Turbo"],"picked":"Cold Snap","floor":5.0},{"not_picked":["Force Field","Stack"],"picked":"Compile Driver","floor":7},{"not_picked":["Cold Snap","Streamline"],"picked":"Rainbow","floor":10},{"not_picked":["Hologram","Beam Cell"],"picked":"Genetic Algorithm","floor":11},{"not_picked":["Storm","Redo","Barrage"],"picked":"SKIP","floor":14}],"player_experience":936230,"relics_obtained":[{"floor":7,"key":"Bottled Lightning"},{"floor":9,"key":"Pear"},{"floor":11,"key":"Orichalcum"}],"event_choices":[{"damage_healed":0.0,"max_hp_gain":0.0,"max_hp_loss":7.0,"gold_gain":0.0,"event_name":"Golden Idol","player_choice":"Lose Max HP","floor":2.0,"gold_loss":0.0,"damage_taken":0.0,"relics_obtained":["Golden Idol"]},{"cards_removed":["Strike_B"],"damage_healed":0,"gold_gain":0,"player_choice":"Card Removal","damage_taken":7,"max_hp_gain":0,"max_hp_loss":0,"event_name":"Golden Wing","floor":12,"gold_loss":0}],"is_beta":true,"boss_relics":[],"items_purged_floors":[],"is_endless":false,"potions_floor_spawned":[1,5,11],"killed_by":"Slime Boss","ascension_level":20}