{"gold_per_floor":[113,27,41,41,56,89,14,48,48,62,75,104,104,104,104,179,179,99,109,109,129,129,129,157,157,157,157,170,187,197,54,54,130,130,145,245,245,77,95,95,107,107,107,57,75,90,90,103,103,103],"floor_reached":51,"playtime":5603,"items_purged":["Strike_B","Strike_B","Writhe"],"score":1317,"play_id":"e39ac6c8-8516-4341-8245-1befa90c7b1a","local_time":"20190316095111","is_ascension_mode":true,"campfire_choices":[{"data":"Consume","floor":13,"key":"SMITH"},{"data":"Defragment","floor":15,"key":"SMITH"},{"data":"Echo Form","floor":23,"key":"SMITH"},{"floor":25,"key":"REST"},{"data":"Coolheaded","floor":27,"key":"SMITH"},{"data":"Loop","floor":32,"key":"SMITH"},{"data":"Creative AI","floor":40,"key":"SMITH"},{"data":"Capacitor","floor":42,"key":"SMITH"},{"floor":47,"key":"REST"},{"floor":49,"key":"REST"}],"neow_cost":"NONE","seed_source_timestamp":190842701277067,"circlet_count":0,"master_deck":["AscendersBane","Defend_B","Defend_B+1","Defend_B","Defend_B","Zap","Dualcast","Consume+1","Capacitor+1","Coolheaded+1","Glacier","Capacitor+1","Echo Form+1","Defragment+1","Hologram","Conserve Battery","Steam Power+1","Hologram+1","Self Repair+1","Loop+1","Creative AI+1","Coolheaded","Blizzard+1","Electrodynamics","Seek"],"relics":["Cracked Core","NeowsBlessing","Gremlin Horn","FossilizedHelix","Turnip","Darkstone Periapt","Empty Cage","Bag of Marbles","Kunai","Velvet Choker","Torii","Whetstone"],"potions_floor_usage":[19,24,29,33,39,45,48],"damage_taken":[{"damage":0,"enemies":"Cultist","floor":1,"turns":1},{"damage":0,"enemies":"2 Louse","floor":3,"turns":1},{"damage":0,"enemies":"Small Slimes","floor":5,"turns":1},{"damage":10,"enemies":"3 Sentries","floor":6,"turns":12},{"damage":0,"enemies":"Lagavulin","floor":8,"turns":12},{"damage":1,"enemies":"Exordium Thugs","floor":10,"turns":5},{"damage":5,"enemies":"3 Louse","floor":11,"turns":4},{"damage":17,"enemies":"3 Sentries","floor":12,"turns":8},{"damage":0,"enemies":"Slime Boss","floor":16,"turns":11},{"damage":13,"enemies":"2 Thieves","floor":18,"turns":4},{"damage":0,"enemies":"Spheric Guardian","floor":19,"turns":12},{"damage":13,"enemies":"Centurion and Healer","floor":21,"turns":13},{"damage":50,"enemies":"Gremlin Leader","floor":24,"turns":10},{"damage":0,"enemies":"Snake Plant","floor":28,"turns":7},{"damage":19,"enemies":"3 Cultists","floor":29,"turns":10},{"damage":0,"enemies":"Centurion and Healer","floor":30,"turns":12},{"damage":1,"enemies":"Automaton","floor":33,"turns":19},{"damage":42,"enemies":"3 Shapes","floor":35,"turns":6},{"damage":0,"enemies":"Mind Bloom Boss Battle","floor":36,"turns":10},{"damage":11,"enemies":"Orb Walker","floor":39,"turns":4},{"damage":12,"enemies":"Sphere and 2 Shapes","floor":41,"turns":11},{"damage":15,"enemies":"Writhing Mass","floor":45,"turns":10},{"damage":34,"enemies":"Jaw Worm Horde","floor":46,"turns":3},{"damage":23,"enemies":"3 Darklings","floor":48,"turns":4},{"damage":21,"enemies":"Donu and Deca","floor":50,"turns":11}],"seed_played":"-5154716804376673056","potions_obtained":[{"floor":3,"key":"SpeedPotion"},{"floor":5,"key":"LiquidBronze"},{"floor":11,"key":"PowerPotion"},{"floor":24,"key":"Dexterity Potion"},{"floor":29,"key":"FocusPotion"},{"floor":30,"key":"GamblersBrew"},{"floor":35,"key":"Poison Potion"},{"floor":46,"key":"FocusPotion"}],"is_trial":false,"path_per_floor":["M","$","M","?","M","E","$","E","T","M","M","E","R","?","R","B",null,"M","M","?","M","?","R","E","R","T","R","M","M","M","$","R","B",null,"M","?","?","$","M","R","M","R","T","?","M","M","R","M","R","B",null],"character_chosen":"DEFECT","items_purchased":["Capacitor","Loop","Blizzard"],"campfire_rested":3,"item_purchase_floors":[2,31,38],"current_hp_per_floor":[64,64,64,64,64,54,54,54,54,53,48,31,31,37,37,37,67,54,54,54,41,56,56,6,29,29,29,29,10,24,24,24,37,67,32,46,67,67,56,56,58,58,58,58,63,29,53,30,54,33],"gold":103,"neow_bonus":"THREE_ENEMY_KILL","is_prod":false,"is_daily":false,"chose_seed":false,"campfire_upgraded":7,"win_rate":0,"timestamp":1552744271,"path_taken":["M","$","?","?","M","E","$","E","T","M","M","E","R","?","R","BOSS","M","M","?","M","?","R","E","R","T","R","M","M","M","$","R","BOSS","M","?","?","$","?","R","M","R","T","?","M","M","R","M","R","BOSS"],"build_version":"2019-03-15","purchased_purges":3,"victory":true,"max_hp_per_floor":[71,71,71,71,71,71,71,71,71,71,71,71,71,77,77,77,77,77,77,77,77,77,77,77,77,77,77,77,77,77,77,77,77,77,77,77,83,83,83,83,83,83,83,83,83,83,83,83,83,83],"card_choices":[{"not_picked":["Conserve Battery","Barrage"],"picked":"Consume","floor":1},{"not_picked":["Stack","Self Repair"],"picked":"Coolheaded","floor":3},{"not_picked":["Loop","Conserve Battery"],"picked":"Glacier","floor":5},{"not_picked":["Streamline","Ball Lightning"],"picked":"Capacitor","floor":6},{"not_picked":["Cold Snap","Double Energy"],"picked":"Echo Form","floor":8},{"not_picked":["Lockon","Gash","Heatsinks"],"picked":"SKIP","floor":10},{"not_picked":["Beam Cell","Rip and Tear"],"picked":"Defragment","floor":11},{"not_picked":["Streamline","Sweeping Beam"],"picked":"Hologram","floor":12},{"not_picked":["Steam+1","Sweeping Beam"],"picked":"Conserve Battery","floor":18},{"not_picked":["Hologram","Redo+1","Cold Snap"],"picked":"SKIP","floor":19},{"not_picked":["Compile Driver","Doom and Gloom"],"picked":"Steam Power+1","floor":21},{"not_picked":["Ball Lightning","Auto Shields"],"picked":"Hologram+1","floor":24},{"not_picked":["Steam","Static Discharge+1","Rainbow"],"picked":"SKIP","floor":28},{"not_picked":["Tempest+1","Streamline+1"],"picked":"Self Repair","floor":29},{"not_picked":["Turbo","Cold Snap","Melter"],"picked":"SKIP","floor":30},{"not_picked":["Thunder Strike","Amplify"],"picked":"Creative AI","floor":33},{"not_picked":["Streamline+1","Beam Cell","Consume"],"picked":"SKIP","floor":35},{"not_picked":["Leap","Doom and Gloom"],"picked":"Coolheaded","floor":36},{"not_picked":["Rip and Tear+1","Gash","Turbo+1"],"picked":"SKIP","floor":39},{"not_picked":["Rebound","Leap"],"picked":"Electrodynamics","floor":41},{"not_picked":["Reprogram","Leap","Rebound+1"],"picked":"SKIP","floor":45},{"not_picked":["Beam Cell","Self Repair","Cold Snap"],"picked":"SKIP","floor":46},{"not_picked":["BootSequence","Cold Snap"],"picked":"Seek","floor":48}],"player_experience":523221,"relics_obtained":[{"floor":6,"key":"Gremlin Horn"},{"floor":8,"key":"FossilizedHelix"},{"floor":9,"key":"Turnip"},{"floor":12,"key":"Darkstone Periapt"},{"floor":24,"key":"Bag of Marbles"},{"floor":26,"key":"Kunai"},{"floor":36,"key":"Torii"},{"floor":43,"key":"Whetstone"}],"event_choices":[{"damage_healed":0,"gold_gain":0,"player_choice":"Grow","damage_taken":0,"max_hp_gain":0,"max_hp_loss":0,"event_name":"Living Wall","floor":4,"gold_loss":0,"cards_upgraded":["Capacitor"]},{"damage_healed":0,"gold_gain":0,"player_choice":"1 cards matched","damage_taken":0,"max_hp_gain":0,"max_hp_loss":0,"event_name":"Match and Keep!","floor":14,"gold_loss":0,"cards_obtained":["Injury"]},{"damage_healed":0,"gold_gain":0,"player_choice":"1 cards matched","damage_taken":0,"max_hp_gain":0,"max_hp_loss":0,"event_name":"Match and Keep!","floor":14,"gold_loss":0,"cards_obtained":["Injury"]},{"cards_removed":["Injury"],"damage_healed":0,"gold_gain":0,"player_choice":"Elegance","damage_taken":0,"max_hp_gain":0,"max_hp_loss":0,"event_name":"Back to Basics","floor":20,"gold_loss":0},{"damage_healed":15,"gold_gain":0,"player_choice":"Heal","damage_taken":0,"max_hp_gain":0,"max_hp_loss":0,"event_name":"The Library","floor":22,"gold_loss":0},{"damage_healed":0,"gold_gain":0,"player_choice":"Fight","damage_taken":0,"max_hp_gain":0,"max_hp_loss":0,"event_name":"MindBloom","floor":36,"gold_loss":0},{"damage_healed":15,"gold_gain":0,"player_choice":"Writhe","damage_taken":0,"max_hp_gain":0,"max_hp_loss":0,"event_name":"Winding Halls","floor":37,"gold_loss":0,"cards_obtained":["Writhe"]},{"damage_healed":0,"gold_gain":0,"player_choice":"Upgraded Two","damage_taken":0,"max_hp_gain":0,"max_hp_loss":0,"event_name":"Designer","floor":44,"gold_loss":50,"cards_upgraded":["Self Repair","Defend_B"]}],"is_beta":true,"boss_relics":[{"not_picked":["Tiny House","Snecko Eye"],"picked":"Empty Cage"},{"not_picked":["Lizard Tail","White Beast Statue"],"picked":"Velvet Choker"}],"items_purged_floors":[7,31,38],"is_endless":false,"potions_floor_spawned":[3,5,11,12,24,29,30,35,46],"ascension_level":17}