{"gold_per_floor":[15,15,33,45,56,86,105,140,140,169,169,189,204,33,33,128,128,141,41,41,41,51,85,12,47,72,82,82,82,82,114,114,211,211,223,242,253,263,184,184,184,204,204,204,41,41,71,81,81,81],"floor_reached":51,"playtime":2824,"items_purged":["Defend_B","Defend_B"],"score":940,"play_id":"8670b577-e94c-4d36-b90e-03d9757f4f94","local_time":"20181230143601","is_ascension_mode":true,"campfire_choices":[{"data":"Double Energy","floor":11,"key":"SMITH"},{"data":"Buffer","floor":15,"key":"SMITH"},{"data":"Defend_B","floor":28,"key":"PURGE"},{"data":"Zap","floor":30,"key":"SMITH"},{"data":"Loop","floor":32,"key":"SMITH"},{"data":"Defend_B","floor":40,"key":"PURGE"},{"data":"Coolheaded","floor":44,"key":"SMITH"},{"data":"Defragment","floor":49,"key":"SMITH"}],"neow_cost":"NO_GOLD","seed_source_timestamp":782508916608038,"circlet_count":0,"master_deck":["Strike_B","Zap+1","Dualcast","Double Energy+1","Coolheaded+1","Defragment+1","Sweeping Beam","Coolheaded","Sunder","Consume","Buffer+1","Hologram+1","Tempest+1","Bandage Up+1","Electrodynamics","Hologram+1","Beam Cell+1","Loop","Loop+1","BootSequence+1","Conserve Battery+1","Melter+1","Machine Learning","Ball Lightning","White Noise+1","Blizzard","Double Energy+1","Capacitor","Flash of Steel","Defragment"],"relics":["Cracked Core","Ice Cream","Happy Flower","Pocketwatch","Toxic Egg 2","Coffee Dripper","Peace Pipe","Boot","Blood Vial","Shuriken","Nuclear Battery","Pantograph"],"potions_floor_usage":[6,6,8,8,10,12,33,47,47,47,50],"damage_taken":[{"damage":3,"enemies":"Jaw Worm","floor":1,"turns":4},{"damage":0,"enemies":"Cultist","floor":3,"turns":4},{"damage":0,"enemies":"Small Slimes","floor":4,"turns":4},{"damage":10,"enemies":"Looter","floor":5,"turns":4},{"damage":7,"enemies":"3 Sentries","floor":6,"turns":12},{"damage":0,"enemies":"2 Fungi Beasts","floor":7,"turns":2},{"damage":10,"enemies":"Gremlin Nob","floor":8,"turns":4},{"damage":12,"enemies":"3 Sentries","floor":10,"turns":6},{"damage":11,"enemies":"Exordium Thugs","floor":12,"turns":2},{"damage":24,"enemies":"Lots of Slimes","floor":13,"turns":4},{"damage":0,"enemies":"Slime Boss","floor":16,"turns":13},{"damage":2,"enemies":"Chosen","floor":18,"turns":2},{"damage":0,"enemies":"Shell Parasite","floor":22,"turns":4},{"damage":29,"enemies":"Slavers","floor":23,"turns":2},{"damage":27,"enemies":"Gremlin Leader","floor":25,"turns":5},{"damage":8,"enemies":"Shelled Parasite and Fungi","floor":27,"turns":3},{"damage":6,"enemies":"Book of Stabbing","floor":31,"turns":5},{"damage":0,"enemies":"Champ","floor":33,"turns":10},{"damage":11,"enemies":"3 Shapes","floor":35,"turns":2},{"damage":0,"enemies":"3 Darklings","floor":36,"turns":3},{"damage":13,"enemies":"4 Shapes","floor":37,"turns":4},{"damage":30,"enemies":"Jaw Worm Horde","floor":38,"turns":2},{"damage":21,"enemies":"Spire Growth","floor":42,"turns":4},{"damage":0,"enemies":"Reptomancer","floor":47,"turns":4},{"damage":31,"enemies":"3 Darklings","floor":48,"turns":3},{"damage":7,"enemies":"Donu and Deca","floor":50,"turns":4}],"seed_played":"-5361136873655773860","potions_obtained":[{"floor":3,"key":"FearPotion"},{"floor":4,"key":"EntropicBrew"},{"floor":6,"key":"FearPotion"},{"floor":8,"key":"Regen Potion"},{"floor":10,"key":"LiquidBronze"},{"floor":13,"key":"SteroidPotion"},{"floor":23,"key":"Energy Potion"},{"floor":36,"key":"GamblersBrew"},{"floor":42,"key":"PowerPotion"},{"floor":46,"key":"Regen Potion"},{"floor":46,"key":"Block Potion"},{"floor":47,"key":"Poison Potion"}],"is_trial":false,"path_per_floor":["M","?","M","M","M","E","M","E","T","E","R","M","M","$","R","B",null,"M","$","?","?","M","E","$","E","T","M","R","?","R","E","R","B",null,"M","M","M","M","$","R","?","M","T","R","$","?","E","M","R","B",null],"character_chosen":"DEFECT","items_purchased":["Bandage Up+1","Loop","Blizzard","Capacitor","Flash of Steel"],"campfire_rested":0,"item_purchase_floors":[14,24,39,45,45],"current_hp_per_floor":[72,72,72,72,62,55,55,45,45,47,47,36,12,12,12,18,75,75,75,61,61,67,44,44,23,23,23,23,23,23,25,25,33,80,69,77,66,38,38,38,38,25,25,25,25,25,45,22,22,48],"gold":81,"neow_bonus":"REMOVE_TWO","is_prod":false,"is_daily":false,"chose_seed":false,"campfire_upgraded":6,"win_rate":0,"timestamp":1546198561,"path_taken":["M","?","M","M","M","E","M","E","T","E","R","M","M","?","R","BOSS","M","$","?","?","M","E","$","E","T","M","R","?","R","E","R","BOSS","M","M","M","M","$","R","?","M","T","R","?","?","E","?","R","BOSS"],"build_version":"2018-12-25","purchased_purges":2,"victory":true,"max_hp_per_floor":[75,75,75,75,75,75,75,75,75,75,75,75,75,75,75,75,75,75,75,80,80,80,80,80,80,80,80,80,80,80,80,80,80,80,80,80,80,80,80,80,80,80,80,80,80,80,80,80,80,80],"card_choices":[{"not_picked":["Cold Snap","Chill"],"picked":"Double Energy","floor":1},{"not_picked":["Stack","Steam"],"picked":"Defragment","floor":3},{"not_picked":["Steam Power","Turbo"],"picked":"Sweeping Beam","floor":4},{"not_picked":["Stack","Reinforced Body"],"picked":"Coolheaded","floor":5},{"not_picked":["Gash","Go for the Eyes"],"picked":"Sunder","floor":6},{"not_picked":["Leap","Turbo"],"picked":"Consume","floor":7},{"not_picked":["Darkness","Fusion"],"picked":"Buffer","floor":8},{"not_picked":["Leap","Gash"],"picked":"Hologram","floor":10},{"not_picked":["Steam+1","Scrape","Reinforced Body+1"],"picked":"SKIP","floor":12},{"not_picked":["Rebound","Hello World"],"picked":"Tempest+1","floor":13},{"not_picked":["Meteor Strike","Reboot+1"],"picked":"Electrodynamics","floor":16},{"not_picked":["Coolheaded+1","Rebound"],"picked":"Hologram+1","floor":18},{"not_picked":["Stack+1","Leap+1"],"picked":"Beam Cell+1","floor":22},{"not_picked":["White Noise+1","Streamline"],"picked":"Loop","floor":23},{"not_picked":["Cold Snap","Redo+1"],"picked":"BootSequence+1","floor":25},{"not_picked":["Leap+1","Electrodynamics"],"picked":"Conserve Battery+1","floor":27},{"not_picked":["Stack+1","Ball Lightning"],"picked":"Melter+1","floor":31},{"not_picked":["All For One","Biased Cognition"],"picked":"Machine Learning","floor":33},{"not_picked":["Streamline","Sweeping Beam","Rebound+1"],"picked":"SKIP","floor":35},{"not_picked":["Streamline","Redo+1"],"picked":"Ball Lightning","floor":36},{"not_picked":["Storm+1","Gash+1"],"picked":"White Noise+1","floor":37},{"not_picked":["Barrage","Static Discharge+1","Consume+1"],"picked":"SKIP","floor":38},{"not_picked":["Redo+1","Barrage+1"],"picked":"Double Energy+1","floor":42},{"not_picked":["Sunder+1","Doom and Gloom+1"],"picked":"Defragment","floor":47},{"not_picked":["Reprogram+1","Gash+1","Turbo+1"],"picked":"SKIP","floor":48}],"player_experience":167644,"relics_obtained":[{"floor":6,"key":"Ice Cream"},{"floor":8,"key":"Happy Flower"},{"floor":9,"key":"Pocketwatch"},{"floor":10,"key":"Toxic Egg 2"},{"floor":23,"key":"Peace Pipe"},{"floor":25,"key":"Boot"},{"floor":26,"key":"Blood Vial"},{"floor":31,"key":"Shuriken"},{"floor":47,"key":"Pantograph"}],"event_choices":[{"damage_healed":0,"gold_gain":0,"cards_transformed":["Strike_B"],"player_choice":"Transformed","damage_taken":0,"max_hp_gain":0,"max_hp_loss":0,"event_name":"Transmorgrifier","floor":2,"gold_loss":0,"cards_obtained":["Coolheaded"]},{"damage_healed":0,"gold_gain":0,"player_choice":"Shed Blood","damage_taken":19,"max_hp_gain":5,"max_hp_loss":0,"event_name":"Forgotten Altar","floor":20,"gold_loss":0},{"damage_healed":0,"gold_gain":0,"player_choice":"Ignored","damage_taken":0,"max_hp_gain":0,"max_hp_loss":0,"event_name":"Beggar","floor":21,"gold_loss":0},{"damage_healed":0,"gold_gain":0,"player_choice":"Ignored","damage_taken":0,"max_hp_gain":0,"max_hp_loss":0,"event_name":"Vampires","floor":29,"gold_loss":0},{"damage_healed":0,"gold_gain":0,"player_choice":"Ignored","damage_taken":0,"max_hp_gain":0,"max_hp_loss":0,"event_name":"SecretPortal","floor":41,"gold_loss":0},{"damage_healed":0,"gold_gain":0,"player_choice":"Got Potions","damage_taken":0,"max_hp_gain":0,"max_hp_loss":0,"event_name":"Lab","floor":46,"gold_loss":0}],"is_beta":true,"boss_relics":[{"not_picked":["Calling Bell","White Beast Statue"],"picked":"Coffee Dripper"},{"not_picked":["FrozenCore","Fusion Hammer"],"picked":"Nuclear Battery"}],"items_purged_floors":[14,19],"is_endless":false,"potions_floor_spawned":[3,4,6,8,10,13,23,25,36,38,42,47],"ascension_level":2}