{"gold_per_floor":[113,127,127,145,34,64,64,96,96,96,96,96,46,46,46,124,124,139,139,139,149,149,149,184,184,211,126,141,141,155,172,172,172],"floor_reached":33,"playtime":1438,"items_purged":["Strike_B"],"score":513,"play_id":"8fe05a7a-d652-4a78-b40b-146be60a6cca","local_time":"20190220120418","is_ascension_mode":true,"campfire_choices":[{"data":"Dualcast","floor":7,"key":"SMITH"},{"floor":10,"key":"REST"},{"data":"Zap","floor":12,"key":"SMITH"},{"data":"Defragment","floor":15,"key":"SMITH"},{"data":"Recycle","floor":23,"key":"SMITH"},{"data":"Seek","floor":25,"key":"SMITH"},{"data":"White Noise","floor":32,"key":"SMITH"}],"neow_cost":"NONE","seed_source_timestamp":4842830648836,"circlet_count":0,"master_deck":["AscendersBane","Zap+1","Dualcast+1","Ball Lightning","Ball Lightning","Amplify","Defragment+1","Auto Shields","Seek","Defragment","Seek+1","Recycle+1","Aggregate","Leap","Writhe","Glacier","Auto Shields","Creative AI","Conserve Battery","Bite","Bite","Bite","Bite","Bite","Glacier","White Noise+1"],"relics":["Cracked Core","NeowsBlessing","Anchor","Dead Branch","Mercury Hourglass","Pandora\u0027s Box","Juzu Bracelet","Omamori","Strawberry","Bronze Scales","The Courier"],"potions_floor_usage":[6,16,24,28,33],"damage_taken":[{"damage":0,"enemies":"2 Louse","floor":1,"turns":1},{"damage":0,"enemies":"Cultist","floor":2,"turns":1},{"damage":0,"enemies":"Jaw Worm","floor":4,"turns":1},{"damage":30,"enemies":"Lagavulin","floor":6,"turns":5},{"damage":32,"enemies":"Gremlin Nob","floor":8,"turns":4},{"damage":18,"enemies":"Slime Boss","floor":16,"turns":6},{"damage":34,"enemies":"2 Thieves","floor":18,"turns":3},{"damage":6,"enemies":"Chosen","floor":21,"turns":5},{"damage":0,"enemies":"Gremlin Leader","floor":24,"turns":6},{"damage":4,"enemies":"Centurion and Healer","floor":28,"turns":8},{"damage":20,"enemies":"Shelled Parasite and Fungi","floor":30,"turns":10},{"damage":0,"enemies":"Cultist and Chosen","floor":31,"turns":6},{"damage":22,"enemies":"Collector","floor":33,"turns":3}],"seed_played":"6778692689079066522","potions_obtained":[{"floor":2,"key":"FearPotion"},{"floor":6,"key":"Strength Potion"},{"floor":18,"key":"Swift Potion"},{"floor":24,"key":"EssenceOfSteel"},{"floor":31,"key":"Weak Potion"}],"is_trial":false,"path_per_floor":["M","M","?","M","$","E","R","E","T","R","?","R","?","$","R","B",null,"M","?","T","M","?","R","E","R","T","?","M","?","M","M","R","B"],"character_chosen":"DEFECT","items_purchased":["Defragment"],"campfire_rested":1,"item_purchase_floors":[5],"current_hp_per_floor":[68,68,68,68,68,38,38,6,6,28,28,28,28,28,28,10,59,25,25,25,19,19,19,26,26,26,26,22,22,14,22,22,0],"gold":172,"neow_bonus":"THREE_ENEMY_KILL","is_prod":false,"is_daily":false,"chose_seed":false,"campfire_upgraded":6,"win_rate":0,"timestamp":1550682258,"path_taken":["M","M","?","?","$","E","R","E","T","R","?","R","?","?","R","BOSS","M","?","?","M","?","R","E","R","T","?","M","?","M","M","R","BOSS"],"build_version":"2019-02-06","purchased_purges":1,"victory":false,"max_hp_per_floor":[75,75,75,75,75,75,75,75,75,75,75,75,75,75,75,75,75,75,75,75,75,75,75,82,82,82,82,82,57,57,57,57,57],"card_choices":[{"not_picked":["Rebound","Turbo"],"picked":"Ball Lightning","floor":1},{"not_picked":["Lockon","Blizzard"],"picked":"Ball Lightning","floor":2},{"not_picked":["Ball Lightning","Steam Power"],"picked":"Sunder","floor":4},{"not_picked":["Fusion","Beam Cell"],"picked":"Auto Shields","floor":6},{"not_picked":["Melter","Heatsinks","Aggregate"],"picked":"SKIP","floor":8},{"not_picked":["Machine Learning","Multi-Cast"],"picked":"Seek","floor":16},{"not_picked":["Tempest","Gash+1"],"picked":"Leap","floor":18},{"not_picked":["Leap+1","Ball Lightning"],"picked":"Glacier","floor":21},{"not_picked":["Rebound+1","Go for the Eyes","Reprogram"],"picked":"SKIP","floor":24},{"not_picked":["Streamline","Hello World+1"],"picked":"Conserve Battery","floor":28},{"not_picked":["Turbo","Leap+1"],"picked":"Glacier","floor":30},{"not_picked":["Fission","Gash"],"picked":"White Noise","floor":31}],"player_experience":400236,"relics_obtained":[{"floor":6,"key":"Anchor"},{"floor":8,"key":"Dead Branch"},{"floor":9,"key":"Mercury Hourglass"},{"floor":20,"key":"Omamori"},{"floor":24,"key":"Strawberry"},{"floor":26,"key":"Bronze Scales"}],"event_choices":[{"damage_healed":0,"gold_gain":0,"cards_transformed":["Strike_B"],"player_choice":"Transformed","damage_taken":0,"max_hp_gain":0,"max_hp_loss":0,"event_name":"Transmorgrifier","floor":3,"gold_loss":0,"cards_obtained":["Amplify"]},{"damage_healed":0,"gold_gain":0,"cards_transformed":["Strike_B"],"player_choice":"Change","damage_taken":0,"max_hp_gain":0,"max_hp_loss":0,"event_name":"Living Wall","floor":11,"gold_loss":0,"cards_obtained":["Streamline"]},{"cards_removed":["Strike_B"],"damage_healed":0,"gold_gain":0,"player_choice":"Card Removal","damage_taken":0,"max_hp_gain":0,"max_hp_loss":0,"event_name":"The Cleric","floor":13,"gold_loss":50},{"damage_healed":0,"gold_gain":0,"player_choice":"Opened","damage_taken":0,"relics_obtained":["Juzu Bracelet"],"max_hp_gain":0,"max_hp_loss":0,"event_name":"The Mausoleum","floor":19,"gold_loss":0,"cards_obtained":["Writhe"]},{"damage_healed":0,"gold_gain":0,"cards_transformed":["Streamline","Sunder"],"player_choice":"Became Test Subject","damage_taken":0,"max_hp_gain":0,"max_hp_loss":0,"event_name":"Drug Dealer","floor":22,"gold_loss":0,"cards_obtained":["Auto Shields","Creative AI"]},{"damage_healed":0,"gold_gain":0,"player_choice":"Obtained Relic","damage_taken":0,"relics_obtained":["The Courier"],"max_hp_gain":0,"max_hp_loss":0,"event_name":"Addict","floor":27,"gold_loss":85},{"damage_healed":0,"gold_gain":0,"player_choice":"Became a vampire","damage_taken":0,"max_hp_gain":0,"max_hp_loss":25,"event_name":"Vampires","floor":29,"gold_loss":0,"cards_obtained":["Bite","Bite","Bite","Bite","Bite"]}],"is_beta":true,"boss_relics":[{"not_picked":["Fusion Hammer","Runic Pyramid"],"picked":"Pandora\u0027s Box"}],"items_purged_floors":[5],"is_endless":false,"potions_floor_spawned":[2,6,18,24,31],"killed_by":"Collector","ascension_level":13}