{"gold_per_floor":[214,214,214,214,214,214,214,229,229,229,229,229,272,295,295,295],"floor_reached":16,"playtime":314,"items_purged":[],"score":192,"play_id":"2eb42e58-25ca-47b6-8501-eb35d972ae5b","local_time":"20181111141912","is_ascension_mode":true,"campfire_choices":[{"floor":6,"key":"REST"},{"data":"Hologram","floor":10,"key":"SMITH"},{"data":"Zap","floor":12,"key":"SMITH"},{"data":"Dualcast","floor":15,"key":"SMITH"}],"neow_cost":"NONE","seed_source_timestamp":711021225820732,"circlet_count":0,"master_deck":["AscendersBane","Strike_B","Strike_B","Strike_B","Defend_B","Defend_B","Defend_B","Defend_B","Zap+1","Dualcast+1","FTL","Hologram+1","White Noise","BootSequence"],"relics":["Cracked Core","Golden Idol","Symbiotic Virus","Turnip","Vajra"],"potions_floor_usage":[13,16],"damage_taken":[{"damage":1,"enemies":"Cultist","floor":1,"turns":3},{"damage":2,"enemies":"Small Slimes","floor":8,"turns":3},{"damage":15,"enemies":"3 Sentries","floor":13,"turns":6},{"damage":7,"enemies":"Jaw Worm","floor":14,"turns":3},{"damage":19,"enemies":"Slime Boss","floor":16,"turns":6}],"seed_played":"6489110389272833679","potions_obtained":[{"floor":7,"key":"SpeedPotion"},{"floor":7,"key":"Strength Potion"}],"is_trial":false,"path_per_floor":["M","$","?","?","?","R","?","M","T","R","$","R","E","M","R","B"],"character_chosen":"DEFECT","items_purchased":[],"campfire_rested":1,"item_purchase_floors":[],"current_hp_per_floor":[63,63,56,32,14,35,35,33,33,33,33,33,18,11,11,0],"gold":295,"neow_bonus":"HUNDRED_GOLD","is_prod":false,"is_daily":false,"chose_seed":false,"campfire_upgraded":3,"win_rate":0,"timestamp":1541963952,"path_taken":["M","$","?","?","?","R","?","?","T","R","$","R","E","M","R","BOSS"],"build_version":"2018-11-08","purchased_purges":0,"victory":false,"max_hp_per_floor":[71,71,71,71,71,71,71,71,71,71,71,71,71,71,71,71],"card_choices":[{"not_picked":["Rebound","Beam Cell"],"picked":"FTL","floor":1},{"not_picked":["Stack","Storm"],"picked":"Hologram","floor":8},{"not_picked":["Conserve Battery","Reinforced Body"],"picked":"White Noise","floor":13},{"not_picked":["Beam Cell","Static Discharge"],"picked":"BootSequence","floor":14}],"player_experience":865624,"relics_obtained":[{"floor":9,"key":"Turnip"},{"floor":13,"key":"Vajra"}],"event_choices":[{"cards_removed":["Strike_B"],"damage_healed":0,"gold_gain":0,"player_choice":"Card Removal","damage_taken":7,"max_hp_gain":0,"max_hp_loss":0,"event_name":"Golden Wing","floor":3,"gold_loss":0},{"damage_healed":0,"gold_gain":0,"player_choice":"Take Damage","damage_taken":24,"relics_obtained":["Golden Idol"],"max_hp_gain":0,"max_hp_loss":0,"event_name":"Golden Idol","floor":4,"gold_loss":0},{"damage_healed":0,"gold_gain":0,"player_choice":"Success","damage_taken":18,"relics_obtained":["Symbiotic Virus"],"max_hp_gain":0,"max_hp_loss":0,"event_name":"Scrap Ooze","floor":5,"gold_loss":0},{"damage_healed":0,"gold_gain":0,"player_choice":"Got Potions","damage_taken":0,"max_hp_gain":0,"max_hp_loss":0,"event_name":"Lab","floor":7,"gold_loss":0}],"is_beta":true,"boss_relics":[],"items_purged_floors":[],"is_endless":false,"potions_floor_spawned":[8],"killed_by":"Slime Boss","ascension_level":20}