{"gold_per_floor":[218,23,36,50,64,64,75,75,75,91,104,104,104,104,104,104],"floor_reached":16,"playtime":452,"items_purged":[],"score":94,"play_id":"3e7a3b77-9d4f-4582-bec0-71bef05256e2","local_time":"20190203040305","is_ascension_mode":false,"campfire_choices":[{"data":"Bash","floor":6,"key":"SMITH"},{"data":"Defend_R","floor":13,"key":"SMITH"},{"data":"Defend_R","floor":15,"key":"SMITH"}],"neow_cost":"NONE","seed_source_timestamp":594441708446291,"circlet_count":0,"master_deck":["Strike_R","Strike_R","Strike_R","Strike_R","Strike_R","Defend_R","Defend_R","Defend_R+1","Defend_R+1","Bash+1","Clothesline+1"],"relics":["Burning Blood","Toy Ornithopter","Self Forming Clay","Golden Idol","Frozen Egg 2"],"potions_floor_usage":[5,11],"damage_taken":[{"damage":5,"enemies":"Cultist","floor":1,"turns":4},{"damage":6,"enemies":"Jaw Worm","floor":3,"turns":4},{"damage":0,"enemies":"Small Slimes","floor":4,"turns":3},{"damage":3,"enemies":"Blue Slaver","floor":5,"turns":5},{"damage":12,"enemies":"2 Fungi Beasts","floor":7,"turns":4},{"damage":3,"enemies":"Red Slaver","floor":10,"turns":5},{"damage":7,"enemies":"3 Louse","floor":11,"turns":4},{"damage":61,"enemies":"Hexaghost","floor":16,"turns":15}],"seed_played":"282058115437183727","potions_obtained":[{"floor":1,"key":"EssenceOfSteel"},{"floor":10,"key":"AttackPotion"}],"is_trial":false,"path_per_floor":["M","$","M","M","M","R","M","?","T","M","M","?","R","T","R","B"],"character_chosen":"IRONCLAD","items_purchased":["Toy Ornithopter"],"campfire_rested":0,"item_purchase_floors":[2],"current_hp_per_floor":[80,80,80,80,80,80,74,74,74,77,79,59,59,59,59,0],"gold":104,"neow_bonus":"HUNDRED_GOLD","is_prod":false,"is_daily":false,"chose_seed":false,"campfire_upgraded":3,"win_rate":0,"timestamp":1549195385,"path_taken":["M","$","M","?","M","R","?","?","T","M","?","?","R","?","R","BOSS"],"build_version":"2019-01-23","purchased_purges":0,"victory":false,"max_hp_per_floor":[80,80,80,80,80,80,80,80,80,80,80,80,80,80,80,80],"card_choices":[{"not_picked":["Shockwave","Havoc","Combust"],"picked":"SKIP","floor":1},{"not_picked":["Reckless Charge","Body Slam","Infernal Blade"],"picked":"SKIP","floor":3},{"not_picked":["Entrench","True Grit","Perfected Strike"],"picked":"SKIP","floor":4},{"not_picked":["Pommel Strike","Ghostly Armor","Hemokinesis"],"picked":"SKIP","floor":5},{"not_picked":["Ghostly Armor","Feel No Pain"],"picked":"Clothesline","floor":7},{"not_picked":["Headbutt","Searing Blow","Whirlwind"],"picked":"SKIP","floor":10},{"not_picked":["Entrench","Clash","True Grit"],"picked":"SKIP","floor":11}],"player_experience":232220,"relics_obtained":[{"floor":9,"key":"Self Forming Clay"},{"floor":14,"key":"Frozen Egg 2"}],"event_choices":[{"damage_healed":0,"gold_gain":0,"player_choice":"Forge","damage_taken":0,"max_hp_gain":0,"max_hp_loss":0,"event_name":"Accursed Blacksmith","floor":8,"gold_loss":0,"cards_upgraded":["Clothesline"]},{"damage_healed":0,"gold_gain":0,"player_choice":"Take Damage","damage_taken":20,"relics_obtained":["Golden Idol"],"max_hp_gain":0,"max_hp_loss":0,"event_name":"Golden Idol","floor":12,"gold_loss":0}],"is_beta":false,"boss_relics":[],"items_purged_floors":[],"is_endless":false,"potions_floor_spawned":[1,10],"killed_by":"Hexaghost","ascension_level":0}