{"path_per_floor":["M","M","M","M","M","R","E","R","T","R","$","R","E","M","R","B",null,"M","?","$","?","M","E","R","M","T","E","M","R","M","?","R","B",null,"M","$","?","?","?","R","?","R","T","M","M","R","$","M","R","B"],"character_chosen":"IRONCLAD","items_purchased":["Blood Vial","Pommel Strike","Bag of Marbles","Evolve","Lee\u0027s Waffle","Offering"],"gold_per_floor":[111,129,148,167,185,185,217,217,217,217,25,25,58,75,75,176,176,189,189,38,38,51,81,81,97,97,126,140,140,159,159,159,256,256,275,9,0,51,51,51,51,51,51,71,91,91,13,29,29,29],"floor_reached":51,"campfire_rested":2,"playtime":2850,"current_hp_per_floor":[67,68,72,71,62,62,24,24,24,24,24,45,39,43,43,45,72,72,57,57,57,66,70,70,72,72,76,77,77,77,77,77,70,77,75,84,84,60,60,60,50,50,50,45,49,49,49,42,67,10],"items_purged":[],"gold":29,"play_id":"d5ad44ff-505f-4fc7-a287-f5d44d182246","is_prod":false,"is_daily":false,"is_ascension_mode":true,"campfire_upgraded":10,"path_taken":["M","M","M","M","M","R","E","R","T","R","?","R","E","M","R","BOSS","M","?","$","?","?","E","R","?","T","E","M","R","?","?","R","BOSS","M","$","?","?","?","R","?","R","T","M","M","R","?","?","R","BOSS"],"build_version":"2018-01-25-PROD3","purchased_purges":0,"victory":true,"master_deck":["Strike_R","Strike_R","Strike_R","Strike_R","Defend_R","Defend_R","Defend_R","Bash","Perfected Strike","Pommel Strike","Searing Blow+10","Twin Strike","Pommel Strike","Wild Strike","Offering+1","Perfected Strike+1","Wild Strike+1","Perfected Strike","Offering","Wild Strike+1","Evolve","Madness","Madness","Flex+1","Offering","Warcry+1"],"max_hp_per_floor":[72,72,72,72,72,72,72,72,72,72,72,72,72,72,72,72,72,72,77,77,77,77,77,77,77,77,77,77,77,77,77,77,77,77,77,84,84,84,84,84,84,84,84,84,84,84,84,84,84,84],"relics":["Burning Blood","Charon\u0027s Ashes","Du-Vu Doll","Blood Vial","Orichalcum","Velvet Choker","Bag of Marbles","Gremlin Horn","Bottled Lightning","Toxic Egg","Runic Dome","Lee\u0027s Waffle","Red Mask","Shovel","Peace Pipe"],"card_choices":[{"not_picked":["Clothesline","Headbutt"],"picked":"Pommel Strike"},{"not_picked":["Flex","Headbutt"],"picked":"Searing Blow"},{"not_picked":["Heavy Blade","Anger"],"picked":"Twin Strike"},{"not_picked":["Fire Breathing","Battle Trance"],"picked":"Wild Strike"},{"not_picked":["Limit Break","Feed"],"picked":"Offering"},{"not_picked":["Immolate","Body Slam"],"picked":"Perfected Strike"},{"not_picked":["Feel No Pain","Iron Wave"],"picked":"Wild Strike"},{"not_picked":["Wild Strike","Flame Barrier"],"picked":"Perfected Strike"},{"not_picked":["Bludgeon","Immolate"],"picked":"Offering"},{"not_picked":["Anger","Clothesline"],"picked":"Wild Strike"},{"not_picked":["Rupture","Bloodletting"],"picked":"Flex"},{"not_picked":["Heavy Blade","Iron Wave"],"picked":"Warcry"}],"player_experience":139977,"potions_floor_usage":[7,13,22,33,50,50,50],"damage_taken":[{"damage":11,"enemies":"Blue Slaver","floor":1,"turns":4},{"damage":5,"enemies":"Small Slimes","floor":2,"turns":3},{"damage":0,"enemies":"2 Louse","floor":3,"turns":2},{"damage":7,"enemies":"Exordium Wildlife","floor":4,"turns":3},{"damage":15,"enemies":"Large Slime","floor":5,"turns":6},{"damage":44,"enemies":"3 Sentries","floor":7,"turns":6},{"damage":14,"enemies":"Lagavulin","floor":13,"turns":5},{"damage":4,"enemies":"2 Fungi Beasts","floor":14,"turns":2},{"damage":6,"enemies":"Slime Boss","floor":16,"turns":5},{"damage":4,"enemies":"Spheric Guardian","floor":18,"turns":2},{"damage":5,"enemies":"Shell Parasite","floor":22,"turns":3},{"damage":4,"enemies":"Gremlin Leader","floor":23,"turns":3},{"damage":6,"enemies":"Centurion and Healer","floor":25,"turns":3},{"damage":4,"enemies":"Slavers","floor":27,"turns":1},{"damage":4,"enemies":"Slaver and Parasite","floor":28,"turns":1},{"damage":4,"enemies":"Chosen and Byrds","floor":30,"turns":1},{"damage":13,"enemies":"Champ","floor":33,"turns":5},{"damage":8,"enemies":"Orb Walker","floor":35,"turns":1},{"damage":30,"enemies":"Mysterious Sphere","floor":38,"turns":2},{"damage":13,"enemies":"3 Shapes","floor":44,"turns":2},{"damage":4,"enemies":"Maw","floor":45,"turns":3},{"damage":15,"enemies":"4 Shapes","floor":48,"turns":2},{"damage":65,"enemies":"Donu and Deca","floor":50,"turns":6}],"event_choices":[{"event_name":"Forgotten Altar","player_choice":"Shed Blood","floor":19,"damage_taken":0},{"event_name":"Cursed Tome","player_choice":"Ignored","floor":21,"damage_taken":0},{"event_name":"The Woman in Blue","player_choice":"Bought 0 Potions","floor":31,"damage_taken":0},{"event_name":"Tomb of Lord Red Mask","player_choice":"Paid","floor":37,"damage_taken":0},{"event_name":"Mysterious Sphere","player_choice":"Fight","floor":38,"damage_taken":0},{"event_name":"Winding Halls","player_choice":"Embrace Madness","floor":41,"damage_taken":0}],"boss_relics":[{"not_picked":["Black Blood","Question Card"],"picked":"Velvet Choker"},{"not_picked":["Lizard Tail","Pandora\u0027s Box"],"picked":"Runic Dome"}],"potions_floor_spawned":[4,7,13,16,18,27,28,45],"seed_played":"1897291851254824901","ascension_level":1,"is_trial":false}