{"gold_per_floor":[115,115,115,126,136,136,166,166,166,10,10,10,22,22,22,127,127,142,142,161,161,180,205,205,205,205,205,220,255,269,284,284,385,385,397,452,452,452],"floor_reached":38,"playtime":1740,"items_purged":[],"score":500,"play_id":"b74961dd-c276-4d60-864d-a643a311f96f","local_time":"20190306040030","is_ascension_mode":true,"campfire_choices":[{"data":"Noxious Fumes","floor":6,"key":"SMITH"},{"data":"Dagger Spray","floor":11,"key":"SMITH"},{"data":"Crippling Poison","floor":15,"key":"SMITH"},{"floor":24,"key":"REST"},{"floor":32,"key":"REST"}],"neow_cost":"NONE","seed_source_timestamp":42372334360570,"circlet_count":0,"master_deck":["Defend_G","Defend_G","Defend_G","Defend_G","Defend_G","Strike_G","Survivor","Neutralize","Dagger Spray+1","Deadly Poison+1","Noxious Fumes+1","Crippling Poison+1","Envenom","Leg Sweep","Ghostly","Ghostly","Ghostly","Ghostly","Ghostly","Concentrate","Heel Hook","Dash","Corpse Explosion"],"relics":["Ring of the Snake","Tiny Chest","Pen Nib","Singing Bowl","Orichalcum","HoveringKite","FossilizedHelix","Torii","Dodecahedron","Darkstone Periapt","Empty Cage","Dead Branch","Unceasing Top"],"potions_floor_usage":[13,16,22,22,29,29,29,36,36,38],"damage_taken":[{"damage":0,"enemies":"Jaw Worm","floor":1,"turns":4},{"damage":0,"enemies":"Cultist","floor":4,"turns":3},{"damage":0,"enemies":"2 Louse","floor":5,"turns":4},{"damage":2,"enemies":"Large Slime","floor":13,"turns":4},{"damage":17,"enemies":"The Guardian","floor":16,"turns":8},{"damage":7,"enemies":"Chosen","floor":18,"turns":5},{"damage":0,"enemies":"Spheric Guardian","floor":20,"turns":5},{"damage":0,"enemies":"Cultist and Chosen","floor":22,"turns":6},{"damage":16,"enemies":"Book of Stabbing","floor":23,"turns":7},{"damage":0,"enemies":"3 Cultists","floor":28,"turns":4},{"damage":18,"enemies":"Gremlin Leader","floor":29,"turns":8},{"damage":0,"enemies":"Centurion and Healer","floor":30,"turns":6},{"damage":10,"enemies":"Snecko","floor":31,"turns":8},{"damage":0,"enemies":"Collector","floor":33,"turns":9},{"damage":13,"enemies":"3 Shapes","floor":35,"turns":4},{"damage":36,"enemies":"2 Orb Walkers","floor":36,"turns":6},{"damage":12,"enemies":"3 Darklings","floor":38,"turns":2}],"seed_played":"7488227256465995989","potions_obtained":[{"floor":5,"key":"Swift Potion"},{"floor":13,"key":"Explosive Potion"},{"floor":16,"key":"EntropicBrew"},{"floor":28,"key":"EssenceOfSteel"},{"floor":29,"key":"SpeedPotion"},{"floor":33,"key":"FearPotion"},{"floor":36,"key":"Dexterity Potion"}],"is_trial":false,"path_per_floor":["M","$","?","M","M","R","?","T","T","$","R","T","M","?","R","B",null,"M","?","M","?","M","E","R","?","T","T","M","E","M","M","R","B",null,"M","?","?","M"],"character_chosen":"THE_SILENT","items_purchased":["Orichalcum"],"campfire_rested":2,"item_purchase_floors":[10],"current_hp_per_floor":[70,70,70,70,70,70,52,52,52,52,52,52,50,55,55,38,75,68,37,39,34,36,22,36,36,36,36,36,20,22,14,30,30,54,43,9,9,0],"gold":452,"neow_bonus":"THREE_CARDS","is_prod":false,"is_daily":false,"chose_seed":false,"campfire_upgraded":3,"win_rate":0,"timestamp":1551873630,"path_taken":["M","$","?","?","M","R","?","?","T","$","R","?","M","?","R","BOSS","M","?","M","?","M","E","R","?","T","?","M","E","?","M","R","BOSS","M","?","?","M"],"build_version":"2019-01-23","purchased_purges":0,"victory":false,"max_hp_per_floor":[70,70,70,70,70,70,70,70,70,70,70,70,70,75,75,75,75,75,37,39,44,46,48,48,48,48,48,48,50,52,54,54,54,54,56,58,58,58],"card_choices":[{"not_picked":["Sucker Punch","Blade Dance"],"picked":"Dagger Spray","floor":0},{"not_picked":["Prepared","Poisoned Stab"],"picked":"Deadly Poison","floor":1},{"not_picked":["Escape Plan","Acrobatics","Sucker Punch"],"picked":"SKIP","floor":4},{"not_picked":["Escape Plan","Accuracy"],"picked":"Noxious Fumes","floor":5},{"not_picked":["Unload","Quick Slash"],"picked":"Crippling Poison","floor":13},{"not_picked":["Wraith Form v2","Storm of Steel"],"picked":"Envenom","floor":16},{"not_picked":["Flying Knee","PiercingWail"],"picked":"Leg Sweep","floor":18},{"not_picked":["Accuracy","All Out Attack","Predator+1"],"picked":"Singing Bowl","floor":20},{"not_picked":["Slice+1","Dagger Throw","Underhanded Strike"],"picked":"Singing Bowl","floor":22},{"not_picked":["Blade Dance+1","Caltrops+1","Venomology"],"picked":"Singing Bowl","floor":23},{"not_picked":["Calculated Gamble","Distraction"],"picked":"Dash","floor":28},{"not_picked":["Calculated Gamble+1","Flechettes","Bane"],"picked":"Singing Bowl","floor":29},{"not_picked":["Blade Dance","Underhanded Strike+1","Outmaneuver"],"picked":"Singing Bowl","floor":30},{"not_picked":["Finisher","Bane","Well Laid Plans"],"picked":"Singing Bowl","floor":31},{"not_picked":["Glass Knife","Bullet Time"],"picked":"Corpse Explosion","floor":33},{"not_picked":["Dodge and Roll+1","Slice+1","Distraction+1"],"picked":"Singing Bowl","floor":35},{"not_picked":["Caltrops","Reflex+1","Prepared+1"],"picked":"Singing Bowl","floor":36}],"player_experience":306793,"relics_obtained":[{"floor":8,"key":"Pen Nib"},{"floor":9,"key":"Singing Bowl"},{"floor":23,"key":"FossilizedHelix"},{"floor":26,"key":"Torii"},{"floor":27,"key":"Dodecahedron"},{"floor":29,"key":"Darkstone Periapt"},{"floor":36,"key":"Dead Branch"},{"floor":37,"key":"Unceasing Top"}],"event_choices":[{"damage_healed":0,"gold_gain":0,"player_choice":"Upgraded","damage_taken":0,"max_hp_gain":0,"max_hp_loss":0,"event_name":"Upgrade Shrine","floor":3,"gold_loss":0,"cards_upgraded":["Deadly Poison"]},{"damage_healed":0,"gold_gain":0,"player_choice":"Success","damage_taken":18,"relics_obtained":["Tiny Chest"],"max_hp_gain":0,"max_hp_loss":0,"event_name":"Scrap Ooze","floor":7,"gold_loss":0},{"damage_healed":0,"gold_gain":0,"player_choice":"Donut","damage_taken":0,"max_hp_gain":5,"max_hp_loss":0,"event_name":"Big Fish","floor":14,"gold_loss":0},{"damage_healed":0,"gold_gain":0,"player_choice":"Became a Ghost","damage_taken":0,"max_hp_gain":0,"max_hp_loss":38,"event_name":"Ghosts","floor":19,"gold_loss":0,"cards_obtained":["Ghostly","Ghostly","Ghostly","Ghostly","Ghostly"]},{"damage_healed":0,"gold_gain":0,"player_choice":"Shed Blood","damage_taken":10,"max_hp_gain":5,"max_hp_loss":0,"event_name":"Forgotten Altar","floor":21,"gold_loss":0},{"damage_healed":0,"gold_gain":0,"cards_transformed":["Strike_G","Strike_G"],"player_choice":"Became Test Subject","damage_taken":0,"max_hp_gain":0,"max_hp_loss":0,"event_name":"Drug Dealer","floor":25,"gold_loss":0,"cards_obtained":["Concentrate","Heel Hook"]},{"damage_healed":0,"gold_gain":0,"player_choice":"Fight","damage_taken":0,"max_hp_gain":0,"max_hp_loss":0,"event_name":"Mysterious Sphere","floor":36,"gold_loss":0},{"damage_healed":0,"gold_gain":0,"player_choice":"Relic","damage_taken":0,"max_hp_gain":0,"max_hp_loss":0,"event_name":"Wheel of Change","floor":37,"gold_loss":0}],"is_beta":false,"boss_relics":[{"not_picked":["Cursed Key","Philosopher\u0027s Stone"],"picked":"HoveringKite"},{"not_picked":["Busted Crown","Fusion Hammer"],"picked":"Empty Cage"}],"items_purged_floors":[],"is_endless":false,"potions_floor_spawned":[5,13,16,28,29,33,36],"killed_by":"3 Darklings","ascension_level":1}