{"gold_per_floor":[115,190,210,385,397,397,424,424,424,450,466,466,480,497,497,592,592,609,619,619,619,619],"floor_reached":22,"playtime":1343,"items_purged":[],"score":225,"play_id":"fb5127b8-442f-40a9-adfe-abcbb0c2d193","local_time":"20190319021924","is_ascension_mode":true,"campfire_choices":[{"data":"Neutralize","floor":6.0,"key":"SMITH"},{"floor":8,"key":"REST"},{"floor":12,"key":"REST"},{"data":"Bouncing Flask","floor":15,"key":"SMITH"}],"neow_cost":"NONE","seed_source_timestamp":37865220351400,"circlet_count":0,"master_deck":["Defend_G","Defend_G","Defend_G","Defend_G","Defend_G","Strike_G","Strike_G","Strike_G","Strike_G","Strike_G","Survivor","Neutralize+1","Footwork","Backflip","Doubt","Bouncing Flask+1","Deadly Poison","Dagger Spray","Deadly Poison","Catalyst","Deflect","Wraith Form v2","Poisoned Stab","Bane"],"special_seed":0,"relics":["Ring of the Snake","Oddly Smooth Stone","Gremlin Horn","Happy Flower","Orichalcum","Philosopher\u0027s Stone","Omamori"],"potions_floor_usage":[7,22],"damage_taken":[{"damage":7.0,"enemies":"2 Louse","floor":1.0,"turns":3.0},{"damage":0.0,"enemies":"Jaw Worm","floor":3.0,"turns":6.0},{"damage":1.0,"enemies":"Small Slimes","floor":5.0,"turns":4.0},{"damage":36,"enemies":"3 Sentries","floor":7,"turns":11},{"damage":16,"enemies":"Gremlin Nob","floor":10,"turns":5},{"damage":5,"enemies":"Exordium Wildlife","floor":11,"turns":5},{"damage":0,"enemies":"3 Louse","floor":13,"turns":4},{"damage":3,"enemies":"2 Fungi Beasts","floor":14,"turns":3},{"damage":15,"enemies":"Slime Boss","floor":16,"turns":13},{"damage":0,"enemies":"Chosen","floor":18,"turns":5},{"damage":18,"enemies":"Spheric Guardian","floor":19,"turns":4},{"damage":63,"enemies":"Cultist and Chosen","floor":22,"turns":4}],"seed_played":"-724599255065957206","potions_obtained":[{"floor":1.0,"key":"SteroidPotion"},{"floor":5.0,"key":"AttackPotion"},{"floor":14,"key":"FearPotion"},{"floor":16,"key":"AttackPotion"}],"is_trial":false,"path_per_floor":["M","?","M","?","M","R","E","R","T","E","M","R","M","M","R","B",null,"M","M","?","?","M"],"character_chosen":"THE_SILENT","items_purchased":[],"campfire_rested":2,"item_purchase_floors":[],"current_hp_per_floor":[63,52,52,52,51,51,15,36,36,20,15,36,36,33,33,18,70,70,52,39,39,0],"gold":619,"neow_bonus":"RANDOM_COMMON_RELIC","is_prod":false,"is_daily":false,"chose_seed":false,"campfire_upgraded":2,"win_rate":0,"timestamp":1552942164,"path_taken":["M","?","M","?","?","R","E","R","T","E","M","R","M","M","R","BOSS","M","M","?","?","M"],"build_version":"2019-01-23","purchased_purges":0,"victory":false,"max_hp_per_floor":[70,70,70,70,70,70,70,70,70,70,70,70,70,70,70,70,70,70,70,75,75,75],"card_choices":[{"not_picked":["Catalyst","Escape Plan"],"picked":"Footwork","floor":1.0},{"not_picked":["Prepared","Escape Plan"],"picked":"Backflip","floor":3.0},{"not_picked":["Bane","Sucker Punch"],"picked":"Bouncing Flask","floor":5.0},{"not_picked":["Blur","Bane"],"picked":"Deadly Poison","floor":7},{"not_picked":["Tools of the Trade","Sucker Punch"],"picked":"Dagger Spray","floor":10},{"not_picked":["Deflect","Poisoned Stab"],"picked":"Deadly Poison","floor":11},{"not_picked":["Sucker Punch","Slice"],"picked":"Catalyst","floor":13},{"not_picked":["Skewer","Blade Dance"],"picked":"Deflect","floor":14},{"not_picked":["Tools of the Trade","Night Terror"],"picked":"Wraith Form v2","floor":16},{"not_picked":["Accuracy","Blade Dance"],"picked":"Poisoned Stab","floor":18},{"not_picked":["Dagger Throw","Underhanded Strike"],"picked":"Bane","floor":19}],"player_experience":68645,"relics_obtained":[{"floor":7,"key":"Gremlin Horn"},{"floor":9,"key":"Happy Flower"},{"floor":10,"key":"Orichalcum"}],"event_choices":[{"damage_healed":0.0,"max_hp_gain":0.0,"max_hp_loss":0.0,"gold_gain":75.0,"event_name":"World of Goop","player_choice":"Gather Gold","floor":2.0,"gold_loss":0.0,"damage_taken":11.0},{"damage_healed":0.0,"max_hp_gain":0.0,"max_hp_loss":0.0,"gold_gain":175.0,"event_name":"Liars Game","player_choice":"AGREE","floor":4.0,"gold_loss":0.0,"damage_taken":0.0,"cards_obtained":["Doubt"]},{"damage_healed":0,"gold_gain":0,"player_choice":"Shed Blood","damage_taken":18,"max_hp_gain":5,"max_hp_loss":0,"event_name":"Forgotten Altar","floor":20,"gold_loss":0},{"damage_healed":0,"gold_gain":0,"player_choice":"Opened","damage_taken":0,"relics_obtained":["Omamori"],"max_hp_gain":0,"max_hp_loss":0,"event_name":"The Mausoleum","floor":21,"gold_loss":0}],"is_beta":false,"boss_relics":[{"not_picked":["Ectoplasm","HoveringKite"],"picked":"Philosopher\u0027s Stone"}],"items_purged_floors":[],"is_endless":false,"potions_floor_spawned":[1,5,14,16],"killed_by":"Cultist and Chosen","ascension_level":3}