{"gold_per_floor":[368,385,3,18,35,35,70,93,105,117,145,157,184,211,223,312,324,351,363,375,1,1,1],"floor_reached":23,"playtime":1492,"items_purged":["Strike_B"],"score":367,"play_id":"b1707adc-e777-484c-a5a6-437de3fa0dcc","local_time":"20190318104837","is_ascension_mode":true,"campfire_choices":[{"data":"Glacier","floor":6,"key":"SMITH"},{"data":"Zap","floor":10,"key":"SMITH"},{"data":"Cold Snap","floor":12,"key":"SMITH"},{"floor":15,"key":"REST"}],"neow_cost":"PERCENT_DAMAGE","seed_source_timestamp":6251497640453,"circlet_count":0,"master_deck":["AscendersBane","Strike_B","Defend_B","Defend_B","Defend_B","Zap+1","Dualcast","Leap","Cold Snap+1","Core Surge","Chill","Glacier+1","Core Surge","Glacier","Coolheaded","Sweeping Beam","Electrodynamics","Sunder+1","Gash","Fission","Capacitor"],"relics":["Cracked Core","TheAbacus","MawBank","Dodecahedron","Sozu","Mummified Hand"],"potions_floor_usage":[7,16,23],"damage_taken":[{"damage":0,"enemies":"Small Slimes","floor":1,"turns":3},{"damage":1,"enemies":"Cultist","floor":2,"turns":3},{"damage":0,"enemies":"Jaw Worm","floor":4,"turns":3},{"damage":2,"enemies":"Exordium Thugs","floor":5,"turns":5},{"damage":5,"enemies":"3 Sentries","floor":7,"turns":2},{"damage":0,"enemies":"3 Louse","floor":8,"turns":3},{"damage":0,"enemies":"2 Fungi Beasts","floor":11,"turns":3},{"damage":14,"enemies":"Lots of Slimes","floor":13,"turns":3},{"damage":7,"enemies":"Gremlin Gang","floor":14,"turns":6},{"damage":1,"enemies":"Slime Boss","floor":16,"turns":11},{"damage":9,"enemies":"2 Thieves","floor":18,"turns":4},{"damage":56,"enemies":"Book of Stabbing","floor":23,"turns":8}],"seed_played":"-5898579148654869451","potions_obtained":[{"floor":5,"key":"PowerPotion"},{"floor":7,"key":"SpeedPotion"},{"floor":11,"key":"Ancient Potion"},{"floor":13,"key":"AttackPotion"}],"is_trial":false,"path_per_floor":["M","M","$","M","M","R","E","M","T","R","M","R","M","M","R","B",null,"M","$","?","$","?","E"],"character_chosen":"DEFECT","items_purchased":["Core Surge","TheAbacus","Capacitor","Mummified Hand"],"campfire_rested":1,"item_purchase_floors":[3,3,21,21],"current_hp_per_floor":[46,45,45,45,43,43,38,38,38,38,38,38,24,17,38,37,63,54,54,54,54,54,0],"gold":1,"neow_bonus":"TWO_FIFTY_GOLD","is_prod":false,"is_daily":false,"chose_seed":false,"campfire_upgraded":3,"win_rate":0,"timestamp":1552920517,"path_taken":["M","M","$","M","M","R","E","M","T","R","M","R","M","M","R","BOSS","M","$","?","$","?","E"],"build_version":"2019-03-15","purchased_purges":1,"victory":false,"max_hp_per_floor":[71,71,71,71,71,71,71,71,71,71,71,71,71,71,71,71,71,71,71,71,71,71,71],"card_choices":[{"not_picked":["Stack","Static Discharge"],"picked":"Leap","floor":1},{"not_picked":["Rebound","Hologram"],"picked":"Cold Snap","floor":2},{"not_picked":["Barrage","Melter"],"picked":"Chill","floor":4},{"not_picked":["Conserve Battery","Beam Cell"],"picked":"Glacier","floor":5},{"not_picked":["Barrage","Auto Shields","Double Energy"],"picked":"SKIP","floor":7},{"not_picked":["Melter","Leap"],"picked":"Core Surge","floor":8},{"not_picked":["Barrage","Coolheaded"],"picked":"Glacier","floor":11},{"not_picked":["Storm","Steam"],"picked":"Coolheaded","floor":13},{"not_picked":["Lockon","Reprogram"],"picked":"Sweeping Beam","floor":14},{"not_picked":["Seek","Rainbow"],"picked":"Electrodynamics","floor":16},{"not_picked":["Leap","Turbo"],"picked":"Sunder+1","floor":18}],"player_experience":557181,"relics_obtained":[{"floor":7,"key":"MawBank"},{"floor":9,"key":"Dodecahedron"}],"event_choices":[{"damage_healed":0,"gold_gain":0,"cards_transformed":["Strike_B","Strike_B"],"player_choice":"Became Test Subject","damage_taken":0,"max_hp_gain":0,"max_hp_loss":0,"event_name":"Drug Dealer","floor":20,"gold_loss":0,"cards_obtained":["Gash","Fission"]},{"cards_removed":["Defend_B"],"damage_healed":0,"gold_gain":0,"player_choice":"Purged","damage_taken":0,"max_hp_gain":0,"max_hp_loss":0,"event_name":"Purifier","floor":22,"gold_loss":0}],"is_beta":true,"boss_relics":[{"not_picked":["Black Star","White Beast Statue"],"picked":"Sozu"}],"items_purged_floors":[21],"is_endless":false,"potions_floor_spawned":[5,7,11,13],"killed_by":"Book of Stabbing","ascension_level":18}