{"gold_per_floor":[113,32,32,182,229,241,271,316,405,455,481,493,505,597,609,710,722,752,1039,1069,1101,1113,1166,943,943,943,530,543,543,576,592,592,682,682,705,705,721,781,794,794,835,835,835,835,871,871,218,236,236,236,236],"floor_reached":51,"playtime":2640,"items_purged":["Regret"],"score":1508,"play_id":"27520b83-96bc-4163-986a-9419cb0bed60","local_time":"20190216152218","is_ascension_mode":true,"campfire_choices":[{"data":"Zap","floor":6.0,"key":"SMITH"},{"data":"Go for the Eyes","floor":13.0,"key":"SMITH"},{"data":"Static Discharge","floor":15.0,"key":"SMITH"},{"data":"Ghostly","floor":25.0,"key":"SMITH"},{"data":"Hologram","floor":29.0,"key":"SMITH"},{"data":"Ghostly","floor":32.0,"key":"SMITH"},{"data":"1","floor":40.0,"key":"LIFT"},{"data":"2","floor":42.0,"key":"LIFT"},{"floor":44.0,"key":"RECALL"},{"data":"3","floor":46,"key":"LIFT"},{"floor":49,"key":"REST"}],"neow_cost":"NONE","seed_source_timestamp":248754016527711,"circlet_count":0,"master_deck":["AscendersBane","Strike_B","Strike_B","Strike_B","Strike_B","Defend_B","Defend_B","Defend_B","Defend_B","Zap+1","Dualcast","Conserve Battery","Genetic Algorithm","Doubt","Hologram+1","Cold Snap","Go for the Eyes+1","Static Discharge+1","Seek","Static Discharge","Barrage","Cold Snap","Ghostly+1","Ghostly","Ghostly+1","Hologram+1","Decay","Cold Snap+1","Beam Cell+1","Beam Cell+1","Electrodynamics","Skim","Sweeping Beam+1","Hologram","Apotheosis"],"special_seed":0,"relics":["Cracked Core","NeowsBlessing","Golden Idol","MawBank","Dead Branch","Meat on the Bone","Du-Vu Doll","Pear","Cursed Key","Red Mask","DataDisk","Molten Egg 2","Lee\u0027s Waffle","Art of War","Juzu Bracelet","Busted Crown","Girya","Omamori","Centennial Puzzle","PreservedInsect","Mummified Hand"],"potions_floor_usage":[50],"damage_taken":[{"damage":0.0,"enemies":"Small Slimes","floor":1.0,"turns":1.0},{"damage":0.0,"enemies":"Jaw Worm","floor":7.0,"turns":1.0},{"damage":0.0,"enemies":"Gremlin Nob","floor":8.0,"turns":1.0},{"damage":18.0,"enemies":"Lagavulin","floor":10.0,"turns":9.0},{"damage":0.0,"enemies":"Cultist","floor":11.0,"turns":4.0},{"damage":16.0,"enemies":"Slime Boss","floor":16.0,"turns":7.0},{"damage":21.0,"enemies":"3 Byrds","floor":18.0,"turns":4.0},{"damage":19.0,"enemies":"2 Thieves","floor":20.0,"turns":3.0},{"damage":36.0,"enemies":"Cultist and Chosen","floor":21.0,"turns":6.0},{"damage":0.0,"enemies":"Masked Bandits","floor":23.0,"turns":3.0},{"damage":4.0,"enemies":"Centurion and Healer","floor":28.0,"turns":8.0},{"damage":3.0,"enemies":"Slavers","floor":30.0,"turns":6.0},{"damage":1.0,"enemies":"Shelled Parasite and Fungi","floor":31.0,"turns":4.0},{"damage":31.0,"enemies":"Champ","floor":33.0,"turns":10.0},{"damage":0.0,"enemies":"Orb Walker","floor":35.0,"turns":3.0},{"damage":2.0,"enemies":"3 Shapes","floor":37.0,"turns":5.0},{"damage":10.0,"enemies":"2 Orb Walkers","floor":38.0,"turns":4.0},{"damage":0.0,"enemies":"Transient","floor":39.0,"turns":6.0},{"damage":25.0,"enemies":"Nemesis","floor":41.0,"turns":9.0},{"damage":0,"enemies":"Giant Head","floor":45,"turns":9},{"damage":0,"enemies":"4 Shapes","floor":48,"turns":1},{"damage":32,"enemies":"Awakened One","floor":50,"turns":14},{"damage":26,"enemies":"Donu and Deca","floor":51,"turns":9}],"seed_played":"5411568011250240704","potions_obtained":[{"floor":10.0,"key":"Strength Potion"},{"floor":20.0,"key":"Swift Potion"},{"floor":23.0,"key":"EntropicBrew"},{"floor":33.0,"key":"Swift Potion"},{"floor":35.0,"key":"SmokeBomb"},{"floor":45,"key":"PowerPotion"}],"is_trial":false,"path_per_floor":["M","$","?","?","T","R","M","E","T","E","M","$","R","T","R","B",null,"M","?","M","M","?","?","$","R","T","$","M","R","E","M","R","B",null,"M","?","M","?","M","R","E","R","T","R","E","R","$","M","R","B","B"],"character_chosen":"DEFECT","items_purchased":["Genetic Algorithm","DataDisk","Lee\u0027s Waffle","Cold Snap+1","Art of War","PreservedInsect","Apotheosis","Mummified Hand"],"campfire_rested":1,"item_purchase_floors":[2,24,27,27,27,47,47,47],"current_hp_per_floor":[64,64,40,40,40,40,40,40,40,34,46,46,46,56,56,52,74,53,53,46,22,22,22,22,22,22,47,43,43,40,39,39,20,40,40,40,38,28,28,28,15,15,15,15,27,27,27,27,41,21,0],"gold":236,"neow_bonus":"THREE_ENEMY_KILL","is_prod":false,"is_daily":false,"chose_seed":false,"campfire_upgraded":6,"win_rate":0,"timestamp":1550348538,"path_taken":["M","$","?","?","?","R","?","E","T","E","M","?","R","?","R","BOSS","M","?","M","?","?","?","$","R","T","?","M","R","E","M","R","BOSS","M","?","M","?","M","R","E","R","T","R","E","R","$","M","R","BOSS","BOSS"],"build_version":"2019-02-06","purchased_purges":1,"victory":false,"max_hp_per_floor":[71,71,71,71,71,71,71,71,71,71,71,71,71,81,81,81,81,81,81,81,81,40,40,40,40,40,47,47,47,47,47,47,47,47,47,47,47,47,47,47,47,47,47,47,47,47,47,47,47,47,47],"card_choices":[{"not_picked":["Force Field","Blizzard"],"picked":"Conserve Battery","floor":1.0},{"not_picked":["Stack","Reinforced Body"],"picked":"Hologram","floor":7.0},{"not_picked":["Coolheaded","Beam Cell"],"picked":"Cold Snap","floor":8.0},{"not_picked":["Rebound","Consume"],"picked":"Go for the Eyes","floor":10.0},{"not_picked":["Aggregate","Leap"],"picked":"Static Discharge","floor":11.0},{"not_picked":["Thunder Strike","Hyperbeam"],"picked":"Seek","floor":16.0},{"not_picked":["Stack","Compile Driver"],"picked":"Static Discharge","floor":18.0},{"not_picked":["Steam+1","Double Energy"],"picked":"Barrage","floor":20.0},{"not_picked":["Stack","Fusion"],"picked":"Cold Snap","floor":21.0},{"not_picked":["Rip and Tear","Beam Cell"],"picked":"Hologram","floor":23.0},{"not_picked":["Steam","Conserve Battery"],"picked":"Beam Cell+1","floor":28.0},{"not_picked":["Scrape+1","Rip and Tear+1","Steam"],"picked":"SKIP","floor":30.0},{"not_picked":["Scrape+1","Rip and Tear+1","Steam"],"picked":"SKIP","floor":30.0},{"not_picked":["Streamline+1","Rip and Tear+1"],"picked":"Beam Cell+1","floor":31.0},{"not_picked":["Hyperbeam+1","Meteor Strike+1"],"picked":"Electrodynamics","floor":33.0},{"not_picked":[],"picked":"Skim","floor":35.0},{"not_picked":["Leap"],"picked":"SKIP","floor":37.0},{"not_picked":[],"picked":"Sweeping Beam+1","floor":39.0},{"not_picked":["Leap"],"picked":"SKIP","floor":41.0},{"not_picked":[],"picked":"Hologram","floor":45},{"not_picked":["Turbo"],"picked":"SKIP","floor":48}],"player_experience":926403,"relics_obtained":[{"floor":5.0,"key":"MawBank"},{"floor":8.0,"key":"Dead Branch"},{"floor":9.0,"key":"Meat on the Bone"},{"floor":10.0,"key":"Du-Vu Doll"},{"floor":14.0,"key":"Pear"},{"floor":23.0,"key":"Red Mask"},{"floor":26.0,"key":"Molten Egg 2"},{"floor":30.0,"key":"Juzu Bracelet"},{"floor":38.0,"key":"Girya"},{"floor":41.0,"key":"Omamori"},{"floor":45,"key":"Centennial Puzzle"}],"event_choices":[{"damage_healed":0.0,"max_hp_gain":0.0,"max_hp_loss":0.0,"gold_gain":0.0,"event_name":"Golden Idol","player_choice":"Take Damage","floor":3.0,"gold_loss":0.0,"damage_taken":24.0,"relics_obtained":["Golden Idol"]},{"damage_healed":0.0,"max_hp_gain":0.0,"max_hp_loss":0.0,"gold_gain":150.0,"event_name":"Liars Game","player_choice":"AGREE","floor":4.0,"gold_loss":0.0,"damage_taken":0.0,"cards_obtained":["Doubt"]},{"damage_healed":0.0,"max_hp_gain":0.0,"max_hp_loss":0.0,"gold_gain":275.0,"event_name":"Golden Shrine","player_choice":"Desecrate","floor":19.0,"gold_loss":0.0,"damage_taken":0.0,"cards_obtained":["Regret"]},{"damage_healed":0.0,"max_hp_gain":0.0,"max_hp_loss":41.0,"gold_gain":0.0,"event_name":"Ghosts","player_choice":"Became a Ghost","floor":22.0,"gold_loss":0.0,"damage_taken":0.0,"cards_obtained":["Ghostly","Ghostly","Ghostly"]},{"damage_healed":0.0,"max_hp_gain":0.0,"max_hp_loss":0.0,"gold_gain":0.0,"event_name":"Masked Bandits","player_choice":"Fought Bandits","floor":23.0,"gold_loss":0.0,"damage_taken":0.0},{"damage_healed":0.0,"max_hp_gain":0.0,"max_hp_loss":0.0,"gold_gain":0.0,"event_name":"Upgrade Shrine","player_choice":"Upgraded","floor":36.0,"gold_loss":0.0,"damage_taken":0.0,"cards_upgraded":["Hologram"]},{"damage_healed":0.0,"max_hp_gain":0.0,"max_hp_loss":0.0,"gold_gain":0.0,"event_name":"Mysterious Sphere","player_choice":"Fight","floor":38.0,"gold_loss":0.0,"damage_taken":0.0}],"is_beta":true,"boss_relics":[{"not_picked":["Lizard Tail","Philosopher\u0027s Stone"],"picked":"Cursed Key"},{"not_picked":["Astrolabe","Eternal Feather"],"picked":"Busted Crown"}],"items_purged_floors":[24],"is_endless":false,"potions_floor_spawned":[10,20,23,30,33,35,39,45],"killed_by":"Donu and Deca","ascension_level":20}