{"path_per_floor":["M","$","$","?","T","R","M","?","T","M","M","M","$","M","R","B",null,"M","?","M","M","?","R","E","R","T","M","M"],"character_chosen":"THE_SILENT","items_purchased":["Wraith Form"],"gold_per_floor":[113,38,38,38,38,38,54,54,54,72,84,94,25,42,42,138,138,138,138,138,138,38,38,38,38,38,38,38],"floor_reached":29,"campfire_rested":0,"playtime":2880,"current_hp_per_floor":[70,70,70,28,28,28,28,28,28,28,28,28,28,26,26,3,70,70,70,69,52,52,52,23,23,23,11,6],"items_purged":["Strike_G"],"gold":38,"play_id":"cc850e7f-0094-410b-a377-4e246ca2bdde","is_prod":false,"is_daily":false,"campfire_rituals":0,"campfire_upgraded":1,"is_hardmode":false,"path_taken":["M","?","$","?","?","R","M","?","T","M","M","M","?","M","R","BOSS","M","?","M","M","?","R","E","R","T","M","M","E"],"build_version":"2018-01-11-PROD2","purchased_purges":1,"victory":false,"master_deck":["Defend_G","Defend_G","Defend_G","Defend_G","Strike_G","Strike_G","Strike_G","Strike_G","Survivor","Neutralize","Quick Slash","Flying Knee","Tools of the Trade","PiercingWail","After Image","Quick Slash","Wraith Form","Prepared","Burst","Escape Plan","Backflip","Tools of the Trade","Distraction","Flying Knee","J.A.X.","Blade Dance","Prepared","Dash"],"max_hp_per_floor":[70,70,70,70,70,70,70,70,70,70,70,70,70,70,70,70,70,70,70,70,70,70,70,70,70,70,70,70],"relics":["Ring of the Snake","Lantern","Juzu Bracelet","Shovel","Centennial Puzzle","Ectoplasm","Orichalcum","Mercury Hourglass","Old Coin","Bottled Flame"],"campfire_meditates":0,"card_choices":[{"not_picked":["Reflex","Prepared"],"picked":"Quick Slash"},{"not_picked":["Riddle With Holes","Calculated Gamble"],"picked":"Flying Knee"},{"not_picked":["Dodge and Roll","Prepared"],"picked":"PiercingWail"},{"not_picked":["Poisoned Stab","Sucker Punch"],"picked":"After Image"},{"not_picked":["Sucker Punch","Prepared"],"picked":"Quick Slash"},{"not_picked":["Poisoned Stab","Catalyst"],"picked":"Prepared"},{"not_picked":["Venomology","Unload"],"picked":"Burst"},{"not_picked":["Distraction","Acrobatics"],"picked":"Escape Plan"},{"not_picked":["Backstab","Crippling Poison"],"picked":"Distraction"},{"not_picked":["Outmaneuver","Masterful Stab"],"picked":"Flying Knee"},{"not_picked":["Bane","Distraction"],"picked":"Blade Dance"},{"not_picked":["Dodge and Roll","Malaise"],"picked":"Prepared"},{"not_picked":["Flying Knee","Poisoned Stab"],"picked":"Dash"}],"player_experience":55924,"potions_floor_usage":[11,16,24,28],"damage_taken":[{"damage":0,"enemies":"Blue Slaver","floor":1,"turns":6},{"damage":0,"enemies":"Jaw Worm","floor":7,"turns":3},{"damage":0,"enemies":"2 Louse","floor":10,"turns":2},{"damage":0,"enemies":"Gremlin Gang","floor":11,"turns":5},{"damage":0,"enemies":"Exordium Wildlife","floor":12,"turns":3},{"damage":2,"enemies":"3 Louse","floor":14,"turns":5},{"damage":23,"enemies":"The Guardian","floor":16,"turns":15},{"damage":0,"enemies":"Chosen","floor":18,"turns":6},{"damage":1,"enemies":"Spheric Guardian","floor":20,"turns":4},{"damage":17,"enemies":"Centurion and Healer","floor":21,"turns":9},{"damage":29,"enemies":"Slavers","floor":24,"turns":8},{"damage":12,"enemies":"Snake Plant","floor":27,"turns":4},{"damage":5,"enemies":"Slaver and Parasite","floor":28,"turns":7},{"damage":13,"enemies":"Gremlin Leader","floor":29,"turns":2}],"event_choices":[{"event_name":"Scrap Ooze","player_choice":"success","floor":4,"damage_taken":42},{"event_name":"Living Wall","player_choice":"Change","floor":8,"damage_taken":0},{"event_name":"Match and Keep!","player_choice":"2 cards matched","floor":19,"damage_taken":0},{"event_name":"Drug Dealer","player_choice":"Got JAXXED","floor":22,"damage_taken":0}],"boss_relics":[{"not_picked":["Calling Bell","Black Star"],"picked":"Ectoplasm"}],"potions_floor_spawned":[1,7,21,27],"seed_played":"-7898373317193326075","killed_by":"Gremlin Leader","is_trial":false}