{"gold_per_floor":[115,133,153,164,3,37,37,72,72,72,72,88,88,100,100,100],"floor_reached":16,"playtime":955,"items_purged":[],"score":213,"play_id":"89e17e48-b0f9-4078-8286-e10899855906","local_time":"20190316075837","is_ascension_mode":true,"campfire_choices":[{"floor":7,"key":"REST"},{"data":"Limit Break","floor":10,"key":"SMITH"},{"data":"Armaments","floor":13,"key":"SMITH"},{"data":"True Grit","floor":15,"key":"SMITH"}],"neow_cost":"NONE","seed_source_timestamp":188751722849851,"circlet_count":0,"master_deck":["AscendersBane","Strike_R","Strike_R+1","Strike_R","Strike_R","Defend_R","Defend_R","Defend_R","Defend_R","Bash","Thunderclap+1","True Grit+1","Spot Weakness","Cleave","Limit Break+1","Spot Weakness","Armaments+1","Battle Trance"],"relics":["Burning Blood","Bronze Scales","Whetstone","Bird Faced Urn","Turnip"],"potions_floor_usage":[6,8,12,16,16],"damage_taken":[{"damage":7,"enemies":"2 Louse","floor":1,"turns":4},{"damage":1,"enemies":"Cultist","floor":2,"turns":3},{"damage":9,"enemies":"Jaw Worm","floor":3,"turns":4},{"damage":33,"enemies":"Large Slime","floor":4,"turns":8},{"damage":23,"enemies":"3 Sentries","floor":6,"turns":6},{"damage":20,"enemies":"Gremlin Nob","floor":8,"turns":4},{"damage":2,"enemies":"Lots of Slimes","floor":12,"turns":2},{"damage":1,"enemies":"Looter","floor":14,"turns":4},{"damage":52,"enemies":"The Guardian","floor":16,"turns":6}],"seed_played":"-5787241416311848082","potions_obtained":[{"floor":2,"key":"PowerPotion"},{"floor":6,"key":"Block Potion"},{"floor":8,"key":"SkillPotion"},{"floor":12,"key":"SteroidPotion"},{"floor":14,"key":"LiquidBronze"}],"is_trial":false,"path_per_floor":["M","M","M","M","$","E","R","E","T","R","?","M","R","M","R","B"],"character_chosen":"IRONCLAD","items_purchased":["Bronze Scales"],"campfire_rested":1,"item_purchase_floors":[5],"current_hp_per_floor":[74,79,76,49,49,32,56,42,42,42,42,46,46,51,51,0],"gold":100,"neow_bonus":"TEN_PERCENT_HP_BONUS","is_prod":false,"is_daily":false,"chose_seed":false,"campfire_upgraded":3,"win_rate":0,"timestamp":1552737517,"path_taken":["M","M","M","M","$","E","R","E","T","R","?","M","R","?","R","BOSS"],"build_version":"2019-03-15","purchased_purges":0,"victory":false,"max_hp_per_floor":[82,82,82,82,82,82,82,82,82,82,82,82,82,82,82,82],"card_choices":[{"not_picked":["Heavy Blade","True Grit"],"picked":"Thunderclap","floor":1},{"not_picked":["Juggernaut","Shockwave"],"picked":"True Grit","floor":2},{"not_picked":["Bloodletting","Reckless Charge"],"picked":"Spot Weakness","floor":3},{"not_picked":["Rupture","Clothesline"],"picked":"Cleave","floor":4},{"not_picked":["Corruption","Bloodletting","Body Slam"],"picked":"SKIP","floor":6},{"not_picked":["Flex","Shrug It Off"],"picked":"Limit Break","floor":8},{"not_picked":["Headbutt","Sword Boomerang"],"picked":"Armaments","floor":12},{"not_picked":["Twin Strike","Havoc"],"picked":"Battle Trance","floor":14}],"player_experience":521171,"relics_obtained":[{"floor":6,"key":"Whetstone"},{"floor":8,"key":"Bird Faced Urn"},{"floor":9,"key":"Turnip"}],"event_choices":[{"damage_healed":0,"gold_gain":0,"cards_transformed":["Strike_R"],"player_choice":"Transformed","damage_taken":0,"max_hp_gain":0,"max_hp_loss":0,"event_name":"Transmorgrifier","floor":11,"gold_loss":0,"cards_obtained":["Spot Weakness"]}],"is_beta":true,"boss_relics":[],"items_purged_floors":[],"is_endless":false,"potions_floor_spawned":[2,6,8,12,14],"killed_by":"The Guardian","ascension_level":18}