{"gold_per_floor":[116,116,41,41,55,55,84,84,84,84,84,94,111,129,129,206,206,226,238,84,101,121,121,148,148,175,175,193,193,219,0,0,72,72,90,51,102,113,127,127,127,227,227,237,237,255,255,51,51,51],"floor_reached":51,"playtime":5549,"items_purged":["Regret"],"score":1238,"play_id":"b5e97cc2-22f1-4661-9792-64379123696c","local_time":"20190120131949","is_ascension_mode":true,"campfire_choices":[{"floor":6.0,"key":"REST"},{"floor":8.0,"key":"REST"},{"data":"Sunder","floor":10.0,"key":"SMITH"},{"data":"Dualcast","floor":15.0,"key":"SMITH"},{"floor":23.0,"key":"REST"},{"floor":25.0,"key":"REST"},{"floor":32.0,"key":"REST"},{"data":"Consume","floor":40.0,"key":"SMITH"},{"data":"Apotheosis","floor":47,"key":"SMITH"},{"data":"Secret Technique","floor":49,"key":"SMITH"}],"neow_cost":"PERCENT_DAMAGE","seed_source_timestamp":0,"circlet_count":0,"master_deck":["AscendersBane","Strike_B+1","Strike_B+1","Defend_B","Defend_B","Defend_B","Zap+1","Dualcast+1","Self Repair","Reprogram","Coolheaded+1","Cold Snap","Sunder+1","Coolheaded","Creative AI","Glacier","Consume+1","BootSequence","Go for the Eyes","Conserve Battery","Hologram","Conserve Battery","Echo Form","Double Energy","Defragment","Apotheosis+1","Thinking Ahead","Madness","Hologram","Double Energy+1","Skim","Secret Technique+1"],"special_seed":0,"relics":["Cracked Core","Dead Branch","Happy Flower","Question Card","Inserter","Singing Bowl","Bronze Scales","Mummified Hand","Whetstone","DataDisk","Lizard Tail","Du-Vu Doll","Torii","Dream Catcher"],"potions_floor_usage":[50,50],"damage_taken":[{"damage":4.0,"enemies":"Jaw Worm","floor":1.0,"turns":3.0},{"damage":0.0,"enemies":"Small Slimes","floor":5.0,"turns":3.0},{"damage":52.0,"enemies":"Gremlin Nob","floor":7.0,"turns":6.0},{"damage":0.0,"enemies":"Cultist","floor":12.0,"turns":2.0},{"damage":6.0,"enemies":"Lots of Slimes","floor":13.0,"turns":6.0},{"damage":9.0,"enemies":"2 Fungi Beasts","floor":14.0,"turns":2.0},{"damage":33.0,"enemies":"The Guardian","floor":16.0,"turns":10.0},{"damage":17.0,"enemies":"3 Byrds","floor":18.0,"turns":6.0},{"damage":25.0,"enemies":"Shell Parasite","floor":19.0,"turns":10.0},{"damage":11.0,"enemies":"Sentry and Sphere","floor":21.0,"turns":9.0},{"damage":21.0,"enemies":"3 Cultists","floor":22.0,"turns":6.0},{"damage":24.0,"enemies":"Slavers","floor":24.0,"turns":8.0},{"damage":1.0,"enemies":"Centurion and Healer","floor":28.0,"turns":13.0},{"damage":27.0,"enemies":"Book of Stabbing","floor":30.0,"turns":6.0},{"damage":19.0,"enemies":"Automaton","floor":33.0,"turns":12.0},{"damage":12.0,"enemies":"3 Darklings","floor":35.0,"turns":16.0},{"damage":74.0,"enemies":"2 Orb Walkers","floor":37.0,"turns":7.0},{"damage":3.0,"enemies":"3 Shapes","floor":38.0,"turns":7.0},{"damage":6.0,"enemies":"Sphere and 2 Shapes","floor":39.0,"turns":7.0},{"damage":0.0,"enemies":"Mind Bloom Boss Battle","floor":42.0,"turns":12.0},{"damage":0.0,"enemies":"Maw","floor":44.0,"turns":8.0},{"damage":25,"enemies":"3 Darklings","floor":46,"turns":5},{"damage":1,"enemies":"Awakened One","floor":50,"turns":21}],"seed_played":"8428088812112810630","potions_obtained":[{"floor":7.0,"key":"Fire Potion"},{"floor":12.0,"key":"Regen Potion"},{"floor":13.0,"key":"Ancient Potion"},{"floor":14.0,"key":"SkillPotion"},{"floor":19.0,"key":"Ancient Potion"},{"floor":24.0,"key":"Block Potion"},{"floor":28.0,"key":"Explosive Potion"},{"floor":30.0,"key":"Block Potion"},{"floor":33.0,"key":"FearPotion"},{"floor":37.0,"key":"Fruit Juice"},{"floor":39.0,"key":"LiquidBronze"},{"floor":46,"key":"Poison Potion"}],"is_trial":false,"path_per_floor":["M","?","$","?","M","R","E","R","T","R","?","M","M","M","R","B",null,"M","M","$","M","M","R","E","R","T","?","M","T","E","$","R","B",null,"M","$","?","M","M","R","?","?","T","M","$","M","R","$","R","B",null],"character_chosen":"DEFECT","items_purchased":["Consume","BootSequence","DataDisk","Conserve Battery","Double Energy","Secret Technique"],"campfire_rested":5,"item_purchase_floors":[20,20,31,31,36,48],"current_hp_per_floor":[49,49,49,28,35,56,11,32,32,32,32,39,55,53,53,27,60,50,39,39,35,14,35,20,41,41,41,47,47,29,29,51,39,66,70,70,52,65,73,73,63,83,83,86,86,71,71,71,71,70],"gold":51,"neow_bonus":"TRANSFORM_TWO_CARDS","is_prod":false,"is_daily":false,"chose_seed":false,"campfire_upgraded":5,"win_rate":0,"timestamp":1548008389,"path_taken":["M","?","$","?","M","R","E","R","T","R","?","M","M","?","R","BOSS","M","M","?","M","M","R","E","R","T","?","M","?","E","$","R","BOSS","BOSS","M","$","?","M","M","R","?","?","T","M","?","?","R","$","R","BOSS"],"build_version":"2019-01-17v2","purchased_purges":1,"victory":true,"max_hp_per_floor":[71,71,71,71,71,71,71,71,71,71,71,71,71,71,71,71,71,71,71,71,71,71,71,73,73,73,73,73,73,75,75,75,75,75,77,77,84,86,86,86,86,86,86,86,86,86,86,86,86,86],"card_choices":[{"not_picked":["Hologram","Rebound"],"picked":"Coolheaded","floor":1.0},{"not_picked":["Ball Lightning","Redo"],"picked":"Cold Snap","floor":5.0},{"not_picked":["Buffer","Rebound"],"picked":"Sunder","floor":7.0},{"not_picked":["Stack","Darkness","White Noise"],"picked":"Coolheaded","floor":12.0},{"not_picked":["Barrage","Ball Lightning","Steam","Heatsinks"],"picked":"SKIP","floor":13.0},{"not_picked":["Stack","Steam","Chill","Beam Cell"],"picked":"SKIP","floor":14.0},{"not_picked":["Amplify","Meteor Strike","Thunder Strike"],"picked":"Creative AI","floor":16.0},{"not_picked":["Cold Snap","Go for the Eyes","Barrage","Compile Driver"],"picked":"SKIP","floor":18.0},{"not_picked":["Gash+1","Beam Cell","Lockon"],"picked":"Glacier","floor":19.0},{"not_picked":["Darkness","Leap","Compile Driver"],"picked":"Go for the Eyes","floor":21.0},{"not_picked":["Turbo","Sunder","Thunder Strike"],"picked":"Conserve Battery","floor":22.0},{"not_picked":["Static Discharge+1","Cold Snap","Hello World","Steam"],"picked":"Singing Bowl","floor":24.0},{"not_picked":["Barrage","Coolheaded","Stack+1"],"picked":"Hologram","floor":28.0},{"not_picked":["Turbo","Skim","Biased Cognition","Compile Driver"],"picked":"Singing Bowl","floor":30.0},{"not_picked":["Amplify","Electrodynamics","Fission"],"picked":"Echo Form","floor":33.0},{"not_picked":["Steam Power","Steam","Gash","Rebound"],"picked":"Singing Bowl","floor":35.0},{"not_picked":["Rebound","Heatsinks","Aggregate","Sweeping Beam"],"picked":"Singing Bowl","floor":37.0},{"not_picked":["Streamline","Leap","Barrage","Ball Lightning"],"picked":"Singing Bowl","floor":38.0},{"not_picked":["Streamline","Stack","White Noise"],"picked":"Defragment","floor":39.0},{"not_picked":["HandOfGreed","Good Instincts","Mayhem"],"picked":"Apotheosis","floor":41.0},{"not_picked":["Transmutation","Good Instincts","Violence"],"picked":"Thinking Ahead","floor":41.0},{"not_picked":["Panache","Jack Of All Trades","Swift Strike"],"picked":"Madness","floor":41.0},{"not_picked":["Doom and Gloom","Force Field","Turbo"],"picked":"Hologram","floor":42.0},{"not_picked":["Sunder","Steam+1","Loop"],"picked":"Double Energy+1","floor":44.0},{"not_picked":["Stack","Storm","Turbo+1"],"picked":"Skim","floor":46}],"player_experience":494406,"relics_obtained":[{"floor":7.0,"key":"Happy Flower"},{"floor":9.0,"key":"Question Card"},{"floor":24.0,"key":"Singing Bowl"},{"floor":26.0,"key":"Bronze Scales"},{"floor":29.0,"key":"Mummified Hand"},{"floor":30.0,"key":"Whetstone"},{"floor":37.0,"key":"Du-Vu Doll"},{"floor":42.0,"key":"Torii"},{"floor":43.0,"key":"Dream Catcher"}],"event_choices":[{"damage_healed":0.0,"max_hp_gain":0.0,"max_hp_loss":0.0,"gold_gain":0.0,"event_name":"Big Fish","player_choice":"Box","floor":2.0,"gold_loss":0.0,"damage_taken":0.0,"relics_obtained":["Dead Branch"],"cards_obtained":["Regret"]},{"damage_healed":0.0,"max_hp_gain":0.0,"max_hp_loss":0.0,"gold_gain":0.0,"event_name":"Shining Light","player_choice":"Entered Light","floor":4.0,"gold_loss":0.0,"damage_taken":21.0,"cards_upgraded":["Coolheaded","Zap"]},{"cards_removed":["Strike_B"],"damage_healed":0.0,"max_hp_gain":0.0,"max_hp_loss":0.0,"gold_gain":0.0,"event_name":"Bonfire Elementals","player_choice":"Offered Basic","floor":11.0,"gold_loss":0.0,"damage_taken":0.0},{"damage_healed":0.0,"max_hp_gain":0.0,"max_hp_loss":0.0,"gold_gain":0.0,"event_name":"The Mausoleum","player_choice":"Ignored","floor":27.0,"gold_loss":0.0,"damage_taken":0.0},{"damage_healed":0.0,"max_hp_gain":0.0,"max_hp_loss":0.0,"gold_gain":0.0,"event_name":"Mysterious Sphere","player_choice":"Fight","floor":37.0,"gold_loss":0.0,"damage_taken":0.0},{"damage_healed":0.0,"max_hp_gain":0.0,"max_hp_loss":0.0,"gold_gain":0.0,"event_name":"SensoryStone","player_choice":"Memory 3","floor":41.0,"gold_loss":0.0,"damage_taken":10.0},{"damage_healed":0.0,"max_hp_gain":0.0,"max_hp_loss":0.0,"gold_gain":0.0,"event_name":"MindBloom","player_choice":"Fight","floor":42.0,"gold_loss":0.0,"damage_taken":0.0}],"is_beta":false,"boss_relics":[{"not_picked":["Ectoplasm","Busted Crown"],"picked":"Inserter"},{"not_picked":["Calling Bell","Astrolabe"],"picked":"Lizard Tail"}],"items_purged_floors":[3],"is_endless":false,"potions_floor_spawned":[7,12,13,14,19,24,28,30,33,37,39,46],"ascension_level":19}