{"gold_per_floor":[18,18,28,44,62,62,212,244,267,247,247,282,282,293,293,367,367,386,16,30,45,58,58,76,101,151,251,285,285,285,296,296,373,373,383,400,414,428,5,5,37,37,37,68,68,68,79,99,99,99],"floor_reached":51,"playtime":4656,"items_purged":["Doubt","Strike_R"],"score":1456,"play_id":"e4f29944-5a8d-4741-ad88-ff28233de2b0","local_time":"20190310121522","is_ascension_mode":true,"campfire_choices":[{"data":"Bash","floor":6,"key":"SMITH"},{"data":"Cleave","floor":11,"key":"SMITH"},{"data":"Flame Barrier","floor":13,"key":"SMITH"},{"data":"Metallicize","floor":15,"key":"SMITH"},{"data":"Limit Break","floor":23,"key":"SMITH"},{"data":"True Grit","floor":30,"key":"SMITH"},{"data":"Pommel Strike","floor":32,"key":"SMITH"},{"data":"Uppercut","floor":40,"key":"SMITH"},{"data":"1","floor":46,"key":"LIFT"},{"data":"2","floor":49,"key":"LIFT"}],"neow_cost":"NO_GOLD","seed_source_timestamp":100574625718364,"circlet_count":0,"master_deck":["AscendersBane","Strike_R","Strike_R","Strike_R+1","Strike_R","Defend_R","Defend_R","Defend_R","Defend_R","Bash+1","Headbutt","Cleave+1","Carnage","Thunderclap+1","Spot Weakness","Flame Barrier+1","Metallicize+1","Ghostly Armor+1","Limit Break+1","Pommel Strike+1","Havoc","Uppercut+1","True Grit+1","Dropkick","Demon Form","Feed","Dropkick+1","Shrug It Off","Shockwave+1","Thinking Ahead"],"relics":["Burning Blood","FossilizedHelix","Smiling Mask","Pen Nib","Boot","Velvet Choker","Bag of Preparation","Magic Flower","Bag of Marbles","Darkstone Periapt","Champion Belt","Sundial","Coffee Dripper","Whetstone","Frozen Eye","Regal Pillow","Girya","Blue Candle","FaceOfCleric"],"potions_floor_usage":[16,25,27,33,41,44,50,50],"damage_taken":[{"damage":0,"enemies":"Small Slimes","floor":1,"turns":3},{"damage":6,"enemies":"Jaw Worm","floor":3,"turns":4},{"damage":0,"enemies":"Cultist","floor":4,"turns":3},{"damage":1,"enemies":"Looter","floor":5,"turns":3},{"damage":12,"enemies":"Gremlin Nob","floor":8,"turns":4},{"damage":20,"enemies":"Lagavulin","floor":12,"turns":6},{"damage":3,"enemies":"Blue Slaver","floor":14,"turns":3},{"damage":0,"enemies":"The Guardian","floor":16,"turns":13},{"damage":11,"enemies":"Spheric Guardian","floor":18,"turns":4},{"damage":0,"enemies":"3 Byrds","floor":20,"turns":2},{"damage":0,"enemies":"Snake Plant","floor":21,"turns":4},{"damage":10,"enemies":"Shelled Parasite and Fungi","floor":22,"turns":4},{"damage":14,"enemies":"Sentry and Sphere","floor":24,"turns":6},{"damage":10,"enemies":"Gremlin Leader","floor":25,"turns":5},{"damage":16,"enemies":"Colosseum Slavers","floor":27,"turns":6},{"damage":9,"enemies":"Colosseum Nobs","floor":27,"turns":3},{"damage":15,"enemies":"Book of Stabbing","floor":28,"turns":5},{"damage":14,"enemies":"Chosen and Byrds","floor":31,"turns":6},{"damage":39,"enemies":"Collector","floor":33,"turns":9},{"damage":0,"enemies":"3 Shapes","floor":35,"turns":2},{"damage":0,"enemies":"3 Darklings","floor":36,"turns":3},{"damage":43,"enemies":"Sphere and 2 Shapes","floor":37,"turns":6},{"damage":18,"enemies":"Transient","floor":38,"turns":5},{"damage":0,"enemies":"Giant Head","floor":41,"turns":6},{"damage":25,"enemies":"Reptomancer","floor":44,"turns":5},{"damage":0,"enemies":"4 Shapes","floor":47,"turns":7},{"damage":0,"enemies":"Spire Growth","floor":48,"turns":3},{"damage":40,"enemies":"Awakened One","floor":50,"turns":9}],"seed_played":"-9188061368079599050","potions_obtained":[{"floor":1,"key":"SpeedPotion"},{"floor":3,"key":"Dexterity Potion"},{"floor":10,"key":"Energy Potion"},{"floor":14,"key":"Strength Potion"},{"floor":21,"key":"SteroidPotion"},{"floor":28,"key":"LiquidBronze"},{"floor":33,"key":"Energy Potion"},{"floor":36,"key":"EssenceOfSteel"},{"floor":38,"key":"BloodPotion"},{"floor":41,"key":"SkillPotion"},{"floor":44,"key":"Poison Potion"},{"floor":48,"key":"Swift Potion"}],"is_trial":false,"path_per_floor":["M","$","M","M","M","R","?","E","T","?","R","E","R","M","R","B",null,"M","$","M","M","M","R","M","E","T","?","E","?","R","M","R","B",null,"M","M","M","M","$","R","E","?","T","E","?","R","M","M","R","B",null],"character_chosen":"IRONCLAD","items_purchased":["Limit Break","Bag of Preparation","Whetstone","Frozen Eye"],"campfire_rested":0,"item_purchase_floors":[19,19,39,39],"current_hp_per_floor":[74,74,74,75,75,75,75,69,69,69,69,55,55,58,58,64,72,67,67,73,75,71,71,63,59,59,52,46,61,61,56,56,26,63,77,81,52,43,43,43,64,64,64,48,48,48,64,75,75,46],"gold":99,"neow_bonus":"ONE_RARE_RELIC","is_prod":false,"is_daily":false,"chose_seed":false,"campfire_upgraded":8,"win_rate":0,"timestamp":1552234522,"path_taken":["M","$","M","M","M","R","?","E","T","?","R","E","R","M","R","BOSS","M","$","M","M","?","R","M","E","T","?","E","?","R","M","R","BOSS","M","M","M","M","$","R","E","?","T","E","?","R","M","M","R","BOSS"],"build_version":"2019-02-06","purchased_purges":2,"victory":true,"max_hp_per_floor":[75,75,75,75,75,75,75,75,75,75,75,75,75,75,75,75,75,75,75,75,75,75,75,75,75,75,75,75,75,75,75,75,75,75,78,81,84,84,84,84,84,84,84,84,84,84,88,89,89,90],"card_choices":[{"not_picked":["Dual Wield","Battle Trance"],"picked":"Headbutt","floor":1},{"not_picked":["Sword Boomerang","Shrug It Off"],"picked":"Cleave","floor":3},{"not_picked":["Armaments","Havoc"],"picked":"Carnage","floor":4},{"not_picked":["Fire Breathing","Clash"],"picked":"Thunderclap","floor":5},{"not_picked":["Ghostly Armor","Sword Boomerang"],"picked":"Spot Weakness","floor":8},{"not_picked":["Cleave","Twin Strike"],"picked":"Flame Barrier","floor":12},{"not_picked":["Twin Strike","Ghostly Armor"],"picked":"Metallicize","floor":14},{"not_picked":["Second Wind","Whirlwind"],"picked":"Ghostly Armor+1","floor":18},{"not_picked":["Clash+1","Entrench"],"picked":"Pommel Strike","floor":20},{"not_picked":["Cleave","Warcry"],"picked":"Havoc","floor":21},{"not_picked":["Wild Strike","Berserk"],"picked":"Uppercut","floor":22},{"not_picked":["Pommel Strike","Thunderclap+1","Sever Soul"],"picked":"SKIP","floor":24},{"not_picked":["Pommel Strike","Thunderclap+1","Sever Soul"],"picked":"SKIP","floor":24},{"not_picked":["Clash","Flex+1"],"picked":"True Grit","floor":25},{"not_picked":["Pommel Strike+1","Clash+1"],"picked":"Dropkick","floor":27},{"not_picked":["Cleave","Blood for Blood","Perfected Strike"],"picked":"SKIP","floor":28},{"not_picked":["Headbutt","Anger"],"picked":"Demon Form","floor":31},{"not_picked":["Immolate","Juggernaut"],"picked":"Feed","floor":33},{"not_picked":["Flex+1","Thunderclap"],"picked":"Dropkick+1","floor":35},{"not_picked":["Flame Barrier","Intimidate"],"picked":"Shrug It Off","floor":36},{"not_picked":["Warcry","True Grit","Heavy Blade"],"picked":"SKIP","floor":37},{"not_picked":["Armaments","Body Slam+1","Combust+1"],"picked":"SKIP","floor":38},{"not_picked":["Reaper","Disarm"],"picked":"Shockwave+1","floor":41},{"not_picked":["Blind","Mayhem"],"picked":"Thinking Ahead","floor":42},{"not_picked":["Iron Wave","Pommel Strike","Thunderclap"],"picked":"SKIP","floor":44},{"not_picked":["Wild Strike","Flex","Armaments"],"picked":"SKIP","floor":47},{"not_picked":["Power Through","Headbutt","Sword Boomerang+1"],"picked":"SKIP","floor":48},{"not_picked":["Power Through","Headbutt","Sword Boomerang+1"],"picked":"SKIP","floor":48}],"player_experience":456919,"relics_obtained":[{"floor":8,"key":"Smiling Mask"},{"floor":9,"key":"Pen Nib"},{"floor":12,"key":"Boot"},{"floor":25,"key":"Magic Flower"},{"floor":26,"key":"Bag of Marbles"},{"floor":27,"key":"Darkstone Periapt"},{"floor":27,"key":"Champion Belt"},{"floor":28,"key":"Sundial"},{"floor":41,"key":"Regal Pillow"},{"floor":43,"key":"Girya"},{"floor":44,"key":"Blue Candle"}],"event_choices":[{"damage_healed":0,"gold_gain":150,"player_choice":"AGREE","damage_taken":0,"max_hp_gain":0,"max_hp_loss":0,"event_name":"Liars Game","floor":7,"gold_loss":0,"cards_obtained":["Doubt"]},{"damage_healed":0,"gold_gain":0,"player_choice":"Bought 1 Potion","damage_taken":0,"max_hp_gain":0,"max_hp_loss":0,"event_name":"The Woman in Blue","floor":10,"gold_loss":0},{"damage_healed":0,"gold_gain":0,"player_choice":"Fight","damage_taken":0,"max_hp_gain":0,"max_hp_loss":0,"event_name":"Colosseum","floor":27,"gold_loss":0},{"damage_healed":0,"gold_gain":0,"player_choice":"Fought Nobs","damage_taken":0,"max_hp_gain":0,"max_hp_loss":0,"event_name":"Colosseum","floor":27,"gold_loss":0},{"damage_healed":15,"gold_gain":0,"player_choice":"Heal","damage_taken":0,"max_hp_gain":0,"max_hp_loss":0,"event_name":"The Library","floor":29,"gold_loss":0},{"damage_healed":0,"gold_gain":0,"player_choice":"Memory 1","damage_taken":0,"max_hp_gain":0,"max_hp_loss":0,"event_name":"SensoryStone","floor":42,"gold_loss":0},{"damage_healed":0,"gold_gain":0,"player_choice":"Trade","damage_taken":0,"relics_obtained":["FaceOfCleric"],"max_hp_gain":0,"max_hp_loss":0,"event_name":"FaceTrader","floor":45,"gold_loss":0}],"is_beta":true,"boss_relics":[{"not_picked":["Fusion Hammer","Runic Pyramid"],"picked":"Velvet Choker"},{"not_picked":["Astrolabe","Eternal Feather"],"picked":"Coffee Dripper"}],"items_purged_floors":[19,39],"is_endless":false,"potions_floor_spawned":[1,3,14,21,22,25,28,33,36,38,41,44,48],"ascension_level":16}