{"gold_per_floor":[111,42,117,43,62,97,116,116,193,193,255,273,238,238,238,335,335,354,354,354,366,28,28,59,59,59,59],"floor_reached":27,"playtime":661,"items_purged":["Strike_B"],"score":236,"play_id":"f4d7c605-3720-4ed7-8f66-606c38fa0092","local_time":"20190307022632","is_ascension_mode":true,"campfire_choices":[{"data":"Sunder","floor":8,"key":"SMITH"},{"data":"Self Repair","floor":10,"key":"SMITH"},{"data":"Dualcast","floor":15,"key":"SMITH"},{"data":"Genetic Algorithm","floor":23,"key":"SMITH"},{"data":"Scrape","floor":25,"key":"SMITH"}],"neow_cost":"NONE","seed_source_timestamp":124220178216526,"circlet_count":0,"master_deck":["Strike_B","Strike_B","Strike_B","Defend_B","Defend_B","Defend_B","Defend_B","Zap+1","Dualcast+1","Ball Lightning","Self Repair+1","Sunder+1","Redo","Cold Snap","Gash","Scrape+1","Gash","Seek","Beam Cell","Genetic Algorithm+1","Bandage Up","Streamline"],"relics":["Cracked Core","Regal Pillow","Pantograph","Strawberry","FaceOfCleric","Black Star","MutagenicStrength","MawBank","Bronze Scales","Mercury Hourglass","Boot"],"potions_floor_usage":[16,18,18,24],"damage_taken":[{"damage":7,"enemies":"Small Slimes","floor":1,"turns":3},{"damage":0,"enemies":"2 Louse","floor":5,"turns":2},{"damage":29,"enemies":"3 Sentries","floor":6,"turns":5},{"damage":0,"enemies":"Cultist","floor":7,"turns":3},{"damage":19,"enemies":"3 Sentries","floor":11,"turns":5},{"damage":0,"enemies":"2 Fungi Beasts","floor":12,"turns":1},{"damage":55,"enemies":"Hexaghost","floor":16,"turns":8},{"damage":13,"enemies":"2 Thieves","floor":18,"turns":3},{"damage":50,"enemies":"Slavers","floor":24,"turns":4},{"damage":55,"enemies":"Gremlin Leader","floor":27,"turns":3}],"seed_played":"2710129717532705070","potions_obtained":[{"floor":5,"key":"Poison Potion"},{"floor":7,"key":"Swift Potion"},{"floor":16,"key":"Strength Potion"},{"floor":18,"key":"EssenceOfSteel"}],"is_trial":false,"path_per_floor":["M","$","?","$","M","E","M","R","T","R","?","M","?","?","R","B",null,"M","?","?","?","$","R","E","R","T","E"],"character_chosen":"DEFECT","items_purchased":["Self Repair","Sunder","Bandage Up","Bronze Scales","Streamline"],"campfire_rested":0,"item_purchase_floors":[2,4,22,22,22],"current_hp_per_floor":[68,68,57,57,64,42,49,49,49,49,47,47,67,67,67,28,83,81,81,81,81,81,81,46,46,46,0],"gold":59,"neow_bonus":"UPGRADE_CARD","is_prod":false,"is_daily":false,"chose_seed":false,"campfire_upgraded":5,"win_rate":0,"timestamp":1551954392,"path_taken":["M","$","?","$","M","E","M","R","T","R","?","M","?","?","R","BOSS","M","?","?","?","?","R","E","R","T","E"],"build_version":"2019-01-23","purchased_purges":1,"victory":false,"max_hp_per_floor":[75,75,75,75,75,75,75,75,75,75,82,82,82,82,82,83,83,84,84,84,84,84,84,85,85,85,85],"card_choices":[{"not_picked":["Cold Snap","Beam Cell"],"picked":"Ball Lightning","floor":1},{"not_picked":["Rip and Tear","Aggregate"],"picked":"Redo","floor":5},{"not_picked":["Glacier","Amplify"],"picked":"Cold Snap","floor":6},{"not_picked":["Turbo","Compile Driver"],"picked":"Gash","floor":7},{"not_picked":["Leap","Beam Cell"],"picked":"Scrape","floor":11},{"not_picked":["Cold Snap","Reprogram"],"picked":"Gash","floor":12},{"not_picked":["Thunder Strike","Fission"],"picked":"Seek","floor":16},{"not_picked":["Leap","Conserve Battery"],"picked":"Beam Cell","floor":18},{"not_picked":["Multi-Cast","Ball Lightning","Compile Driver+1"],"picked":"SKIP","floor":24}],"player_experience":314964,"relics_obtained":[{"floor":6,"key":"Regal Pillow"},{"floor":9,"key":"Pantograph"},{"floor":11,"key":"Strawberry"},{"floor":24,"key":"Mercury Hourglass"},{"floor":24,"key":"Boot"}],"event_choices":[{"damage_healed":0,"gold_gain":75,"player_choice":"Gather Gold","damage_taken":11,"max_hp_gain":0,"max_hp_loss":0,"event_name":"World of Goop","floor":3,"gold_loss":0},{"damage_healed":0,"gold_gain":0,"player_choice":"Searched \u00271\u0027 times","damage_taken":0,"max_hp_gain":0,"max_hp_loss":0,"event_name":"Dead Adventurer","floor":11,"gold_loss":0},{"damage_healed":20,"gold_gain":0,"player_choice":"Healed","damage_taken":0,"max_hp_gain":0,"max_hp_loss":0,"event_name":"The Cleric","floor":13,"gold_loss":35},{"damage_healed":0,"gold_gain":0,"player_choice":"Trade","damage_taken":0,"relics_obtained":["FaceOfCleric"],"max_hp_gain":0,"max_hp_loss":0,"event_name":"FaceTrader","floor":14,"gold_loss":0},{"damage_healed":0,"gold_gain":0,"player_choice":"Inject Mutagens","damage_taken":0,"relics_obtained":["MutagenicStrength"],"max_hp_gain":0,"max_hp_loss":0,"event_name":"Drug Dealer","floor":19,"gold_loss":0},{"damage_healed":0,"gold_gain":0,"player_choice":"Opened","damage_taken":0,"relics_obtained":["MawBank"],"max_hp_gain":0,"max_hp_loss":0,"event_name":"The Mausoleum","floor":20,"gold_loss":0},{"damage_healed":0,"gold_gain":0,"player_choice":"Read","damage_taken":0,"max_hp_gain":0,"max_hp_loss":0,"event_name":"The Library","floor":21,"gold_loss":0,"cards_obtained":["Genetic Algorithm"]}],"is_beta":false,"boss_relics":[{"not_picked":["Velvet Choker","Tiny House"],"picked":"Black Star"}],"items_purged_floors":[22],"is_endless":false,"potions_floor_spawned":[5,7,16,18],"killed_by":"Gremlin Leader","ascension_level":1}