{"gold_per_floor":[119,135,135,155,255,255,269,286,286,305,324,356,372,392,392,493,493,503,521,521,533,543,543,558,888,964,964,550,550,582,596,596,700,700,713,152,152,167,167,167,201,218,242,2,19,54,54,68,68,68],"floor_reached":51,"playtime":3679,"items_purged":["Defend_B","Strike_B"],"score":1062,"play_id":"eb2ea855-755b-4abb-9ed3-29d1d7d131a3","local_time":"20190113171026","is_ascension_mode":true,"campfire_choices":[{"data":"Zap","floor":6,"key":"SMITH"},{"data":"Darkness","floor":15,"key":"SMITH"},{"data":"Hologram","floor":23,"key":"SMITH"},{"data":"Hologram","floor":27,"key":"SMITH"},{"data":"Dualcast","floor":32,"key":"SMITH"},{"data":"Buffer","floor":40,"key":"SMITH"},{"data":"Go for the Eyes","floor":47,"key":"SMITH"},{"data":"Coolheaded","floor":49,"key":"SMITH"}],"neow_cost":"TEN_PERCENT_HP_LOSS","seed_source_timestamp":167777665674,"circlet_count":0,"master_deck":["Strike_B","Defend_B","Defend_B","Zap+1","Dualcast+1","Gash","Gash+1","Reinforced Body","Go for the Eyes+1","Doom and Gloom","Hologram+1","Darkness+1","Buffer+1","Defragment","All For One+1","Undo","Hologram+1","Conserve Battery+1","FTL+1","Redo+1","Scrape+1","Buffer+1","Coolheaded+1","Gash+1","All For One+1","Parasite","Steam+1","Gash"],"relics":["Cracked Core","Incense Burner","Kunai","Nuclear Battery","Old Coin","Sling","Anchor","Vajra","Eternal Feather","Singing Bowl","TheAbacus","GremlinMask","Bag of Preparation","Pear","Whetstone","DollysMirror","Regal Pillow"],"potions_floor_usage":[8,12,14,16,16,16,24,33,35,48,50,50],"damage_taken":[{"damage":1,"enemies":"Cultist","floor":1,"turns":3},{"damage":0,"enemies":"Small Slimes","floor":2,"turns":3},{"damage":7,"enemies":"Jaw Worm","floor":4,"turns":2},{"damage":15,"enemies":"Gremlin Gang","floor":7,"turns":4},{"damage":5,"enemies":"2 Fungi Beasts","floor":8,"turns":3},{"damage":0,"enemies":"Red Slaver","floor":10,"turns":4},{"damage":6,"enemies":"3 Louse","floor":11,"turns":2},{"damage":5,"enemies":"3 Sentries","floor":12,"turns":5},{"damage":0,"enemies":"Gremlin Gang","floor":13,"turns":3},{"damage":5,"enemies":"Large Slime","floor":14,"turns":4},{"damage":10,"enemies":"Hexaghost","floor":16,"turns":6},{"damage":9,"enemies":"Chosen","floor":18,"turns":4},{"damage":11,"enemies":"Spheric Guardian","floor":19,"turns":4},{"damage":12,"enemies":"3 Cultists","floor":21,"turns":5},{"damage":8,"enemies":"Snake Plant","floor":22,"turns":3},{"damage":7,"enemies":"Chosen and Byrds","floor":24,"turns":4},{"damage":0,"enemies":"Gremlin Leader","floor":25,"turns":7},{"damage":4,"enemies":"Slavers","floor":30,"turns":3},{"damage":0,"enemies":"3 Cultists","floor":31,"turns":5},{"damage":0,"enemies":"Champ","floor":33,"turns":9},{"damage":6,"enemies":"3 Darklings","floor":35,"turns":4},{"damage":4,"enemies":"Orb Walker","floor":38,"turns":4},{"damage":0,"enemies":"Reptomancer","floor":41,"turns":5},{"damage":0,"enemies":"3 Darklings","floor":42,"turns":2},{"damage":0,"enemies":"Writhing Mass","floor":45,"turns":4},{"damage":22,"enemies":"Giant Head","floor":46,"turns":6},{"damage":0,"enemies":"Transient","floor":48,"turns":5},{"damage":0,"enemies":"Donu and Deca","floor":50,"turns":7}],"seed_played":"-6798891586035809505","potions_obtained":[{"floor":1,"key":"Strength Potion"},{"floor":2,"key":"Poison Potion"},{"floor":7,"key":"SkillPotion"},{"floor":8,"key":"EssenceOfSteel"},{"floor":13,"key":"AttackPotion"},{"floor":14,"key":"Poison Potion"},{"floor":18,"key":"Strength Potion"},{"floor":22,"key":"Ancient Potion"},{"floor":24,"key":"Weak Potion"},{"floor":25,"key":"PowerPotion"},{"floor":41,"key":"Poison Potion"},{"floor":42,"key":"FairyPotion"},{"floor":45,"key":"Ancient Potion"}],"is_trial":false,"path_per_floor":["M","M","?","M","?","R","M","M","T","M","M","E","M","M","R","B",null,"M","M","?","M","M","R","M","E","T","R","$","?","E","M","R","B",null,"M","$","?","M","?","R","E","M","T","$","M","E","R","M","R","B",null],"character_chosen":"DEFECT","items_purchased":["Sling","Anchor","Singing Bowl","TheAbacus","Coolheaded","DollysMirror","AttackPotion"],"campfire_rested":0,"item_purchase_floors":[28,28,36,36,36,44,44],"current_hp_per_floor":[67,67,60,53,53,53,38,33,33,33,27,22,22,17,17,7,68,59,48,48,36,28,28,21,21,21,21,21,21,17,17,17,17,68,62,62,62,58,58,68,80,82,82,82,84,62,77,77,84,84],"gold":68,"neow_bonus":"REMOVE_TWO","is_prod":false,"is_daily":false,"chose_seed":false,"campfire_upgraded":8,"win_rate":0,"timestamp":1547417426,"path_taken":["M","?","?","M","?","R","M","M","T","?","M","E","M","M","R","BOSS","M","M","?","M","?","R","M","E","T","R","$","?","E","?","R","BOSS","M","$","?","?","?","R","E","M","T","$","?","E","R","?","R","BOSS"],"build_version":"2019-01-10","purchased_purges":2,"victory":true,"max_hp_per_floor":[68,68,68,68,68,68,68,68,68,68,68,68,68,68,68,68,68,68,68,68,68,68,68,68,68,68,68,68,68,68,68,68,68,68,68,68,68,68,68,68,80,82,82,82,84,84,84,84,84,84],"card_choices":[{"not_picked":["Leap","Self Repair"],"picked":"Gash","floor":1},{"not_picked":["Ball Lightning","Rebound"],"picked":"Gash","floor":2},{"not_picked":["Steam","Storm","Rip and Tear"],"picked":"SKIP","floor":4},{"not_picked":["Meteor Strike","Hello World"],"picked":"Reinforced Body","floor":7},{"not_picked":["Cold Snap","Conserve Battery"],"picked":"Go for the Eyes","floor":8},{"not_picked":["Conserve Battery","Rebound"],"picked":"Doom and Gloom","floor":10},{"not_picked":["Rebound","Sunder"],"picked":"Hologram","floor":11},{"not_picked":["Ball Lightning","Steam"],"picked":"Darkness","floor":12},{"not_picked":["Storm","Conserve Battery"],"picked":"Buffer","floor":13},{"not_picked":["Ball Lightning","Go for the Eyes"],"picked":"Defragment","floor":14},{"not_picked":["Buffer","Rainbow"],"picked":"All For One","floor":16},{"not_picked":["Double Energy","Beam Cell"],"picked":"Undo","floor":18},{"not_picked":["Streamline+1","Compile Driver"],"picked":"Hologram","floor":19},{"not_picked":["Go for the Eyes","Aggregate","Turbo+1"],"picked":"SKIP","floor":21},{"not_picked":["Barrage","Leap","Redo"],"picked":"SKIP","floor":22},{"not_picked":["Hologram","Sweeping Beam+1"],"picked":"Conserve Battery+1","floor":24},{"not_picked":["Redo","Aggregate"],"picked":"FTL+1","floor":25},{"not_picked":["Steam Power+1","Stack"],"picked":"Redo+1","floor":30},{"not_picked":["Hologram","BootSequence"],"picked":"Scrape+1","floor":31},{"not_picked":["Machine Learning","Amplify"],"picked":"Buffer","floor":33},{"not_picked":["Steam Power","Defragment+1","Cold Snap+1"],"picked":"SKIP","floor":35},{"not_picked":["Genetic Algorithm+1","Ball Lightning"],"picked":"Gash+1","floor":38},{"not_picked":["Leap+1","Force Field","Compile Driver"],"picked":"Singing Bowl","floor":41},{"not_picked":["Turbo","Hologram","Doom and Gloom"],"picked":"Singing Bowl","floor":42},{"not_picked":["Heatsinks","Compile Driver","Rip and Tear"],"picked":"Singing Bowl","floor":45},{"not_picked":["Double Energy","Rainbow"],"picked":"Steam+1","floor":46},{"not_picked":["Tempest","Ball Lightning+1"],"picked":"Gash","floor":48}],"player_experience":195201,"relics_obtained":[{"floor":9,"key":"Incense Burner"},{"floor":12,"key":"Kunai"},{"floor":25,"key":"Old Coin"},{"floor":30,"key":"Vajra"},{"floor":41,"key":"Pear"},{"floor":43,"key":"Whetstone"},{"floor":46,"key":"Regal Pillow"}],"event_choices":[{"cards_removed":["Strike_B"],"damage_healed":0,"gold_gain":0,"player_choice":"Card Removal","damage_taken":7,"max_hp_gain":0,"max_hp_loss":0,"event_name":"Golden Wing","floor":3,"gold_loss":0},{"damage_healed":0,"gold_gain":100,"player_choice":"Gold","damage_taken":0,"max_hp_gain":0,"max_hp_loss":0,"event_name":"Wheel of Change","floor":5,"gold_loss":0},{"damage_healed":0,"gold_gain":0,"player_choice":"Upgraded","damage_taken":0,"max_hp_gain":0,"max_hp_loss":0,"event_name":"Upgrade Shrine","floor":20,"gold_loss":0,"cards_upgraded":["Buffer"]},{"damage_healed":0,"gold_gain":0,"player_choice":"Ignored","damage_taken":0,"max_hp_gain":0,"max_hp_loss":0,"event_name":"N\u0027loth","floor":29,"gold_loss":0},{"damage_healed":0,"gold_gain":0,"player_choice":"Trade","damage_taken":0,"relics_obtained":["GremlinMask"],"max_hp_gain":0,"max_hp_loss":0,"event_name":"FaceTrader","floor":37,"gold_loss":0},{"damage_healed":0,"gold_gain":0,"player_choice":"Gave Potion","damage_taken":0,"relics_obtained":["Bag of Preparation"],"max_hp_gain":0,"max_hp_loss":0,"event_name":"WeMeetAgain","floor":39,"gold_loss":0}],"is_beta":true,"boss_relics":[{"not_picked":["Ectoplasm","Lizard Tail"],"picked":"Nuclear Battery"},{"not_picked":["Velvet Choker","Fusion Hammer"],"picked":"Eternal Feather"}],"items_purged_floors":[28,36],"is_endless":false,"potions_floor_spawned":[1,2,7,8,13,14,18,22,24,25,31,41,42,45,46],"ascension_level":3}