{"gold_per_floor":[115,115,115,36,36,36,65,65,65,78,107,122,41,75,75,152,152,166,166,166,181,21,48,59,88,88,88,102,5,39,39,39,113,113,131,31,31,31,51,80,80,113,113,131,142,162,195,245,245,245,245,245,245,22,54,54],"floor_reached":57,"playtime":6581,"items_purged":["Strike_B","Strike_B"],"score":2828,"play_id":"7fa1ddc9-2b85-41d7-b5b8-bd0d1c27027b","local_time":"20190317223657","is_ascension_mode":true,"campfire_choices":[{"data":"Zap","floor":6.0,"key":"SMITH"},{"data":"Capacitor","floor":8.0,"key":"SMITH"},{"data":"Reinforced Body","floor":15.0,"key":"SMITH"},{"floor":27.0,"key":"REST"},{"data":"Double Energy","floor":32.0,"key":"SMITH"},{"floor":41.0,"key":"RECALL"},{"data":"Echo Form","floor":49.0,"key":"SMITH"},{"data":"Heatsinks","floor":53.0,"key":"SMITH"}],"neow_cost":"NONE","seed_source_timestamp":0,"circlet_count":0,"master_deck":["AscendersBane","Defend_B","Defend_B","Defend_B+1","Zap+1","Dualcast","Cold Snap","Capacitor+1","Coolheaded","Self Repair","Electrodynamics","Reinforced Body+1","Echo Form+1","Heatsinks+1","Sunder+1","Barrage","Coolheaded","Conserve Battery","Hologram","Double Energy+1","Undo","Cold Snap+1","Defragment+1","Cold Snap+1","Turbo","Go for the Eyes+1","Static Discharge+1","Cold Snap+1","Chill","Loop+1","Conserve Battery"],"special_seed":0,"relics":["Cracked Core","NeowsBlessing","Orichalcum","Meat on the Bone","Omamori","Pantograph","Black Star","DataDisk","Vajra","Dream Catcher","Frozen Egg 2","Molten Egg 2","Blue Candle","Pear","Busted Crown","Thread and Needle","Centennial Puzzle","Dead Branch","Question Card","Art of War","Potion Belt","PreservedInsect","Oddly Smooth Stone","Cables"],"potions_floor_usage":[55,56,56,56],"damage_taken":[{"damage":0.0,"enemies":"2 Louse","floor":1.0,"turns":1.0},{"damage":0.0,"enemies":"Lagavulin","floor":7.0,"turns":1.0},{"damage":0.0,"enemies":"Small Slimes","floor":10.0,"turns":1.0},{"damage":3.0,"enemies":"3 Sentries","floor":11.0,"turns":16.0},{"damage":1.0,"enemies":"Jaw Worm","floor":12.0,"turns":7.0},{"damage":19.0,"enemies":"Lagavulin","floor":14.0,"turns":7.0},{"damage":61.0,"enemies":"Hexaghost","floor":16.0,"turns":16.0},{"damage":43.0,"enemies":"2 Thieves","floor":18.0,"turns":5.0},{"damage":6.0,"enemies":"Shell Parasite","floor":21.0,"turns":14.0},{"damage":26.0,"enemies":"Book of Stabbing","floor":23.0,"turns":6.0},{"damage":25.0,"enemies":"Cultist and Chosen","floor":24.0,"turns":9.0},{"damage":22.0,"enemies":"Gremlin Leader","floor":25.0,"turns":8.0},{"damage":16.0,"enemies":"Chosen and Byrds","floor":28.0,"turns":8.0},{"damage":50.0,"enemies":"Slavers","floor":30.0,"turns":7.0},{"damage":53.0,"enemies":"Collector","floor":33.0,"turns":11.0},{"damage":11.0,"enemies":"Orb Walker","floor":35.0,"turns":8.0},{"damage":2.0,"enemies":"3 Darklings","floor":39.0,"turns":4.0},{"damage":19.0,"enemies":"Nemesis","floor":40.0,"turns":8.0},{"damage":3.0,"enemies":"Giant Head","floor":42.0,"turns":18.0},{"damage":0.0,"enemies":"Spire Growth","floor":44.0,"turns":6.0},{"damage":5.0,"enemies":"Sphere and 2 Shapes","floor":45.0,"turns":4.0},{"damage":18.0,"enemies":"Transient","floor":46.0,"turns":6.0},{"damage":42.0,"enemies":"Reptomancer","floor":47.0,"turns":6.0},{"damage":20.0,"enemies":"Donu and Deca","floor":50.0,"turns":11.0},{"damage":32.0,"enemies":"Time Eater","floor":51.0,"turns":19.0},{"damage":30,"enemies":"Shield and Spear","floor":55,"turns":8},{"damage":55,"enemies":"The Heart","floor":56,"turns":11}],"seed_played":"-4613773707050493042","potions_obtained":[{"floor":7.0,"key":"PowerPotion"},{"floor":12.0,"key":"GamblersBrew"},{"floor":14.0,"key":"Fire Potion"},{"floor":16.0,"key":"SneckoOil"},{"floor":21.0,"key":"SteroidPotion"},{"floor":24.0,"key":"FairyPotion"},{"floor":28.0,"key":"FairyPotion"},{"floor":30.0,"key":"AttackPotion"},{"floor":33.0,"key":"Block Potion"},{"floor":39.0,"key":"SkillPotion"},{"floor":44.0,"key":"LiquidBronze"}],"is_trial":false,"path_per_floor":["M","?","?","$","?","R","E","R","T","M","E","M","$","E","R","B",null,"M","?","?","M","$","E","M","E","T","R","M","$","E","?","R","B",null,"M","$","?","?","M","E","R","E","T","M","M","M","E","?","R","B","B",null,"R","$","E","B",null],"character_chosen":"DEFECT","items_purchased":["Capacitor","Electrodynamics","Barrage","Coolheaded","Defragment+1","Swift Potion","LiquidBronze","Weak Potion","Dexterity Potion","Loop+1"],"campfire_rested":1,"item_purchase_floors":[4,13,22,22,29,29,54,54,54,54],"current_hp_per_floor":[64,38,17,17,40,40,40,40,40,40,37,43,43,43,43,26,60,36,36,16,36,36,29,30,27,27,49,59,59,38,38,38,29,72,75,75,75,96,96,91,91,96,96,96,96,85,69,60,60,79,71,90,90,90,74,60],"gold":54,"neow_bonus":"THREE_ENEMY_KILL","is_prod":false,"is_daily":false,"chose_seed":false,"campfire_upgraded":6,"win_rate":0,"timestamp":1552876617,"path_taken":["M","?","?","$","?","R","E","R","T","M","E","?","$","E","R","BOSS","M","?","?","M","$","E","?","E","T","R","M","$","E","?","R","BOSS","M","$","?","?","?","E","R","E","T","M","M","M","E","?","R","BOSS","BOSS","R","$","E","BOSS"],"build_version":"2019-01-23","purchased_purges":2,"victory":true,"max_hp_per_floor":[71,71,71,71,71,71,71,71,71,71,71,71,71,71,71,71,71,71,71,76,76,76,76,76,76,76,76,76,76,86,86,86,86,86,86,86,86,96,96,96,96,96,96,96,96,96,96,96,96,96,96,96,96,96,96,96],"card_choices":[{"not_picked":["Barrage","Steam"],"picked":"Cold Snap","floor":1.0},{"not_picked":["Turbo","Melter","Steam"],"picked":"SKIP","floor":7.0},{"not_picked":["Turbo","Reprogram"],"picked":"Coolheaded","floor":10.0},{"not_picked":["BootSequence","Skim"],"picked":"Self Repair","floor":11.0},{"not_picked":["Heatsinks","White Noise","Rebound"],"picked":"SKIP","floor":12.0},{"not_picked":["Leap","Chaos"],"picked":"Reinforced Body","floor":14.0},{"not_picked":["Buffer","Seek"],"picked":"Echo Form","floor":16.0},{"not_picked":["Go for the Eyes","Steam"],"picked":"Heatsinks","floor":18.0},{"not_picked":["Beam Cell","Auto Shields"],"picked":"Sunder+1","floor":21.0},{"not_picked":["Doom and Gloom","FTL"],"picked":"Conserve Battery","floor":23.0},{"not_picked":["Streamline","Steam"],"picked":"Hologram","floor":24.0},{"not_picked":["Rainbow","Gash"],"picked":"Double Energy","floor":25.0},{"not_picked":["Hologram","Aggregate"],"picked":"Undo","floor":27.0},{"not_picked":["Hologram","Reprogram"],"picked":"Cold Snap+1","floor":28.0},{"not_picked":["Cold Snap+1","Leap","Beam Cell+1"],"picked":"SKIP","floor":30.0},{"not_picked":["All For One+1","Reboot"],"picked":"Machine Learning+1","floor":33.0},{"not_picked":[],"picked":"Go for the Eyes+1","floor":35.0},{"not_picked":["Beam Cell+1"],"picked":"SKIP","floor":39.0},{"not_picked":["Streamline+1"],"picked":"SKIP","floor":40.0},{"not_picked":["Aggregate"],"picked":"SKIP","floor":42.0},{"not_picked":["Skim"],"picked":"Static Discharge+1","floor":44.0},{"not_picked":["Reinforced Body","Darkness"],"picked":"SKIP","floor":45.0},{"not_picked":["Hello World+1"],"picked":"Cold Snap+1","floor":46.0},{"not_picked":["Multi-Cast"],"picked":"Chill","floor":47.0},{"not_picked":["Auto Shields"],"picked":"Conserve Battery","floor":55}],"player_experience":627739,"relics_obtained":[{"floor":7.0,"key":"Meat on the Bone"},{"floor":11.0,"key":"Omamori"},{"floor":14.0,"key":"Pantograph"},{"floor":23.0,"key":"DataDisk"},{"floor":23.0,"key":"Vajra"},{"floor":25.0,"key":"Dream Catcher"},{"floor":25.0,"key":"Frozen Egg 2"},{"floor":26.0,"key":"Molten Egg 2"},{"floor":30.0,"key":"Blue Candle"},{"floor":30.0,"key":"Pear"},{"floor":40.0,"key":"Thread and Needle"},{"floor":40.0,"key":"Centennial Puzzle"},{"floor":42.0,"key":"Dead Branch"},{"floor":42.0,"key":"Question Card"},{"floor":43.0,"key":"Art of War"},{"floor":47.0,"key":"Potion Belt"},{"floor":47.0,"key":"PreservedInsect"},{"floor":55,"key":"Oddly Smooth Stone"},{"floor":55,"key":"Cables"}],"event_choices":[{"damage_healed":0.0,"max_hp_gain":0.0,"max_hp_loss":0.0,"gold_gain":0.0,"event_name":"Scrap Ooze","player_choice":"Success","floor":2.0,"gold_loss":0.0,"damage_taken":26.0,"relics_obtained":["Orichalcum"]},{"damage_healed":0.0,"max_hp_gain":0.0,"max_hp_loss":0.0,"gold_gain":0.0,"event_name":"Shining Light","player_choice":"Entered Light","floor":3.0,"gold_loss":0.0,"damage_taken":21.0,"cards_upgraded":["Defend_B","Defend_B"]},{"damage_healed":23.0,"max_hp_gain":0.0,"max_hp_loss":0.0,"gold_gain":0.0,"event_name":"Big Fish","player_choice":"Banana","floor":5.0,"gold_loss":0.0,"damage_taken":0.0},{"damage_healed":0.0,"max_hp_gain":0.0,"max_hp_loss":0.0,"gold_gain":0.0,"event_name":"The Mausoleum","player_choice":"Ignored","floor":19.0,"gold_loss":0.0,"damage_taken":0.0},{"damage_healed":0.0,"max_hp_gain":5.0,"max_hp_loss":0.0,"gold_gain":0.0,"event_name":"Forgotten Altar","player_choice":"Shed Blood","floor":20.0,"gold_loss":0.0,"damage_taken":25.0},{"damage_healed":0.0,"max_hp_gain":0.0,"max_hp_loss":0.0,"gold_gain":0.0,"cards_transformed":["Strike_B","Strike_B"],"event_name":"Drug Dealer","player_choice":"Became Test Subject","floor":31.0,"gold_loss":0.0,"damage_taken":0.0,"cards_obtained":["Cold Snap","Turbo"]},{"cards_removed":["Defend_B"],"damage_healed":0.0,"max_hp_gain":0.0,"max_hp_loss":0.0,"gold_gain":0.0,"event_name":"Falling","player_choice":"Removed Skill","floor":37.0,"gold_loss":0.0,"damage_taken":0.0},{"cards_removed":["Machine Learning"],"damage_healed":11.0,"max_hp_gain":10.0,"max_hp_loss":0.0,"gold_gain":0.0,"event_name":"Bonfire Elementals","player_choice":"Offered Rare","floor":38.0,"gold_loss":0.0,"damage_taken":0.0},{"damage_healed":0.0,"max_hp_gain":0.0,"max_hp_loss":0.0,"gold_gain":50.0,"event_name":"FaceTrader","player_choice":"Touch","floor":48.0,"gold_loss":0.0,"damage_taken":9.0}],"is_beta":false,"boss_relics":[{"not_picked":["Runic Dome","Coffee Dripper"],"picked":"Black Star"},{"not_picked":["FrozenCore","Inserter"],"picked":"Busted Crown"}],"items_purged_floors":[22,36],"is_endless":false,"potions_floor_spawned":[7,12,14,16,21,24,28,30,33,39,40,44,45],"ascension_level":20}