{"gold_per_floor":[12,22,36,46,46,46,11,11,11,11,23,49,12,43,43,119,119,130,130,150,150,165,165,199,41,41,66,66,66,95,145,145,220,220,236,253,203,478,527,557,569],"floor_reached":41,"playtime":1699,"items_purged":["Strike_G+1"],"score":995,"play_id":"d29d7c3b-9202-4f6f-92db-53f795947f87","local_time":"20190310202835","is_ascension_mode":true,"campfire_choices":[{"data":"Noxious Fumes","floor":6.0,"key":"SMITH"},{"data":"Neutralize","floor":10.0,"key":"SMITH"},{"data":"Wraith Form v2","floor":15.0,"key":"SMITH"},{"data":"Caltrops","floor":23.0,"key":"SMITH"},{"floor":28.0,"key":"REST"},{"floor":32.0,"key":"REST"}],"neow_cost":"NO_GOLD","seed_source_timestamp":318874585169202,"circlet_count":0,"master_deck":["AscendersBane","Defend_G+1","Defend_G+1","Defend_G+1","Defend_G+1","Defend_G+1","Survivor","Neutralize+1","Dash","Deflect","Noxious Fumes+1","PiercingWail","Caltrops+1","Wraith Form v2+1","Venomology","Sucker Punch+1","Glass Knife+1","Slice+1","PiercingWail+1","Backflip","Burst","Regret"],"special_seed":0,"relics":["Ring of the Snake","StoneCalendar","Shuriken","Singing Bowl","Bottled Lightning","Matryoshka","Astrolabe","Blood Vial","Lantern","Smiling Mask","Prayer Wheel","Juzu Bracelet","Regal Pillow","Velvet Choker","Pocketwatch","MawBank"],"potions_floor_usage":[40,40,41],"damage_taken":[{"damage":12.0,"enemies":"Cultist","floor":1.0,"turns":6.0},{"damage":2.0,"enemies":"Small Slimes","floor":2.0,"turns":4.0},{"damage":0.0,"enemies":"2 Louse","floor":3.0,"turns":4.0},{"damage":0.0,"enemies":"2 Fungi Beasts","floor":4.0,"turns":4.0},{"damage":3.0,"enemies":"Red Slaver","floor":11.0,"turns":5.0},{"damage":19.0,"enemies":"Gremlin Nob","floor":12.0,"turns":7.0},{"damage":3.0,"enemies":"Lagavulin","floor":14.0,"turns":7.0},{"damage":19.0,"enemies":"Slime Boss","floor":16.0,"turns":10.0},{"damage":10.0,"enemies":"Shell Parasite","floor":18.0,"turns":7.0},{"damage":2.0,"enemies":"Spheric Guardian","floor":20.0,"turns":5.0},{"damage":2.0,"enemies":"Snake Plant","floor":22.0,"turns":5.0},{"damage":19.0,"enemies":"Slavers","floor":24.0,"turns":6.0},{"damage":14.0,"enemies":"Book of Stabbing","floor":27.0,"turns":7.0},{"damage":36.0,"enemies":"Slavers","floor":30.0,"turns":7.0},{"damage":16.0,"enemies":"Automaton","floor":33.0,"turns":12.0},{"damage":0.0,"enemies":"3 Shapes","floor":35.0,"turns":7.0},{"damage":1.0,"enemies":"Orb Walker","floor":36.0,"turns":5.0},{"damage":43.0,"enemies":"2 Orb Walkers","floor":39.0,"turns":7.0},{"damage":16,"enemies":"Reptomancer","floor":40,"turns":9},{"damage":30,"enemies":"3 Darklings","floor":41,"turns":2}],"seed_played":"8279837262407672064","potions_obtained":[{"floor":3.0,"key":"EssenceOfSteel"},{"floor":11.0,"key":"Block Potion"},{"floor":12.0,"key":"SpeedPotion"},{"floor":22.0,"key":"Swift Potion"},{"floor":30.0,"key":"SkillPotion"},{"floor":36.0,"key":"Weak Potion"},{"floor":39.0,"key":"PowerPotion"},{"floor":40,"key":"Block Potion"}],"is_trial":false,"path_per_floor":["M","M","M","M","?","R","?","?","T","R","M","E","$","E","R","B",null,"M","?","M","?","M","R","E","$","T","E","R","$","E","?","R","B",null,"M","M","$","?","?","E","M"],"character_chosen":"THE_SILENT","items_purchased":["Caltrops","Lantern"],"campfire_rested":2,"item_purchase_floors":[13,25],"current_hp_per_floor":[47,45,45,45,27,27,43,43,43,43,42,23,23,20,20,1,51,43,43,41,41,41,41,24,24,24,14,36,36,2,2,39,25,63,69,74,74,74,35,23,0],"gold":569,"neow_bonus":"ONE_RARE_RELIC","is_prod":false,"is_daily":false,"chose_seed":false,"campfire_upgraded":4,"win_rate":0,"timestamp":1552264115,"path_taken":["M","M","?","M","?","R","?","?","T","R","?","E","$","E","R","BOSS","M","?","?","?","M","R","E","?","T","E","R","$","E","?","R","BOSS","M","M","$","?","?","E","M"],"build_version":"2019-02-06","purchased_purges":1,"victory":false,"max_hp_per_floor":[66,66,66,66,66,66,66,66,66,66,68,68,68,68,68,68,68,70,70,70,70,72,72,74,74,74,76,76,76,76,76,76,76,76,80,84,84,84,86,88,88],"card_choices":[{"not_picked":["Acrobatics","Dagger Throw"],"picked":"Dash","floor":1.0},{"not_picked":["Underhanded Strike","Dagger Spray","Acrobatics"],"picked":"SKIP","floor":2.0},{"not_picked":["Tools of the Trade","Flying Knee"],"picked":"Deflect","floor":3.0},{"not_picked":["Poisoned Stab","Slice"],"picked":"Noxious Fumes","floor":4.0},{"not_picked":["Dagger Throw","Acrobatics","Riddle With Holes"],"picked":"Singing Bowl","floor":11.0},{"not_picked":["Dagger Throw","Riddle With Holes"],"picked":"PiercingWail","floor":12.0},{"not_picked":["Expertise","Glass Knife"],"picked":"Wraith Form v2","floor":14.0},{"not_picked":["Die Die Die","Glass Knife"],"picked":"Venomology","floor":16.0},{"not_picked":["Dagger Spray","Slice","Choke"],"picked":"Singing Bowl","floor":18.0},{"not_picked":["Cloak And Dagger+1","Backflip"],"picked":"PiercingWail+1","floor":20.0},{"not_picked":["Dagger Throw","Slice","Poisoned Stab"],"picked":"Singing Bowl","floor":22.0},{"not_picked":["Skewer","Terror","Dagger Throw"],"picked":"Singing Bowl","floor":24.0},{"not_picked":["Bullet Time","Blade Dance","Concentrate"],"picked":"Singing Bowl","floor":27.0},{"not_picked":["Prepared","Bane"],"picked":"Backflip","floor":30.0},{"not_picked":["Unload","Phantasmal Killer"],"picked":"Burst","floor":33.0},{"not_picked":["Acrobatics","All Out Attack","Infinite Blades+1"],"picked":"Singing Bowl","floor":35.0},{"not_picked":["Backstab","Sucker Punch","Underhanded Strike"],"picked":"Singing Bowl","floor":35.0},{"not_picked":["Expertise","Infinite Blades","Bane"],"picked":"Singing Bowl","floor":36.0},{"not_picked":["Bane","Outmaneuver","Deflect+1"],"picked":"Singing Bowl","floor":36.0},{"not_picked":["Prepared","Bane","Glass Knife"],"picked":"Singing Bowl","floor":39.0},{"not_picked":["Deflect+1","Sucker Punch","Outmaneuver"],"picked":"Singing Bowl","floor":40}],"player_experience":1084195,"relics_obtained":[{"floor":9.0,"key":"Singing Bowl"},{"floor":12.0,"key":"Bottled Lightning"},{"floor":14.0,"key":"Matryoshka"},{"floor":24.0,"key":"Blood Vial"},{"floor":26.0,"key":"Smiling Mask"},{"floor":26.0,"key":"Prayer Wheel"},{"floor":27.0,"key":"Juzu Bracelet"},{"floor":30.0,"key":"Regal Pillow"},{"floor":39.0,"key":"Pocketwatch"},{"floor":40,"key":"MawBank"}],"event_choices":[{"damage_healed":0.0,"max_hp_gain":0.0,"max_hp_loss":0.0,"gold_gain":0.0,"event_name":"Scrap Ooze","player_choice":"Success","floor":5.0,"gold_loss":0.0,"damage_taken":18.0,"relics_obtained":["Shuriken"]},{"damage_healed":16.0,"max_hp_gain":0.0,"max_hp_loss":0.0,"gold_gain":0.0,"event_name":"The Cleric","player_choice":"Healed","floor":7.0,"gold_loss":35.0,"damage_taken":0.0},{"cards_removed":["Strike_G"],"damage_healed":0.0,"max_hp_gain":0.0,"max_hp_loss":0.0,"gold_gain":0.0,"event_name":"Purifier","player_choice":"Purged","floor":8.0,"gold_loss":0.0,"damage_taken":0.0},{"damage_healed":0.0,"max_hp_gain":0.0,"max_hp_loss":0.0,"gold_gain":0.0,"event_name":"Match and Keep!","player_choice":"0 cards matched","floor":19.0,"gold_loss":0.0,"damage_taken":0.0,"cards_obtained":[]},{"damage_healed":0.0,"max_hp_gain":0.0,"max_hp_loss":0.0,"gold_gain":0.0,"event_name":"Back to Basics","player_choice":"Simplicity","floor":21.0,"gold_loss":0.0,"damage_taken":0.0,"cards_upgraded":["Defend_G","Defend_G","Defend_G","Defend_G","Defend_G","Strike_G"]},{"damage_healed":0.0,"max_hp_gain":0.0,"max_hp_loss":0.0,"gold_gain":50.0,"event_name":"Nest","player_choice":"Stole From Cult","floor":31.0,"gold_loss":0.0,"damage_taken":0.0},{"damage_healed":0.0,"max_hp_gain":0.0,"max_hp_loss":0.0,"gold_gain":275.0,"event_name":"Golden Shrine","player_choice":"Desecrate","floor":38.0,"gold_loss":0.0,"damage_taken":0.0,"cards_obtained":["Regret"]},{"damage_healed":0.0,"max_hp_gain":0.0,"max_hp_loss":0.0,"gold_gain":0.0,"event_name":"Mysterious Sphere","player_choice":"Fight","floor":39.0,"gold_loss":0.0,"damage_taken":0.0}],"is_beta":true,"boss_relics":[{"not_picked":["Calling Bell","Ectoplasm"],"picked":"Astrolabe"},{"not_picked":["Tiny House","Lizard Tail"],"picked":"Velvet Choker"}],"items_purged_floors":[37],"is_endless":false,"potions_floor_spawned":[3,11,12,22,30,36,39,40],"killed_by":"3 Darklings","ascension_level":20}