{"path_per_floor":["M","$","?","M","?","E","?","M","T","?","R","M","M","M","R","B",null,"M","?","M","?","$","R","M","?","T","M","M","R","M","M","R","B",null,"M","?","M","M","$","R","?","R","T","M","?","R"],"character_chosen":"IRONCLAD","items_purchased":["Mind Blast","Pen Nib","Strength Potion","Gremlin Horn","Oddly Smooth Stone","Heavy Blade"],"gold_per_floor":[112,7,7,26,26,60,60,81,106,106,106,127,141,156,156,284,284,300,300,317,317,111,111,131,311,311,327,346,346,366,386,386,487,487,503,503,521,538,101,101,101,101,153,164,0,0,0],"floor_reached":47,"campfire_rested":2,"playtime":1665,"current_hp_per_floor":[80,80,80,80,60,66,66,71,71,71,71,77,80,80,80,56,80,57,57,43,69,69,69,72,58,58,42,16,55,51,49,80,45,80,72,62,73,44,44,44,44,44,49,54,54,54,0],"items_purged":[],"gold":0,"score":504,"play_id":"070916e3-1c71-4d7b-a809-561860c3bf78","local_time":"20180331055833","is_prod":false,"is_daily":false,"is_ascension_mode":false,"campfire_upgraded":6,"timestamp":1522501113,"path_taken":["M","$","?","M","?","E","?","M","T","?","R","M","M","M","R","BOSS","M","?","?","?","$","R","M","?","T","?","M","R","M","M","R","BOSS","M","?","?","M","?","R","?","R","T","?","?","R","M"],"build_version":"2018-03-29v2","purchased_purges":0,"victory":false,"master_deck":["Strike_R","Strike_R","Strike_R","Strike_R","Defend_R","Defend_R","Bash","Cleave","Mind Blast+1","Injury","Armaments+1","Anger+1","Pommel Strike+1","Thunderclap","Headbutt","Cleave","Limit Break+1","Twin Strike+1","Sword Boomerang+1","Dropkick+1","Power Through","Whirlwind+1","Heavy Blade","Warcry+1","Armaments","Shrug It Off+1","Anger","Juggernaut","Writhe","Writhe","Dual Wield+1","Madness+1","Madness+1","Pommel Strike+1","Twin Strike+1","Heavy Blade","Sword Boomerang"],"max_hp_per_floor":[80,80,80,80,80,80,80,80,80,80,80,80,80,80,80,80,80,80,80,80,80,80,80,80,80,80,80,80,80,80,80,80,80,80,80,80,80,80,80,80,80,80,80,80,80,80,80],"relics":["Burning Blood","NeowsBlessing","Bloody Idol","Regal Pillow","Ancient Tea Set","Astrolabe","Pen Nib","Anchor","Calling Bell","Darkstone Periapt","Sundial","Matryoshka","Gremlin Horn","Oddly Smooth Stone","Smiling Mask","War Paint","Red Mask"],"card_choices":[{"not_picked":["True Grit","Dropkick"],"picked":"Cleave","floor":1},{"not_picked":["Ghostly Armor","Corruption"],"picked":"Armaments","floor":4},{"not_picked":["Searing Blow","Whirlwind"],"picked":"Anger","floor":6},{"not_picked":["Corruption","Searing Blow"],"picked":"Pommel Strike","floor":8},{"not_picked":["Entrench","True Grit"],"picked":"Thunderclap","floor":12},{"not_picked":["Sword Boomerang","Hemokinesis"],"picked":"Headbutt","floor":13},{"not_picked":["Bludgeon","Clothesline"],"picked":"Cleave","floor":14},{"not_picked":["Fiend Fire","Brutality"],"picked":"Limit Break","floor":16},{"not_picked":["Thunderclap","Seeing Red"],"picked":"Power Through","floor":18},{"not_picked":["Bloodletting","Body Slam"],"picked":"Whirlwind","floor":20},{"not_picked":["Hemokinesis","Intimidate"],"picked":"Heavy Blade","floor":24},{"not_picked":["Iron Wave","Wild Strike"],"picked":"Warcry","floor":27},{"not_picked":["Intimidate","Thunderclap"],"picked":"Armaments","floor":28},{"not_picked":["Carnage","Evolve"],"picked":"Shrug It Off","floor":30},{"not_picked":["Clash","Uppercut"],"picked":"Anger","floor":31},{"not_picked":["Offering","Fiend Fire"],"picked":"Juggernaut","floor":33},{"not_picked":["Shrug It Off","Iron Wave"],"picked":"Dual Wield","floor":35},{"not_picked":["Clothesline","Entrench"],"picked":"Pommel Strike","floor":37},{"not_picked":["True Grit","Combust"],"picked":"Twin Strike","floor":38},{"not_picked":["Dark Embrace","Rampage"],"picked":"Sword Boomerang","floor":44}],"player_experience":62204,"potions_floor_usage":[16,16,16,18,24,31,33,33,37,44],"damage_taken":[{"damage":0,"enemies":"Small Slimes","floor":1,"turns":1},{"damage":0,"enemies":"Cultist","floor":4,"turns":1},{"damage":0,"enemies":"Gremlin Nob","floor":6,"turns":1},{"damage":1,"enemies":"2 Louse","floor":8,"turns":3},{"damage":0,"enemies":"2 Fungi Beasts","floor":12,"turns":2},{"damage":0,"enemies":"Large Slime","floor":13,"turns":4},{"damage":2,"enemies":"3 Louse","floor":14,"turns":3},{"damage":45,"enemies":"Hexaghost","floor":16,"turns":9},{"damage":29,"enemies":"Shell Parasite","floor":18,"turns":4},{"damage":25,"enemies":"Spheric Guardian","floor":20,"turns":4},{"damage":8,"enemies":"Snecko","floor":24,"turns":4},{"damage":27,"enemies":"Snake Plant","floor":27,"turns":3},{"damage":37,"enemies":"Centurion and Healer","floor":28,"turns":4},{"damage":15,"enemies":"Snecko","floor":30,"turns":3},{"damage":13,"enemies":"3 Cultists","floor":31,"turns":4},{"damage":46,"enemies":"Collector","floor":33,"turns":6},{"damage":19,"enemies":"3 Shapes","floor":35,"turns":2},{"damage":0,"enemies":"Orb Walker","floor":37,"turns":2},{"damage":40,"enemies":"4 Shapes","floor":38,"turns":7},{"damage":15,"enemies":"3 Darklings","floor":44,"turns":4},{"damage":72,"enemies":"Maw","floor":47,"turns":6}],"event_choices":[{"event_name":"Accursed Blacksmith","player_choice":"Forge","floor":3,"damage_taken":0},{"event_name":"Golden Idol","player_choice":"Take Damage","floor":5,"damage_taken":0},{"event_name":"Liars Game","player_choice":"disagreed","floor":7,"damage_taken":0},{"event_name":"Living Wall","player_choice":"Grow","floor":10,"damage_taken":0},{"event_name":"Forgotten Altar","player_choice":"Gave Idol","floor":19,"damage_taken":0},{"event_name":"The Library","player_choice":"Heal","floor":21,"damage_taken":0},{"event_name":"Knowing Skull","player_choice":"GOLD GOLD ","floor":25,"damage_taken":0},{"event_name":"Winding Halls","player_choice":"Embrace Madness","floor":36,"damage_taken":0},{"event_name":"Purifier","player_choice":"One Purge","floor":41,"damage_taken":0},{"event_name":"Tomb of Lord Red Mask","player_choice":"Paid","floor":45,"damage_taken":0}],"boss_relics":[{"not_picked":["Velvet Choker","Runic Cube"],"picked":"Astrolabe"},{"not_picked":["Runic Pyramid","Black Star"],"picked":"Calling Bell"}],"potions_floor_spawned":[6,13,14,16,27,30,31,33,35,38],"seed_played":"-8024335929183815346","killed_by":"Maw","ascension_level":0,"is_trial":false}