{"gold_per_floor":[115,134,68,83,103,129,129,163,163,194,194,224,224,137,137,208,208,221,133,133,160,160,160,171,221,248,278,297,297,328,340,340,412,412,428,428,441,331,350,376,10,44,44,70,117,217,240,11,11,11,11,11,11,11,39,39],"floor_reached":56,"playtime":3712,"items_purged":["Perfected Strike+1","Bite"],"score":2094,"play_id":"ab2b1f54-9c91-4823-b0ba-ebc067e5d050","local_time":"20190321193339","is_ascension_mode":true,"campfire_choices":[{"data":"Armaments","floor":7.0,"key":"SMITH"},{"floor":11.0,"key":"REST"},{"data":"Perfected Strike","floor":13.0,"key":"SMITH"},{"data":"Inflame","floor":15.0,"key":"SMITH"},{"data":"Limit Break","floor":23.0,"key":"SMITH"},{"data":"Disarm","floor":29.0,"key":"SMITH"},{"floor":32.0,"key":"RECALL"},{"floor":49,"key":"REST"},{"floor":53,"key":"REST"}],"neow_cost":"NONE","seed_source_timestamp":0,"circlet_count":0,"master_deck":["AscendersBane","Defend_R","Defend_R","Defend_R+1","Defend_R","Bash+1","Feel No Pain","Rampage+1","Shockwave+1","Armaments+1","Iron Wave","Sword Boomerang","Inflame+1","Limit Break+1","Shrug It Off","Reaper","Shrug It Off","Burning Pact","Spot Weakness","Power Through","Disarm+1","Bite","Bite","Bite","Bite","Shrug It Off","Armaments+1","Battle Trance","Battle Trance+1","Reaper","Battle Trance+1","Ghostly Armor","Corruption","Shrug It Off","Reaper","Reaper"],"special_seed":0,"relics":["Burning Blood","Blue Candle","Red Skull","Matryoshka","War Paint","Happy Flower","Nunchaku","Orrery","Red Mask","Smiling Mask","Art of War","Bag of Preparation","Orichalcum","Paper Frog","Fusion Hammer","Anchor","Kunai","Gremlin Horn","Strawberry","Unceasing Top","Thread and Needle","Juzu Bracelet","Oddly Smooth Stone"],"potions_floor_usage":[40,40,45,45,56],"damage_taken":[{"damage":1.0,"enemies":"Cultist","floor":1.0,"turns":4.0},{"damage":5.0,"enemies":"Small Slimes","floor":2.0,"turns":3.0},{"damage":12.0,"enemies":"2 Louse","floor":4.0,"turns":4.0},{"damage":8.0,"enemies":"Exordium Wildlife","floor":5.0,"turns":6.0},{"damage":0.0,"enemies":"Gremlin Nob","floor":6.0,"turns":2.0},{"damage":39.0,"enemies":"Lagavulin","floor":8.0,"turns":8.0},{"damage":26.0,"enemies":"Gremlin Nob","floor":10.0,"turns":4.0},{"damage":18.0,"enemies":"Lagavulin","floor":12.0,"turns":6.0},{"damage":17.0,"enemies":"Hexaghost","floor":16.0,"turns":8.0},{"damage":49.0,"enemies":"Spheric Guardian","floor":18.0,"turns":12.0},{"damage":8.0,"enemies":"Masked Bandits","floor":21.0,"turns":3.0},{"damage":29.0,"enemies":"Chosen","floor":24.0,"turns":9.0},{"damage":39.0,"enemies":"Slavers","floor":27.0,"turns":10.0},{"damage":22.0,"enemies":"Shelled Parasite and Fungi","floor":28.0,"turns":9.0},{"damage":68.0,"enemies":"Gremlin Leader","floor":30.0,"turns":8.0},{"damage":10.0,"enemies":"Sentry and Sphere","floor":31.0,"turns":10.0},{"damage":95.0,"enemies":"Collector","floor":33.0,"turns":10.0},{"damage":23.0,"enemies":"3 Darklings","floor":35.0,"turns":6.0},{"damage":18.0,"enemies":"Orb Walker","floor":37.0,"turns":6.0},{"damage":42.0,"enemies":"Jaw Worm Horde","floor":39.0,"turns":4.0},{"damage":89,"enemies":"Reptomancer","floor":40,"turns":9},{"damage":72,"enemies":"Giant Head","floor":42,"turns":8},{"damage":28,"enemies":"Nemesis","floor":44,"turns":7},{"damage":75,"enemies":"2 Orb Walkers","floor":45,"turns":7},{"damage":0,"enemies":"Mind Bloom Boss Battle","floor":46,"turns":8},{"damage":54,"enemies":"Donu and Deca","floor":50,"turns":12},{"damage":42,"enemies":"Time Eater","floor":51,"turns":10},{"damage":79,"enemies":"Shield and Spear","floor":55,"turns":7},{"damage":76,"enemies":"The Heart","floor":56,"turns":3}],"seed_played":"3864645982073424285","potions_obtained":[{"floor":1.0,"key":"AttackPotion"},{"floor":2.0,"key":"AttackPotion"},{"floor":8.0,"key":"BloodPotion"},{"floor":16.0,"key":"Fire Potion"},{"floor":27.0,"key":"Dexterity Potion"},{"floor":30.0,"key":"Swift Potion"},{"floor":36.0,"key":"Fruit Juice"},{"floor":36.0,"key":"Dexterity Potion"},{"floor":44,"key":"Explosive Potion"},{"floor":45,"key":"Block Potion"}],"is_trial":false,"path_per_floor":["M","M","?","M","M","E","R","E","T","E","R","E","R","$","R","B",null,"M","$","?","?","?","R","M","?","T","E","M","R","E","M","R","B",null,"M","?","M","?","M","E","$","E","T","E","?","?","T","$","R","B","B",null,"R","$","E","B"],"character_chosen":"IRONCLAD","items_purchased":["Inflame","Disarm","Dexterity Potion","Kunai","Reaper"],"campfire_rested":3,"item_purchase_floors":[14,19,41,41,48],"current_hp_per_floor":[73,74,74,68,66,72,72,39,39,21,43,33,33,33,33,24,62,29,29,29,62,62,62,60,60,60,56,72,72,75,75,75,31,64,75,80,80,80,80,54,54,64,64,80,56,87,87,87,87,87,58,80,87,87,61,0],"gold":39,"neow_bonus":"UPGRADE_CARD","is_prod":false,"is_daily":false,"chose_seed":false,"campfire_upgraded":5,"win_rate":0,"timestamp":1553211219,"path_taken":["M","M","?","M","?","E","R","E","T","E","R","E","R","$","R","BOSS","M","$","?","?","?","R","M","?","T","E","M","R","E","M","R","BOSS","M","?","?","?","?","E","$","E","T","E","?","?","?","$","R","BOSS","BOSS","R","$","E","BOSS"],"build_version":"2019-03-15","purchased_purges":2,"victory":false,"max_hp_per_floor":[75,75,75,75,75,75,75,75,75,75,75,75,75,75,75,75,75,75,75,75,75,75,75,75,75,75,75,75,75,75,75,75,75,75,75,80,80,80,80,80,80,80,80,87,87,87,87,87,87,87,87,87,87,87,87,87],"card_choices":[{"not_picked":["Ghostly Armor","Perfected Strike"],"picked":"Feel No Pain","floor":1.0},{"not_picked":["Blood for Blood","Warcry"],"picked":"Rampage","floor":2.0},{"not_picked":["True Grit","Anger"],"picked":"Shockwave","floor":4.0},{"not_picked":["Heavy Blade","Body Slam"],"picked":"Armaments","floor":5.0},{"not_picked":["Rage","Blood for Blood"],"picked":"Iron Wave","floor":6.0},{"not_picked":["Bloodletting","Rampage"],"picked":"Sword Boomerang","floor":8.0},{"not_picked":["Sword Boomerang","Anger","Twin Strike"],"picked":"SKIP","floor":10.0},{"not_picked":["Pommel Strike","Bludgeon"],"picked":"Perfected Strike","floor":12.0},{"not_picked":["Immolate","Demon Form"],"picked":"Limit Break","floor":16.0},{"not_picked":["Wild Strike","Body Slam"],"picked":"Shrug It Off","floor":17.0},{"not_picked":["Armaments","Cleave"],"picked":"Reaper","floor":17.0},{"not_picked":["Warcry","Metallicize"],"picked":"Shrug It Off","floor":17.0},{"not_picked":["Spot Weakness","Clothesline"],"picked":"Burning Pact","floor":17.0},{"not_picked":["Wild Strike","Heavy Blade"],"picked":"Spot Weakness","floor":17.0},{"not_picked":["Body Slam","Flex"],"picked":"Power Through","floor":18.0},{"not_picked":["Cleave","Heavy Blade"],"picked":"Shrug It Off","floor":24.0},{"not_picked":["Thunderclap","Anger"],"picked":"Armaments+1","floor":27.0},{"not_picked":["Cleave","Second Wind","Iron Wave"],"picked":"SKIP","floor":28.0},{"not_picked":["Warcry","Clash"],"picked":"Battle Trance","floor":30.0},{"not_picked":["Combust","Wild Strike"],"picked":"Battle Trance+1","floor":31.0},{"not_picked":["Dark Embrace","Juggernaut"],"picked":"Reaper","floor":33.0},{"not_picked":["Blood for Blood","Bloodletting","Wild Strike"],"picked":"SKIP","floor":35.0},{"not_picked":["Sword Boomerang","Metallicize"],"picked":"Battle Trance+1","floor":37.0},{"not_picked":["Body Slam","Whirlwind","Searing Blow"],"picked":"SKIP","floor":39.0},{"not_picked":["Twin Strike+1","Battle Trance"],"picked":"Ghostly Armor","floor":40},{"not_picked":["Heavy Blade","Barricade","Power Through+1"],"picked":"SKIP","floor":42},{"not_picked":["Feel No Pain+1","Battle Trance"],"picked":"Corruption","floor":44},{"not_picked":["Perfected Strike","Feel No Pain+1"],"picked":"Shrug It Off","floor":45},{"not_picked":["Corruption","Shrug It Off"],"picked":"Reaper","floor":55}],"player_experience":1158574,"relics_obtained":[{"floor":6.0,"key":"Red Skull"},{"floor":8.0,"key":"Matryoshka"},{"floor":9.0,"key":"Blood Vial"},{"floor":9.0,"key":"War Paint"},{"floor":10.0,"key":"Happy Flower"},{"floor":12.0,"key":"Nunchaku"},{"floor":21.0,"key":"Red Mask"},{"floor":26.0,"key":"Art of War"},{"floor":26.0,"key":"Bag of Preparation"},{"floor":27.0,"key":"Orichalcum"},{"floor":30.0,"key":"Paper Frog"},{"floor":40,"key":"Anchor"},{"floor":42,"key":"Gremlin Horn"},{"floor":44,"key":"Strawberry"},{"floor":45,"key":"Unceasing Top"},{"floor":46,"key":"Thread and Needle"},{"floor":47,"key":"Juzu Bracelet"},{"floor":55,"key":"Oddly Smooth Stone"}],"event_choices":[{"damage_healed":0.0,"max_hp_gain":0.0,"max_hp_loss":0.0,"gold_gain":0.0,"event_name":"WeMeetAgain","player_choice":"Paid Gold","floor":3.0,"gold_loss":66.0,"damage_taken":0.0,"relics_obtained":["Blue Candle"]},{"damage_healed":0.0,"max_hp_gain":0.0,"max_hp_loss":0.0,"gold_gain":0.0,"event_name":"Vampires","player_choice":"Became a vampire (Vial)","floor":20.0,"relics_lost":["Blood Vial"],"gold_loss":0.0,"damage_taken":0.0,"cards_obtained":["Bite","Bite","Bite","Bite","Bite"]},{"damage_healed":0.0,"max_hp_gain":0.0,"max_hp_loss":0.0,"gold_gain":0.0,"event_name":"Masked Bandits","player_choice":"Fought Bandits","floor":21.0,"gold_loss":0.0,"damage_taken":0.0},{"damage_healed":0.0,"max_hp_gain":0.0,"max_hp_loss":0.0,"gold_gain":0.0,"event_name":"The Mausoleum","player_choice":"Opened","floor":22.0,"gold_loss":0.0,"damage_taken":0.0,"relics_obtained":["Smiling Mask"],"cards_obtained":["Writhe"]},{"damage_healed":0.0,"max_hp_gain":0.0,"max_hp_loss":0.0,"gold_gain":50.0,"event_name":"Nest","player_choice":"Stole From Cult","floor":25.0,"gold_loss":0.0,"damage_taken":0.0},{"damage_healed":0.0,"max_hp_gain":0.0,"max_hp_loss":0.0,"gold_gain":0.0,"event_name":"Lab","player_choice":"Got Potions","floor":36.0,"gold_loss":0.0,"damage_taken":0.0},{"cards_removed":["Writhe"],"damage_healed":0.0,"max_hp_gain":0.0,"max_hp_loss":0.0,"gold_gain":0.0,"event_name":"Designer","player_choice":"Upgrade and Remove","floor":38.0,"gold_loss":110.0,"damage_taken":0.0,"cards_upgraded":["Rampage"]},{"damage_healed":0,"gold_gain":0,"player_choice":"Fight","damage_taken":0,"max_hp_gain":0,"max_hp_loss":0,"event_name":"Mysterious Sphere","floor":45,"gold_loss":0},{"damage_healed":0,"gold_gain":0,"player_choice":"Fight","damage_taken":0,"max_hp_gain":0,"max_hp_loss":0,"event_name":"MindBloom","floor":46,"gold_loss":0}],"is_beta":true,"boss_relics":[{"not_picked":["Calling Bell","Astrolabe"],"picked":"Orrery"},{"not_picked":["Velvet Choker","Philosopher\u0027s Stone"],"picked":"Fusion Hammer"}],"items_purged_floors":[41,48],"is_endless":false,"potions_floor_spawned":[1,2,8,16,27,30,31,37,44,45],"killed_by":"The Heart","ascension_level":20}