{"path_per_floor":["M","M","M","?","$","R","M","R","T","R","?","M","?","M","R","B",null,"M","$","?","$","M","M","M","R","T","R","M","?","R","$","R","B",null,"M","M","?","$","M"],"character_chosen":"DEFECT","items_purchased":["Defragment","Ball Lightning","Art of War","Capacitor"],"gold_per_floor":[115,128,138,138,29,29,39,39,39,39,39,53,3,23,23,124,124,144,91,91,91,102,121,140,140,189,189,203,173,173,27,27,130,130,147,166,166,29,44,44],"floor_reached":40,"campfire_rested":2,"playtime":1423,"item_purchase_floors":[5,19,31,38],"current_hp_per_floor":[69,63,63,63,63,63,56,56,66,66,66,58,58,46,46,30,85,69,69,69,69,50,32,17,42,42,67,67,67,67,67,67,27,85,85,70,70,70,31,0],"items_purged":["Strike_B","Strike_B+1"],"gold":44,"score":403,"play_id":"46828733-78a9-4bed-9e46-d439b9573bd7","local_time":"20180609053507","is_prod":false,"is_daily":false,"chose_seed":false,"is_ascension_mode":false,"campfire_upgraded":6,"win_rate":0.0,"timestamp":1528547707,"campfire_choices":[{"data":"Defragment","floor":6,"key":"SMITH"},{"data":"Melter","floor":8,"key":"SMITH"},{"data":"All For One","floor":10,"key":"SMITH"},{"data":"White Noise","floor":15,"key":"SMITH"},{"floor":25,"key":"REST"},{"floor":27,"key":"REST"},{"data":"Defragment","floor":30,"key":"SMITH"},{"data":"Redo","floor":32,"key":"SMITH"}],"path_taken":["M","M","M","?","$","R","M","R","T","R","?","M","?","?","R","BOSS","M","$","?","$","M","M","M","R","T","R","M","?","R","$","R","BOSS","M","M","?","$","M","E"],"build_version":"2018-06-07v3","seed_source_timestamp":1487408285915720,"purchased_purges":2,"victory":false,"master_deck":["Strike_B+1","Strike_B+1","Defend_B+1","Defend_B+1","Defend_B+1","Zap","Dualcast","Machine Learning","White Noise+1","Melter+1","Leap","Defragment+1","All For One+1","Defragment+1","Leap","Biased Cognition","Ball Lightning","Ball Lightning","Doom and Gloom","Redo+1","Storm","Heatsinks","Fission","Redo+1","Ball Lightning","Loop+1","Redo+1","Ball Lightning","Capacitor","Go for the Eyes+1"],"max_hp_per_floor":[75,75,75,75,75,75,75,75,85,85,85,85,85,85,85,85,85,85,85,85,85,85,85,85,85,85,85,85,85,85,85,85,85,85,85,85,85,85,85,85],"relics":["Cracked Core","Pear","Nuclear Battery","Lantern","Art of War","Orrery"],"card_choices":[{"not_picked":["Cold Snap","Auto Shields"],"picked":"White Noise","floor":1},{"not_picked":["Barrage","Double Energy"],"picked":"Melter","floor":2},{"not_picked":["Recycle","Conserve Battery"],"picked":"Leap","floor":3},{"not_picked":["Conserve Battery","Sweeping Beam"],"picked":"All For One","floor":7},{"not_picked":["Glacier","Consume"],"picked":"Defragment","floor":12},{"not_picked":["Steam","Hello World"],"picked":"Leap","floor":14},{"not_picked":["Creative AI","Fission"],"picked":"Biased Cognition","floor":16},{"not_picked":["Chill+1","Gash"],"picked":"Ball Lightning","floor":18},{"not_picked":["BootSequence","Force Field+1"],"picked":"Doom and Gloom","floor":22},{"not_picked":["Coolheaded","Recycle"],"picked":"Redo","floor":23},{"not_picked":["Conserve Battery","Doom and Gloom+1"],"picked":"Storm","floor":24},{"not_picked":["Sweeping Beam+1","Go for the Eyes"],"picked":"Heatsinks","floor":28},{"not_picked":["Hyperbeam","Meteor Strike"],"picked":"Fission","floor":33},{"not_picked":["Turbo","Steam Power"],"picked":"Redo+1","floor":34},{"not_picked":["Leap+1","Beam Cell"],"picked":"Ball Lightning","floor":34},{"not_picked":["Stack","Doom and Gloom"],"picked":"Loop+1","floor":34},{"not_picked":["Gash","Machine Learning"],"picked":"Redo+1","floor":35},{"not_picked":["Hello World+1","Barrage"],"picked":"Ball Lightning","floor":36},{"not_picked":["Coolheaded+1","Storm"],"picked":"Go for the Eyes+1","floor":39}],"player_experience":164825,"potions_floor_usage":[16,16,16,28,33,39],"damage_taken":[{"damage":6,"enemies":"Jaw Worm","floor":1,"turns":5},{"damage":6,"enemies":"Cultist","floor":2,"turns":4},{"damage":0,"enemies":"Small Slimes","floor":3,"turns":3},{"damage":7,"enemies":"Looter","floor":7,"turns":4},{"damage":8,"enemies":"2 Fungi Beasts","floor":12,"turns":4},{"damage":12,"enemies":"Blue Slaver","floor":14,"turns":3},{"damage":16,"enemies":"Slime Boss","floor":16,"turns":10},{"damage":16,"enemies":"2 Thieves","floor":18,"turns":4},{"damage":19,"enemies":"3 Byrds","floor":22,"turns":4},{"damage":18,"enemies":"3 Cultists","floor":23,"turns":4},{"damage":15,"enemies":"Slaver and Parasite","floor":24,"turns":4},{"damage":0,"enemies":"Centurion and Healer","floor":28,"turns":2},{"damage":40,"enemies":"Automaton","floor":33,"turns":8},{"damage":0,"enemies":"3 Shapes","floor":35,"turns":6},{"damage":15,"enemies":"Orb Walker","floor":36,"turns":2},{"damage":39,"enemies":"Sphere and 2 Shapes","floor":39,"turns":4},{"damage":37,"enemies":"2 Orb Walkers","floor":40,"turns":2}],"relics_obtained":[{"floor":9,"key":"Pear"},{"floor":26,"key":"Lantern"}],"event_choices":[{"event_name":"Purifier","player_choice":"One Purge","floor":4,"damage_taken":0},{"event_name":"Wheel of Change","player_choice":"Curse","floor":11,"damage_taken":0},{"event_name":"The Cleric","player_choice":"Card Removal","floor":13,"damage_taken":0},{"event_name":"Back to Basics","player_choice":"Simplicity","floor":20,"damage_taken":0},{"event_name":"The Woman in Blue","player_choice":"Bought 2 Potions","floor":29,"damage_taken":0},{"event_name":"SensoryStone","player_choice":"Memory 1","floor":37,"damage_taken":0}],"boss_relics":[{"not_picked":["Pandora\u0027s Box","Snecko Eye"],"picked":"Nuclear Battery"},{"not_picked":["White Beast Statue","Runic Dome"],"picked":"Orrery"}],"items_purged_floors":[5,38],"potions_floor_spawned":[2,3,14,16,22,35],"seed_played":"6948394662583986626","killed_by":"2 Orb Walkers","ascension_level":0,"potions_obtained":[{"floor":2,"key":"Dexterity Potion"},{"floor":3,"key":"Ancient Potion"},{"floor":14,"key":"Strength Potion"},{"floor":16,"key":"FearPotion"},{"floor":22,"key":"PowerPotion"},{"floor":29,"key":"Weak Potion"},{"floor":29,"key":"GamblersBrew"},{"floor":35,"key":"Explosive Potion"}],"is_trial":false}