{"gold_per_floor":[360,378,130,147,166,191,191,209,209,221,250,250,269,298,298,373,373,383,383,273,223,238,267,285,295,377,9,38,88,120,140,140,140],"floor_reached":33,"playtime":1440,"items_purged":["Shame","Clumsy"],"score":658,"play_id":"f701f698-e996-4ec4-b324-3698ceb63c4a","local_time":"20190302235847","is_ascension_mode":true,"campfire_choices":[{"data":"Bash","floor":7.0,"key":"SMITH"},{"data":"Clothesline","floor":12.0,"key":"SMITH"},{"data":"Armaments","floor":15.0,"key":"SMITH"},{"data":"1","floor":32,"key":"LIFT"}],"neow_cost":"TEN_PERCENT_HP_LOSS","seed_source_timestamp":700728935556320,"circlet_count":0,"master_deck":["AscendersBane","Strike_R+1","Strike_R","Strike_R","Strike_R","Strike_R","Defend_R","Defend_R","Defend_R","Defend_R","Bash+1","Shrug It Off","Spot Weakness","Disarm","Twin Strike","Clothesline+1","Spot Weakness+1","Armaments+1","Sword Boomerang","Sword Boomerang","Whirlwind","Offering","Uppercut+1","Ghostly Armor","Disarm","Corruption","True Grit"],"special_seed":0,"relics":["Burning Blood","Lantern","Meat on the Bone","Orichalcum","Smiling Mask","Sundial","Calling Bell","PreservedInsect","Matryoshka","Girya","Art of War","Tiny Chest","Omamori","Anchor","Whetstone","Pocketwatch","Champion Belt"],"potions_floor_usage":[23,24,30,30],"damage_taken":[{"damage":6.0,"enemies":"Cultist","floor":1.0,"turns":3.0},{"damage":4.0,"enemies":"Small Slimes","floor":2.0,"turns":5.0},{"damage":3.0,"enemies":"2 Louse","floor":4.0,"turns":3.0},{"damage":4.0,"enemies":"2 Fungi Beasts","floor":5.0,"turns":4.0},{"damage":26.0,"enemies":"Lagavulin","floor":6.0,"turns":8.0},{"damage":15.0,"enemies":"Exordium Thugs","floor":8.0,"turns":3.0},{"damage":17.0,"enemies":"Gremlin Gang","floor":10.0,"turns":5.0},{"damage":26.0,"enemies":"Gremlin Nob","floor":11.0,"turns":4.0},{"damage":11.0,"enemies":"3 Louse","floor":13.0,"turns":5.0},{"damage":21.0,"enemies":"3 Sentries","floor":14.0,"turns":8.0},{"damage":36.0,"enemies":"Hexaghost","floor":16.0,"turns":8.0},{"damage":26.0,"enemies":"Shell Parasite","floor":18.0,"turns":4.0},{"damage":17.0,"enemies":"Chosen","floor":22.0,"turns":5.0},{"damage":27,"enemies":"Slavers","floor":23,"turns":4},{"damage":3,"enemies":"Centurion and Healer","floor":24,"turns":5},{"damage":25,"enemies":"3 Cultists","floor":25,"turns":6},{"damage":28,"enemies":"Book of Stabbing","floor":28,"turns":5},{"damage":9,"enemies":"Gremlin Leader","floor":30,"turns":5},{"damage":4,"enemies":"Snecko","floor":31,"turns":4},{"damage":62,"enemies":"Automaton","floor":33,"turns":6}],"seed_played":"-3702992590610773607","potions_obtained":[{"floor":2.0,"key":"Strength Potion"},{"floor":5.0,"key":"SteroidPotion"},{"floor":8.0,"key":"Block Potion"},{"floor":11.0,"key":"Block Potion"},{"floor":23,"key":"EssenceOfSteel"},{"floor":24,"key":"Strength Potion"},{"floor":28,"key":"Block Potion"}],"is_trial":false,"path_per_floor":["M","M","$","M","M","E","R","M","T","M","E","R","M","E","R","B",null,"M","?","?","$","M","E","M","M","T","$","E","?","E","M","R","B"],"character_chosen":"IRONCLAD","items_purchased":["Disarm","Lantern","Anchor","Whetstone"],"campfire_rested":0,"item_purchase_floors":[3,3,27,27],"current_hp_per_floor":[68,68,68,68,68,48,48,51,51,52,44,44,51,48,48,30,59,51,32,32,32,33,24,39,32,32,32,22,22,31,45,45,0],"gold":140,"neow_bonus":"TWO_FIFTY_GOLD","is_prod":false,"is_daily":false,"chose_seed":false,"campfire_upgraded":3,"win_rate":0,"timestamp":1551589127,"path_taken":["M","M","$","M","?","E","R","M","T","M","E","R","M","E","R","BOSS","M","?","?","$","M","E","?","M","T","$","E","?","E","M","R","BOSS"],"build_version":"2019-02-06","purchased_purges":2,"victory":false,"max_hp_per_floor":[68,68,68,68,68,68,68,68,68,68,68,68,68,68,68,68,68,68,73,73,73,73,73,73,73,73,73,73,73,73,73,73,73],"card_choices":[{"not_picked":["Wild Strike","Clash"],"picked":"Shrug It Off","floor":1.0},{"not_picked":["Body Slam","Fire Breathing"],"picked":"Spot Weakness","floor":2.0},{"not_picked":["Rage","Entrench"],"picked":"Twin Strike","floor":4.0},{"not_picked":["Searing Blow","Infernal Blade"],"picked":"Clothesline","floor":5.0},{"not_picked":["Clash","Blood for Blood"],"picked":"Spot Weakness","floor":6.0},{"not_picked":["Heavy Blade","Flex"],"picked":"Armaments","floor":8.0},{"not_picked":["Infernal Blade","Warcry","Armaments"],"picked":"SKIP","floor":10.0},{"not_picked":["Infernal Blade","Warcry","Armaments"],"picked":"SKIP","floor":10.0},{"not_picked":["Pommel Strike","Reckless Charge"],"picked":"Sword Boomerang","floor":11.0},{"not_picked":["Thunderclap","Twin Strike"],"picked":"Sword Boomerang","floor":13.0},{"not_picked":["Fiend Fire","Sever Soul"],"picked":"Whirlwind","floor":14.0},{"not_picked":["Berserk","Impervious"],"picked":"Offering","floor":16.0},{"not_picked":["Burning Pact","Cleave"],"picked":"Uppercut","floor":18.0},{"not_picked":["Searing Blow","Pommel Strike"],"picked":"Ghostly Armor","floor":22.0},{"not_picked":["Dropkick","Body Slam","Brutality"],"picked":"SKIP","floor":23},{"not_picked":["Whirlwind","Wild Strike"],"picked":"Disarm","floor":24},{"not_picked":["Twin Strike","Pommel Strike","Body Slam+1"],"picked":"SKIP","floor":25},{"not_picked":["Sever Soul","Havoc"],"picked":"Corruption","floor":28},{"not_picked":["Twin Strike","Thunderclap"],"picked":"True Grit","floor":30},{"not_picked":["Bloodletting","Twin Strike","Infernal Blade"],"picked":"SKIP","floor":31}],"player_experience":1040081,"relics_obtained":[{"floor":6.0,"key":"Meat on the Bone"},{"floor":9.0,"key":"Orichalcum"},{"floor":11.0,"key":"Smiling Mask"},{"floor":14.0,"key":"Sundial"},{"floor":17.0,"key":"PreservedInsect"},{"floor":17.0,"key":"Matryoshka"},{"floor":17.0,"key":"Girya"},{"floor":23,"key":"Art of War"},{"floor":26,"key":"Tiny Chest"},{"floor":26,"key":"Omamori"},{"floor":28,"key":"Pocketwatch"},{"floor":30,"key":"Champion Belt"}],"event_choices":[{"damage_healed":0.0,"max_hp_gain":5.0,"max_hp_loss":0.0,"gold_gain":0.0,"event_name":"Forgotten Altar","player_choice":"Shed Blood","floor":19.0,"gold_loss":0.0,"damage_taken":24.0},{"cards_removed":["Regret"],"damage_healed":0.0,"max_hp_gain":0.0,"max_hp_loss":0.0,"gold_gain":0.0,"event_name":"Designer","player_choice":"Upgrade and Remove","floor":20.0,"gold_loss":110.0,"damage_taken":0.0,"cards_upgraded":["Spot Weakness"]},{"damage_healed":0,"gold_gain":50,"player_choice":"Stole From Cult","damage_taken":0,"max_hp_gain":0,"max_hp_loss":0,"event_name":"Nest","floor":29,"gold_loss":0}],"is_beta":true,"boss_relics":[{"not_picked":["Empty Cage","Ectoplasm"],"picked":"Calling Bell"}],"items_purged_floors":[21,27],"is_endless":false,"potions_floor_spawned":[2,5,8,11,23,24,28],"killed_by":"Automaton","ascension_level":20}