{"gold_per_floor":[212,287,287,307,326,326,342,342,420,420,431,464,464,464],"floor_reached":14,"playtime":491,"items_purged":[],"score":180,"play_id":"05e07f91-7409-4a6f-a6bf-cc9a63e4d08b","local_time":"20190320103733","is_ascension_mode":true,"campfire_choices":[{"data":"Zap","floor":6,"key":"SMITH"},{"data":"Stack","floor":8,"key":"SMITH"},{"data":"Defend_B","floor":10,"key":"SMITH"}],"neow_cost":"NONE","seed_source_timestamp":627212468250060,"circlet_count":0,"master_deck":["AscendersBane","Strike_B","Strike_B","Strike_B","Defend_B","Defend_B","Defend_B","Defend_B+1","Zap+1","Dualcast","Glacier","Stack+1","Cold Snap","Coolheaded","Cold Snap"],"relics":["Cracked Core","Tiny Chest","Ancient Tea Set"],"potions_floor_usage":[12,14],"damage_taken":[{"damage":9,"enemies":"Jaw Worm","floor":1,"turns":4},{"damage":0,"enemies":"2 Louse","floor":4,"turns":2},{"damage":0,"enemies":"Cultist","floor":5,"turns":6},{"damage":4,"enemies":"3 Louse","floor":7,"turns":3},{"damage":1,"enemies":"Large Slime","floor":11,"turns":10},{"damage":14,"enemies":"Lagavulin","floor":12,"turns":9},{"damage":28,"enemies":"Gremlin Nob","floor":14,"turns":3}],"seed_played":"630329054713377508","potions_obtained":[{"floor":1,"key":"Fire Potion"},{"floor":5,"key":"Strength Potion"}],"is_trial":false,"path_per_floor":["M","?","?","M","M","R","M","R","T","R","M","E","?","?"],"character_chosen":"DEFECT","items_purchased":[],"campfire_rested":0,"item_purchase_floors":[],"current_hp_per_floor":[55,44,44,44,44,44,40,40,40,40,39,25,25,0],"gold":464,"neow_bonus":"HUNDRED_GOLD","is_prod":false,"is_daily":false,"chose_seed":false,"campfire_upgraded":3,"win_rate":0,"timestamp":1553092653,"path_taken":["M","?","?","M","M","R","M","R","T","R","?","E","?","?"],"build_version":"2019-03-15","purchased_purges":0,"victory":false,"max_hp_per_floor":[71,71,71,71,71,71,71,71,71,71,71,71,71,71],"card_choices":[{"not_picked":["Ball Lightning","Leap"],"picked":"Glacier","floor":1},{"not_picked":["Turbo","Barrage","Reprogram"],"picked":"SKIP","floor":4},{"not_picked":["Storm","Turbo"],"picked":"Stack","floor":5},{"not_picked":["Skim","Leap"],"picked":"Cold Snap","floor":7},{"not_picked":["Reinforced Body","Undo"],"picked":"Coolheaded","floor":11},{"not_picked":["Aggregate","Redo"],"picked":"Cold Snap","floor":12}],"player_experience":1151819,"relics_obtained":[{"floor":9,"key":"Tiny Chest"},{"floor":12,"key":"Ancient Tea Set"}],"event_choices":[{"damage_healed":0,"gold_gain":75,"player_choice":"Gather Gold","damage_taken":11,"max_hp_gain":0,"max_hp_loss":0,"event_name":"World of Goop","floor":2,"gold_loss":0},{"cards_removed":["Strike_B"],"damage_healed":0,"gold_gain":0,"player_choice":"Card Removal","damage_taken":0,"max_hp_gain":0,"max_hp_loss":0,"event_name":"Wheel of Change","floor":3,"gold_loss":0},{"damage_healed":0,"gold_gain":0,"player_choice":"Ignored","damage_taken":0,"max_hp_gain":0,"max_hp_loss":0,"event_name":"Liars Game","floor":13,"gold_loss":0},{"damage_healed":0,"gold_gain":0,"player_choice":"Searched \u00272\u0027 times","damage_taken":0,"max_hp_gain":0,"max_hp_loss":0,"event_name":"Dead Adventurer","floor":14,"gold_loss":0}],"is_beta":true,"boss_relics":[],"items_purged_floors":[],"is_endless":false,"potions_floor_spawned":[1,5],"killed_by":"Gremlin Nob","ascension_level":20}