{"gold_per_floor":[114,189,208,208,208,233,233,264,264,283,310,326,23,41,41,137,137,157,157,1,14,30,30],"floor_reached":23,"playtime":808,"items_purged":["Strike_R"],"score":260,"play_id":"f9f5099c-1671-4e46-aace-446542b2d27a","local_time":"20190322020654","is_ascension_mode":true,"campfire_choices":[{"data":"Armaments","floor":7,"key":"SMITH"},{"floor":15,"key":"REST"}],"neow_cost":"NONE","seed_source_timestamp":122891793547267,"circlet_count":0,"master_deck":["Strike_R","Defend_R","Defend_R","Defend_R","Defend_R","Bash","Headbutt","Armaments+1","Flame Barrier","Shockwave","Anger","Exhume","Searing Blow"],"relics":["Burning Blood","NeowsBlessing","Matryoshka","Ginger","Bottled Lightning","Ancient Tea Set","Sundial","Happy Flower","Torii","Empty Cage","FaceOfCleric"],"potions_floor_usage":[11,12,21,23,23],"damage_taken":[{"damage":0,"enemies":"2 Louse","floor":1,"turns":1},{"damage":0,"enemies":"Small Slimes","floor":3,"turns":1},{"damage":0,"enemies":"Lagavulin","floor":6,"turns":1},{"damage":27,"enemies":"Gremlin Nob","floor":8,"turns":4},{"damage":1,"enemies":"Cultist","floor":10,"turns":3},{"damage":39,"enemies":"Lagavulin","floor":11,"turns":8},{"damage":8,"enemies":"Large Slime","floor":12,"turns":6},{"damage":21,"enemies":"Gremlin Gang","floor":14,"turns":6},{"damage":13,"enemies":"The Guardian","floor":16,"turns":9},{"damage":47,"enemies":"Chosen","floor":18,"turns":7},{"damage":4,"enemies":"Shell Parasite","floor":21,"turns":6},{"damage":15,"enemies":"Snecko","floor":22,"turns":5},{"damage":43,"enemies":"Slavers","floor":23,"turns":4}],"seed_played":"-924591560974137772","potions_obtained":[{"floor":1,"key":"Explosive Potion"},{"floor":6,"key":"Block Potion"},{"floor":11,"key":"BloodPotion"},{"floor":12,"key":"Dexterity Potion"},{"floor":16,"key":"Explosive Potion"},{"floor":18,"key":"AttackPotion"}],"is_trial":false,"path_per_floor":["M","?","M","?","?","E","R","E","T","M","E","M","$","M","R","B",null,"M","?","$","M","M","E"],"character_chosen":"IRONCLAD","items_purchased":["Torii","Searing Blow"],"campfire_rested":1,"item_purchase_floors":[13,20],"current_hp_per_floor":[80,69,75,68,68,74,74,53,53,58,25,31,31,16,40,33,80,39,39,39,42,34,0],"gold":30,"neow_bonus":"THREE_ENEMY_KILL","is_prod":false,"is_daily":false,"chose_seed":false,"campfire_upgraded":1,"win_rate":0,"timestamp":1553245614,"path_taken":["M","?","M","?","?","E","R","E","T","M","E","?","$","M","R","BOSS","M","?","$","M","?","E"],"build_version":"2019-01-23","purchased_purges":1,"victory":false,"max_hp_per_floor":[80,80,80,80,80,80,80,80,80,80,80,80,80,80,80,80,80,80,80,80,81,82,82],"card_choices":[{"not_picked":["Burning Pact","Anger"],"picked":"Headbutt","floor":1},{"not_picked":["Rupture","Iron Wave","Pommel Strike"],"picked":"SKIP","floor":3},{"not_picked":["Barricade","Searing Blow"],"picked":"Armaments","floor":6},{"not_picked":["True Grit","Rampage","Armaments"],"picked":"SKIP","floor":8},{"not_picked":["Anger","Burning Pact"],"picked":"Flame Barrier","floor":10},{"not_picked":["Sword Boomerang","Twin Strike"],"picked":"Shockwave","floor":11},{"not_picked":["Flex","Pommel Strike","Warcry"],"picked":"SKIP","floor":12},{"not_picked":["Pummel","Wild Strike"],"picked":"Anger","floor":14},{"not_picked":["Demon Form","Limit Break"],"picked":"Exhume","floor":16},{"not_picked":["Thunderclap+1","Havoc","Body Slam"],"picked":"SKIP","floor":18},{"not_picked":["Heavy Blade","Sword Boomerang","Pommel Strike"],"picked":"SKIP","floor":21},{"not_picked":["Second Wind","Headbutt","Wild Strike"],"picked":"SKIP","floor":22}],"player_experience":379597,"relics_obtained":[{"floor":6,"key":"Ginger"},{"floor":8,"key":"Bottled Lightning"},{"floor":9,"key":"Ancient Tea Set"},{"floor":9,"key":"Sundial"},{"floor":11,"key":"Happy Flower"}],"event_choices":[{"damage_healed":0,"gold_gain":75,"player_choice":"Gather Gold","damage_taken":11,"max_hp_gain":0,"max_hp_loss":0,"event_name":"World of Goop","floor":2,"gold_loss":0},{"cards_removed":["Strike_R"],"damage_healed":0,"gold_gain":0,"player_choice":"Card Removal","damage_taken":7,"max_hp_gain":0,"max_hp_loss":0,"event_name":"Golden Wing","floor":4,"gold_loss":0},{"damage_healed":0,"gold_gain":0,"player_choice":"Gave Potion","damage_taken":0,"relics_obtained":["Matryoshka"],"max_hp_gain":0,"max_hp_loss":0,"event_name":"WeMeetAgain","floor":5,"gold_loss":0},{"damage_healed":0,"gold_gain":0,"player_choice":"Trade","damage_taken":0,"relics_obtained":["FaceOfCleric"],"max_hp_gain":0,"max_hp_loss":0,"event_name":"FaceTrader","floor":19,"gold_loss":0}],"is_beta":false,"boss_relics":[{"not_picked":["Astrolabe","Ectoplasm"],"picked":"Empty Cage"}],"items_purged_floors":[20],"is_endless":false,"potions_floor_spawned":[1,6,11,12,16,18],"killed_by":"Slavers","ascension_level":2}