{"gold_per_floor":[109,109,109,134,155,155,191,191,246,199,199],"floor_reached":11,"playtime":510,"items_purged":[],"score":146,"play_id":"dc32cc63-95c0-4459-9dc2-69fa4e7b3c8d","local_time":"20190302005415","is_ascension_mode":true,"campfire_choices":[{"data":"Draining Mist","floor":6.0,"key":"SMITH"},{"floor":8,"key":"REST"}],"neow_cost":"NONE","seed_source_timestamp":618588293570132,"circlet_count":0,"master_deck":["AscendersBane","Defend_G","Defend_G","Defend_G","Defend_G","Defend_G","Strike_G","Strike_G","Strike_G","Strike_G","Strike_G","Survivor","Neutralize","Escape Plan","Backflip","Draining Mist+1","Draining Mist","Dodge and Roll"],"special_seed":0,"relics":["Honey Jar","Golden Idol","Blood Vial","Tiny Chest"],"potions_floor_usage":[7,11],"damage_taken":[{"damage":2.0,"enemies":"2 Louse","floor":1.0,"turns":3.0},{"damage":5.0,"enemies":"Jaw Worm","floor":4.0,"turns":4.0},{"damage":1.0,"enemies":"Cultist","floor":5.0,"turns":4.0},{"damage":41,"enemies":"Lagavulin","floor":7,"turns":10},{"damage":20,"enemies":"Exordium Thugs","floor":10,"turns":5},{"damage":29,"enemies":"Gremlin Nob","floor":11,"turns":3}],"seed_played":"-606594966675868658","potions_obtained":[{"floor":1.0,"key":"Milkshake"},{"floor":7,"key":"Venom Potion"}],"is_trial":false,"path_per_floor":["M","?","T","M","M","R","E","R","T","M","E"],"character_chosen":"THE_SILENT","items_purchased":[],"campfire_rested":1,"item_purchase_floors":[],"current_hp_per_floor":[57,57,57,52,51,51,10,28,28,10,0],"gold":199,"neow_bonus":"BOSS_RELIC","is_prod":false,"is_daily":false,"chose_seed":false,"campfire_upgraded":1,"win_rate":0,"timestamp":1551506055,"path_taken":["M","?","?","M","M","R","E","R","T","M","E"],"build_version":"2019-02-06","purchased_purges":0,"victory":false,"max_hp_per_floor":[66,60,60,60,60,60,60,60,60,60,60],"card_choices":[{"not_picked":["Poisoned Stab","Dodge and Roll","Setup"],"picked":"Escape Plan","floor":1.0},{"not_picked":["Dodge and Roll","Slice","Flying Knee"],"picked":"Backflip","floor":4.0},{"not_picked":["Flechettes","Deadly Poison","Choke"],"picked":"Draining Mist","floor":5.0},{"not_picked":["Expertise","Cloak And Dagger","Unload"],"picked":"Draining Mist","floor":7},{"not_picked":["Slice","Heel Hook","Masterful Stab"],"picked":"Dodge and Roll","floor":10}],"player_experience":1094017,"relics_obtained":[{"floor":7,"key":"Blood Vial"},{"floor":9,"key":"Tiny Chest"}],"event_choices":[{"damage_healed":0.0,"max_hp_gain":0.0,"max_hp_loss":6.0,"gold_gain":0.0,"event_name":"Golden Idol","player_choice":"Lose Max HP","floor":2.0,"gold_loss":0.0,"damage_taken":0.0,"relics_obtained":["Golden Idol"]}],"is_beta":true,"boss_relics":[],"items_purged_floors":[],"is_endless":false,"potions_floor_spawned":[1,7],"killed_by":"Gremlin Nob","ascension_level":20}