{"path_per_floor":["M","M","?","?","M","$","$","?","T","R","M","M","?","E","R"],"character_chosen":"THE_SILENT","items_purchased":["Quick Slash"],"gold_per_floor":[109,120,120,120,133,87,87,162,187,187,212,228,264,299,299,299],"floor_reached":16,"campfire_rested":1,"playtime":857,"current_hp_per_floor":[70,69,62,45,45,45,45,34,34,34,30,30,29,8,29,0],"items_purged":[],"gold":299,"score":100,"play_id":"1b6e4836-276b-435f-9bf0-c6ddaf42ff36","local_time":"20180330032107","is_prod":false,"is_daily":false,"is_ascension_mode":false,"campfire_upgraded":1,"timestamp":1522405267,"path_taken":["M","M","?","?","?","?","$","?","T","R","M","?","?","E","R","BOSS"],"build_version":"2018-03-29v2","purchased_purges":0,"victory":false,"master_deck":["Defend_G","Defend_G","Defend_G","Defend_G","Defend_G","Strike_G","Strike_G","Strike_G","Strike_G","Strike_G","Survivor","Neutralize","Infinite Blades+1","Sucker Punch","Quick Slash","Poisoned Stab","Slice","Deflect","Backflip"],"max_hp_per_floor":[70,70,70,70,70,70,70,70,70,70,70,70,70,70,70,70],"relics":["Ring of the Snake","Golden Idol","Ancient Tea Set","Odd Mushroom","Anchor"],"card_choices":[{"not_picked":["Dodge and Roll","Bane"],"picked":"Heel Hook","floor":1},{"not_picked":["Leg Sweep","Acrobatics"],"picked":"Infinite Blades","floor":2},{"not_picked":["Outmaneuver","Escape Plan"],"picked":"Sucker Punch","floor":5},{"not_picked":["Caltrops","Outmaneuver"],"picked":"Poisoned Stab","floor":11},{"not_picked":["Escape Plan","Dagger Spray"],"picked":"Slice","floor":12},{"not_picked":["Dagger Spray","Unload"],"picked":"Deflect","floor":13},{"not_picked":["Bane","Predator"],"picked":"Backflip","floor":14}],"player_experience":38145,"potions_floor_usage":[13,16],"damage_taken":[{"damage":0,"enemies":"Cultist","floor":1,"turns":4},{"damage":1,"enemies":"Jaw Worm","floor":2,"turns":4},{"damage":0,"enemies":"2 Louse","floor":5,"turns":3},{"damage":4,"enemies":"Exordium Wildlife","floor":11,"turns":7},{"damage":0,"enemies":"Exordium Thugs","floor":12,"turns":5},{"damage":1,"enemies":"The Mushroom Lair","floor":13,"turns":5},{"damage":21,"enemies":"3 Sentries","floor":14,"turns":9},{"damage":34,"enemies":"Hexaghost","floor":16,"turns":14}],"event_choices":[{"event_name":"Golden Wing","player_choice":"Card Removal","floor":3,"damage_taken":0},{"event_name":"Golden Idol","player_choice":"Take Damage","floor":4,"damage_taken":0},{"event_name":"World of Goop","player_choice":"Gather Gold","floor":8,"damage_taken":0},{"event_name":"Mushrooms","player_choice":"Fought Mushrooms","floor":13,"damage_taken":0}],"boss_relics":[],"potions_floor_spawned":[1,11,12,14],"seed_played":"-3462105898100842511","killed_by":"Hexaghost","ascension_level":0,"is_trial":false}