{"path_per_floor":["M","?","M","?","M","E","M","M","T","M","R","M","M","M","R","B",null,"M","?","?","M","?","R"],"character_chosen":"IRONCLAD","items_purchased":[],"gold_per_floor":[118,83,98,98,114,139,157,176,251,270,270,289,303,322,322,423,423,434,434,359,373,373,373,373],"floor_reached":24,"campfire_rested":2,"playtime":1042,"current_hp_per_floor":[54,78,75,75,77,45,27,24,24,30,61,45,31,35,66,40,106,86,70,70,71,49,49,0],"items_purged":[],"gold":373,"score":252,"play_id":"3567cf3e-8336-4732-9a3c-1a08e5bf4508","local_time":"20180331061615","is_prod":false,"is_daily":false,"is_ascension_mode":false,"campfire_upgraded":1,"timestamp":1522502175,"path_taken":["M","?","?","?","M","E","M","M","T","M","R","M","M","M","R","BOSS","M","?","?","M","?","R","E"],"build_version":"2018-03-29v2","purchased_purges":0,"victory":false,"master_deck":["Strike_R","Strike_R","Strike_R","Strike_R","Defend_R","Defend_R","Defend_R","Defend_R","Bash","Clothesline+1","Rampage","Shockwave","Headbutt","Rage","Dropkick","Thunderclap","Perfected Strike","Sword Boomerang","Double Tap+1","Heavy Blade+1","Anger+1"],"max_hp_per_floor":[96,96,96,96,96,106,106,106,106,106,106,106,106,106,106,106,106,106,106,106,109,114,114,114],"relics":["Black Blood","Pear","The Courier","Nilry\u0027s Codex"],"card_choices":[{"not_picked":["Rampage","Blood for Blood"],"picked":"Clothesline","floor":1},{"not_picked":["Clash","Armaments"],"picked":"Rampage","floor":3},{"not_picked":["Iron Wave","Blood for Blood"],"picked":"Shockwave","floor":6},{"not_picked":["Combust","Whirlwind"],"picked":"Headbutt","floor":7},{"not_picked":["Hemokinesis","Whirlwind"],"picked":"Rage","floor":8},{"not_picked":["Havoc","Corruption"],"picked":"Dropkick","floor":10},{"not_picked":["Battle Trance","Ghostly Armor"],"picked":"Thunderclap","floor":12},{"not_picked":["Iron Wave","Clash"],"picked":"Perfected Strike","floor":13},{"not_picked":["Dark Embrace","Power Through"],"picked":"Sword Boomerang","floor":14},{"not_picked":["Brutality","Immolate"],"picked":"Double Tap","floor":16},{"not_picked":["Disarm","Thunderclap"],"picked":"Heavy Blade","floor":18},{"not_picked":["Sentinel","Seeing Red"],"picked":"Anger","floor":21}],"player_experience":63869,"potions_floor_usage":[10,12,16,16,16,18],"damage_taken":[{"damage":0,"enemies":"2 Louse","floor":1,"turns":3},{"damage":9,"enemies":"Small Slimes","floor":3,"turns":4},{"damage":4,"enemies":"Cultist","floor":5,"turns":3},{"damage":48,"enemies":"3 Sentries","floor":6,"turns":8},{"damage":24,"enemies":"2 Fungi Beasts","floor":7,"turns":4},{"damage":9,"enemies":"Blue Slaver","floor":8,"turns":3},{"damage":0,"enemies":"Large Slime","floor":10,"turns":5},{"damage":22,"enemies":"Exordium Thugs","floor":12,"turns":5},{"damage":20,"enemies":"3 Louse","floor":13,"turns":4},{"damage":2,"enemies":"2 Fungi Beasts","floor":14,"turns":3},{"damage":47,"enemies":"Slime Boss","floor":16,"turns":9},{"damage":30,"enemies":"Spheric Guardian","floor":18,"turns":6},{"damage":12,"enemies":"3 Byrds","floor":21,"turns":5},{"damage":54,"enemies":"Book of Stabbing","floor":24,"turns":5}],"event_choices":[{"event_name":"The Cleric","player_choice":"Healed","floor":2,"damage_taken":0},{"event_name":"Living Wall","player_choice":"Grow","floor":4,"damage_taken":0},{"event_name":"Cursed Tome","player_choice":"Obtained Book","floor":19,"damage_taken":0},{"event_name":"Beggar","player_choice":"Gave Gold","floor":20,"damage_taken":0},{"event_name":"Forgotten Altar","player_choice":"Shed Blood","floor":22,"damage_taken":0}],"boss_relics":[{"not_picked":["Eternal Feather","Snecko Eye"],"picked":"Black Blood"}],"potions_floor_spawned":[3,6,8,12,14,16,21],"seed_played":"-6407846192776222590","killed_by":"Book of Stabbing","ascension_level":0,"is_trial":false}