{"gold_per_floor":[366,378,394,153,172,172,172,207,207,207,224,224,242,207,207,283,283,300,300,300,318,318,318,318,318,348,152,163,174,43,72,72,151,151,171,190,210,210,222,222,239,239,239,139,139,159,159,175,175,175],"floor_reached":51,"playtime":3137,"items_purged":["Strike_B","Pain"],"score":1249,"play_id":"0483aa08-2080-425f-91f3-b0fa2bd4baa6","local_time":"20190318174831","is_ascension_mode":true,"campfire_choices":[{"data":"Loop","floor":6,"key":"SMITH"},{"floor":10,"key":"REST"},{"data":"Buffer","floor":15,"key":"SMITH"},{"floor":23,"key":"REST"},{"floor":25,"key":"REST"},{"floor":32,"key":"REST"},{"floor":40,"key":"REST"},{"floor":45,"key":"RECALL"},{"floor":49,"key":"REST"}],"neow_cost":"TEN_PERCENT_HP_LOSS","seed_source_timestamp":29787032543043,"circlet_count":0,"master_deck":["AscendersBane","Strike_B+1","Strike_B+1","Strike_B+1","Defend_B+1","Defend_B+1","Defend_B+1","Defend_B+1","Zap","Dualcast","Cold Snap","Consume+1","Glacier","Loop+1","Sunder","FTL","Genetic Algorithm","Coolheaded","Buffer+1","Echo Form","Streamline","Cold Snap","Loop","Echo Form","Glacier","Conserve Battery","Blizzard","Hello World","Conserve Battery+1","Electrodynamics","Conserve Battery+1","Undo","FTL+1","Creative AI"],"relics":["Cracked Core","DataDisk","Shuriken","Fusion Hammer","Enchiridion","Tiny Chest","FossilizedHelix","Nuclear Battery","WarpedTongs","Mummified Hand"],"potions_floor_usage":[8,11,16,29,33,33,39,39,50],"damage_taken":[{"damage":1,"enemies":"2 Louse","floor":1,"turns":3},{"damage":12,"enemies":"Jaw Worm","floor":2,"turns":3},{"damage":3,"enemies":"Small Slimes","floor":3,"turns":3},{"damage":1,"enemies":"Blue Slaver","floor":5,"turns":6},{"damage":26,"enemies":"Lagavulin","floor":8,"turns":8},{"damage":2,"enemies":"Large Slime","floor":11,"turns":5},{"damage":7,"enemies":"2 Fungi Beasts","floor":13,"turns":2},{"damage":3,"enemies":"The Guardian","floor":16,"turns":12},{"damage":5,"enemies":"Spheric Guardian","floor":18,"turns":6},{"damage":0,"enemies":"Shell Parasite","floor":21,"turns":9},{"damage":0,"enemies":"Snecko","floor":28,"turns":7},{"damage":0,"enemies":"Centurion and Healer","floor":29,"turns":8},{"damage":24,"enemies":"Slavers","floor":31,"turns":5},{"damage":6,"enemies":"Collector","floor":33,"turns":15},{"damage":0,"enemies":"Orb Walker","floor":35,"turns":4},{"damage":0,"enemies":"3 Shapes","floor":36,"turns":2},{"damage":0,"enemies":"Maw","floor":37,"turns":8},{"damage":0,"enemies":"4 Shapes","floor":39,"turns":4},{"damage":0,"enemies":"Spire Growth","floor":41,"turns":10},{"damage":0,"enemies":"Sphere and 2 Shapes","floor":46,"turns":6},{"damage":0,"enemies":"3 Darklings","floor":48,"turns":3},{"damage":22,"enemies":"Donu and Deca","floor":50,"turns":11}],"seed_played":"-2569045871433400756","potions_obtained":[{"floor":3,"key":"Poison Potion"},{"floor":5,"key":"SpeedPotion"},{"floor":8,"key":"Swift Potion"},{"floor":13,"key":"AttackPotion"},{"floor":18,"key":"FearPotion"},{"floor":31,"key":"PowerPotion"},{"floor":35,"key":"SpeedPotion"},{"floor":37,"key":"EntropicBrew"},{"floor":46,"key":"AttackPotion"}],"is_trial":false,"path_per_floor":["M","M","M","$","M","R","?","E","T","R","M","?","M","?","R","B",null,"M","?","?","M","?","R","?","R","T","$","M","M","$","E","R","B",null,"M","M","M","?","M","R","M","?","T","$","R","M","$","M","R","B",null],"character_chosen":"DEFECT","items_purchased":["Loop","Sunder","Echo Form","Glacier","Blizzard","Hello World"],"campfire_rested":6,"item_purchase_floors":[4,4,27,27,30,30],"current_hp_per_floor":[63,51,48,48,47,47,47,21,21,40,38,38,31,47,47,44,59,54,33,33,33,33,52,52,64,64,64,64,64,64,40,59,53,61,61,61,61,61,61,64,64,64,64,64,64,64,64,64,64,42],"gold":175,"neow_bonus":"TWO_FIFTY_GOLD","is_prod":false,"is_daily":false,"chose_seed":false,"campfire_upgraded":2,"win_rate":0,"timestamp":1552945711,"path_taken":["M","M","M","$","M","R","?","E","T","R","M","?","?","?","R","BOSS","M","?","?","M","?","R","?","R","T","$","M","M","$","E","R","BOSS","M","M","M","?","M","R","M","?","T","$","R","M","$","M","R","BOSS"],"build_version":"2019-03-15","purchased_purges":2,"victory":true,"max_hp_per_floor":[64,64,64,64,64,64,64,64,64,64,64,64,64,64,64,64,64,64,64,64,64,64,64,64,64,64,64,64,64,64,64,64,64,64,64,64,64,64,64,64,64,64,64,64,64,64,64,64,64,64],"card_choices":[{"not_picked":["Static Discharge","Ball Lightning"],"picked":"Cold Snap","floor":1},{"not_picked":["Streamline","White Noise"],"picked":"Consume","floor":2},{"not_picked":["Barrage","Rebound"],"picked":"Glacier","floor":3},{"not_picked":["Consume","Barrage"],"picked":"FTL","floor":5},{"not_picked":["Gash","Compile Driver"],"picked":"Genetic Algorithm","floor":8},{"not_picked":["Go for the Eyes","Rebound"],"picked":"Coolheaded","floor":11},{"not_picked":["Beam Cell","Ball Lightning"],"picked":"Buffer","floor":13},{"not_picked":["Biased Cognition","Electrodynamics"],"picked":"Echo Form","floor":16},{"not_picked":["Steam","Turbo"],"picked":"Streamline","floor":18},{"not_picked":["Compile Driver","Scrape"],"picked":"Cold Snap","floor":21},{"not_picked":["Tempest+1","Rebound"],"picked":"Conserve Battery","floor":28},{"not_picked":["Ball Lightning","Lockon+1","Recycle"],"picked":"SKIP","floor":29},{"not_picked":["Compile Driver","Barrage+1"],"picked":"Conserve Battery+1","floor":31},{"not_picked":["Multi-Cast","Meteor Strike"],"picked":"Electrodynamics","floor":33},{"not_picked":["Barrage","Leap+1"],"picked":"Conserve Battery+1","floor":35},{"not_picked":["Reprogram","Streamline"],"picked":"Undo","floor":36},{"not_picked":["Compile Driver+1","Rip and Tear"],"picked":"FTL+1","floor":37},{"not_picked":["Blizzard+1","Aggregate"],"picked":"Creative AI","floor":39},{"not_picked":["Melter+1","Beam Cell","Rebound"],"picked":"SKIP","floor":41},{"not_picked":["Barrage","Auto Shields","Redo"],"picked":"SKIP","floor":46},{"not_picked":["Beam Cell","Leap","Redo"],"picked":"SKIP","floor":48}],"player_experience":576389,"relics_obtained":[{"floor":8,"key":"DataDisk"},{"floor":9,"key":"Shuriken"},{"floor":19,"key":"Enchiridion"},{"floor":26,"key":"Tiny Chest"},{"floor":31,"key":"FossilizedHelix"},{"floor":43,"key":"Mummified Hand"}],"event_choices":[{"damage_healed":0,"gold_gain":0,"player_choice":"Ignored","damage_taken":0,"max_hp_gain":0,"max_hp_loss":0,"event_name":"Liars Game","floor":7,"gold_loss":0},{"damage_healed":0,"gold_gain":0,"player_choice":"Grow","damage_taken":0,"max_hp_gain":0,"max_hp_loss":0,"event_name":"Living Wall","floor":12,"gold_loss":0,"cards_upgraded":["Consume"]},{"damage_healed":16,"gold_gain":0,"player_choice":"Healed","damage_taken":0,"max_hp_gain":0,"max_hp_loss":0,"event_name":"The Cleric","floor":14,"gold_loss":35},{"damage_healed":0,"gold_gain":0,"player_choice":"Obtained Book","damage_taken":21,"max_hp_gain":0,"max_hp_loss":0,"event_name":"Cursed Tome","floor":19,"gold_loss":0},{"damage_healed":0,"gold_gain":0,"player_choice":"Simplicity","damage_taken":0,"max_hp_gain":0,"max_hp_loss":0,"event_name":"Back to Basics","floor":20,"gold_loss":0,"cards_upgraded":["Strike_B","Strike_B","Strike_B","Defend_B","Defend_B","Defend_B","Defend_B"]},{"damage_healed":0,"gold_gain":0,"player_choice":"Read","damage_taken":0,"max_hp_gain":0,"max_hp_loss":0,"event_name":"The Library","floor":22,"gold_loss":0,"cards_obtained":["Loop"]},{"damage_healed":0,"gold_gain":0,"player_choice":"Ignored","damage_taken":0,"max_hp_gain":0,"max_hp_loss":0,"event_name":"Vampires","floor":24,"gold_loss":0},{"damage_healed":0,"gold_gain":0,"player_choice":"Ignored","damage_taken":0,"max_hp_gain":0,"max_hp_loss":0,"event_name":"Mysterious Sphere","floor":38,"gold_loss":0},{"damage_healed":0,"gold_gain":0,"player_choice":"Rummage","damage_taken":0,"relics_obtained":["WarpedTongs"],"max_hp_gain":0,"max_hp_loss":0,"event_name":"Accursed Blacksmith","floor":42,"gold_loss":0,"cards_obtained":["Pain"]}],"is_beta":true,"boss_relics":[{"not_picked":["Busted Crown","Black Star"],"picked":"Fusion Hammer"},{"not_picked":["Tiny House","Coffee Dripper"],"picked":"Nuclear Battery"}],"items_purged_floors":[4,44],"is_endless":false,"potions_floor_spawned":[3,5,8,13,18,31,35,37,46],"ascension_level":18}