{"gold_per_floor":[109,109,59,234,285,316,337,337,412,412],"floor_reached":10,"playtime":310,"items_purged":[],"score":80,"play_id":"f72e8e9a-108b-47f6-ae18-7a995bc08721","local_time":"20190118140932","is_ascension_mode":true,"campfire_choices":[{"data":"Cloak And Dagger","floor":8,"key":"SMITH"}],"neow_cost":"NONE","seed_source_timestamp":16268901049012,"circlet_count":0,"master_deck":["Defend_G","Defend_G","Defend_G","Strike_G","Strike_G","Strike_G","Strike_G","Strike_G","Survivor","Neutralize","Infinite Blades","Doubt","Dodge and Roll","Cloak And Dagger+1"],"relics":["Ring of the Snake","Golden Idol","Bag of Preparation","Kunai","Darkstone Periapt"],"potions_floor_usage":[10],"damage_taken":[{"damage":20,"enemies":"Jaw Worm","floor":1,"turns":4},{"damage":36,"enemies":"3 Sentries","floor":6,"turns":11},{"damage":3,"enemies":"2 Louse","floor":7,"turns":4},{"damage":12,"enemies":"Gremlin Nob","floor":10,"turns":2}],"seed_played":"-3517859053381655151","potions_obtained":[{"floor":7,"key":"AttackPotion"}],"is_trial":false,"path_per_floor":["M","?","?","?","T","E","M","R","T","E"],"character_chosen":"THE_SILENT","items_purchased":[],"campfire_rested":0,"item_purchase_floors":[],"current_hp_per_floor":[50,50,50,50,50,14,11,11,11,0],"gold":412,"neow_bonus":"REMOVE_CARD","is_prod":false,"is_daily":false,"chose_seed":false,"campfire_upgraded":1,"win_rate":0,"timestamp":1547838572,"path_taken":["M","?","?","?","?","E","M","R","T","E"],"build_version":"2019-01-16","purchased_purges":0,"victory":false,"max_hp_per_floor":[70,65,65,65,65,65,65,65,65,65],"card_choices":[{"not_picked":["Quick Slash","Cloak And Dagger"],"picked":"Infinite Blades","floor":1},{"not_picked":["Skewer","Deadly Poison"],"picked":"Dodge and Roll","floor":6},{"not_picked":["Prepared","Dagger Throw"],"picked":"Cloak And Dagger","floor":7}],"player_experience":214582,"relics_obtained":[{"floor":5,"key":"Bag of Preparation"},{"floor":6,"key":"Kunai"},{"floor":9,"key":"Darkstone Periapt"}],"event_choices":[{"damage_healed":0,"gold_gain":0,"player_choice":"Lose Max HP","damage_taken":0,"relics_obtained":["Golden Idol"],"max_hp_gain":0,"max_hp_loss":5,"event_name":"Golden Idol","floor":2,"gold_loss":0},{"cards_removed":["Defend_G"],"damage_healed":0,"gold_gain":0,"player_choice":"Card Removal","damage_taken":0,"max_hp_gain":0,"max_hp_loss":0,"event_name":"The Cleric","floor":3,"gold_loss":50},{"damage_healed":0,"gold_gain":175,"player_choice":"AGREE","damage_taken":0,"max_hp_gain":0,"max_hp_loss":0,"event_name":"Liars Game","floor":4,"gold_loss":0,"cards_obtained":["Doubt"]}],"is_beta":true,"boss_relics":[],"items_purged_floors":[],"is_endless":false,"potions_floor_spawned":[7],"killed_by":"Gremlin Nob","ascension_level":5}