{"gold_per_floor":[119,69,84,9,25,57,57,74,74,74,74,74,87,102,102,102],"floor_reached":16,"playtime":818,"items_purged":["Strike_G"],"score":102,"play_id":"a63dea9a-794f-4f1b-afcc-7eb64398ac18","local_time":"20190127040135","is_ascension_mode":false,"campfire_choices":[{"floor":7,"key":"REST"},{"floor":12,"key":"REST"},{"floor":15,"key":"REST"}],"neow_cost":"NONE","seed_source_timestamp":828222756558462,"circlet_count":0,"master_deck":["Defend_G","Defend_G","Defend_G","Defend_G","Strike_G","Strike_G","Strike_G","Survivor","Neutralize","Flying Knee","Concentrate","Heel Hook","Flying Knee","Tools of the Trade","Underhanded Strike"],"relics":["Ring of the Snake","NeowsBlessing","Ancient Tea Set","Dodecahedron","Gambling Chip"],"potions_floor_usage":[6,16],"damage_taken":[{"damage":0,"enemies":"Jaw Worm","floor":1,"turns":1},{"damage":0,"enemies":"2 Louse","floor":3,"turns":1},{"damage":0,"enemies":"Cultist","floor":5,"turns":1},{"damage":49,"enemies":"Lagavulin","floor":6,"turns":13},{"damage":5,"enemies":"Exordium Wildlife","floor":8,"turns":4},{"damage":2,"enemies":"Exordium Thugs","floor":13,"turns":5},{"damage":4,"enemies":"Red Slaver","floor":14,"turns":3},{"damage":44,"enemies":"Slime Boss","floor":16,"turns":10}],"seed_played":"6044768144732939576","potions_obtained":[{"floor":5,"key":"GhostInAJar"},{"floor":6,"key":"LiquidBronze"},{"floor":8,"key":"FearPotion"},{"floor":14,"key":"Dexterity Potion"}],"is_trial":false,"path_per_floor":["M","?","M","$","M","E","R","M","T","?","?","R","M","M","R","B"],"character_chosen":"THE_SILENT","items_purchased":[],"campfire_rested":3,"item_purchase_floors":[],"current_hp_per_floor":[70,70,70,70,70,21,42,37,37,12,5,26,24,20,41,0],"gold":102,"neow_bonus":"THREE_ENEMY_KILL","is_prod":false,"is_daily":false,"chose_seed":false,"campfire_upgraded":0,"win_rate":0,"timestamp":1548590495,"path_taken":["M","?","M","$","M","E","R","M","T","?","?","R","M","M","R","BOSS"],"build_version":"2019-01-23","purchased_purges":1,"victory":false,"max_hp_per_floor":[70,70,70,70,70,70,70,70,70,70,70,70,70,70,70,70],"card_choices":[{"not_picked":["Bane","Terror"],"picked":"Flying Knee","floor":1},{"not_picked":["Dagger Spray","Acrobatics"],"picked":"Concentrate","floor":3},{"not_picked":["Bouncing Flask","Poisoned Stab"],"picked":"Heel Hook","floor":5},{"not_picked":["Skewer","Riddle With Holes"],"picked":"Flying Knee","floor":6},{"not_picked":["Sucker Punch","Underhanded Strike"],"picked":"Tools of the Trade","floor":8},{"not_picked":["Dash","Dodge and Roll","Slice"],"picked":"SKIP","floor":13},{"not_picked":["Heel Hook","Catalyst"],"picked":"Underhanded Strike","floor":14}],"player_experience":185899,"relics_obtained":[{"floor":6,"key":"Ancient Tea Set"},{"floor":9,"key":"Dodecahedron"}],"event_choices":[{"cards_removed":["Strike_G"],"damage_healed":0,"gold_gain":0,"player_choice":"Card Removal","damage_taken":0,"max_hp_gain":0,"max_hp_loss":0,"event_name":"The Cleric","floor":2,"gold_loss":50},{"damage_healed":0,"gold_gain":0,"player_choice":"Success","damage_taken":25,"relics_obtained":["Gambling Chip"],"max_hp_gain":0,"max_hp_loss":0,"event_name":"Scrap Ooze","floor":10,"gold_loss":0},{"cards_removed":["Defend_G"],"damage_healed":0,"gold_gain":0,"player_choice":"Card Removal","damage_taken":7,"max_hp_gain":0,"max_hp_loss":0,"event_name":"Golden Wing","floor":11,"gold_loss":0}],"is_beta":false,"boss_relics":[],"items_purged_floors":[4],"is_endless":false,"potions_floor_spawned":[5,6,8,14],"killed_by":"Slime Boss","ascension_level":0}