{"gold_per_floor":[11,11,11,24,40,73,73,108,131,131,17,17,34,48,48,146,146,163,163,26,39,56,56,88,100,125,125,137,52,52],"floor_reached":30,"playtime":1164,"items_purged":["Strike_G"],"score":286,"play_id":"2e9630b3-aca4-4883-a0d5-c8a9f9b3962c","local_time":"20190314060531","is_ascension_mode":true,"campfire_choices":[{"data":"Dash","floor":12,"key":"SMITH"},{"floor":15,"key":"REST"},{"floor":23,"key":"REST"}],"neow_cost":"NO_GOLD","seed_source_timestamp":50450226541262,"circlet_count":0,"master_deck":["Defend_G","Defend_G","Defend_G","Defend_G","Defend_G","Strike_G","Strike_G","Survivor","Neutralize","Poisoned Stab","Sucker Punch","Leg Sweep+1","Bouncing Flask","Dash+1","Deadly Poison","Deadly Poison","Envenom","Slice+1","RitualDagger","Cloak And Dagger","Dramatic Entrance","Leg Sweep","Slice","Infinite Blades+1","Prepared","Forethought"],"relics":["Ring of the Snake","Omamori","Boot","Orichalcum","NlothsMask","WristBlade","Lantern"],"potions_floor_usage":[6,8,24],"damage_taken":[{"damage":2,"enemies":"Jaw Worm","floor":1,"turns":7},{"damage":4,"enemies":"Small Slimes","floor":4,"turns":3},{"damage":0,"enemies":"Cultist","floor":5,"turns":4},{"damage":23,"enemies":"3 Sentries","floor":6,"turns":14},{"damage":14,"enemies":"Lagavulin","floor":8,"turns":8},{"damage":7,"enemies":"Exordium Wildlife","floor":13,"turns":4},{"damage":0,"enemies":"Red Slaver","floor":14,"turns":5},{"damage":12,"enemies":"The Guardian","floor":16,"turns":8},{"damage":18,"enemies":"Shell Parasite","floor":18,"turns":5},{"damage":0,"enemies":"Spheric Guardian","floor":21,"turns":2},{"damage":39,"enemies":"3 Cultists","floor":22,"turns":6},{"damage":14,"enemies":"Book of Stabbing","floor":24,"turns":7},{"damage":4,"enemies":"Cultist and Chosen","floor":25,"turns":6},{"damage":13,"enemies":"Snake Plant","floor":28,"turns":4},{"damage":8,"enemies":"Sentry and Sphere","floor":30,"turns":3}],"seed_played":"-2443710553910049519","potions_obtained":[{"floor":1,"key":"Swift Potion"},{"floor":4,"key":"SteroidPotion"},{"floor":6,"key":"AttackPotion"},{"floor":22,"key":"EssenceOfSteel"},{"floor":25,"key":"SteroidPotion"},{"floor":27,"key":"SteroidPotion"}],"is_trial":false,"path_per_floor":["M","?","?","M","M","E","?","E","T","?","$","R","M","M","R","B",null,"M","?","$","M","M","R","E","M","T","?","M","$","M"],"character_chosen":"THE_SILENT","items_purchased":["Dash","Cloak And Dagger","Dramatic Entrance","Forethought"],"campfire_rested":2,"item_purchase_floors":[11,20,20,29],"current_hp_per_floor":[68,68,73,69,69,46,46,32,32,32,32,32,25,25,47,35,75,57,51,51,51,12,34,20,16,16,16,3,3,0],"gold":52,"neow_bonus":"REMOVE_TWO","is_prod":false,"is_daily":false,"chose_seed":false,"campfire_upgraded":1,"win_rate":0,"timestamp":1552568731,"path_taken":["M","?","?","M","M","E","?","E","T","?","$","R","?","M","R","BOSS","M","?","$","M","M","R","E","M","T","?","?","?","M"],"build_version":"2019-01-23","purchased_purges":1,"victory":false,"max_hp_per_floor":[70,70,75,75,75,75,75,75,75,75,75,75,75,75,75,75,75,75,75,75,75,75,75,75,75,75,75,75,75,75],"card_choices":[{"not_picked":["Finisher","Slice"],"picked":"Poisoned Stab","floor":1},{"not_picked":["PiercingWail","Underhanded Strike"],"picked":"Sucker Punch","floor":4},{"not_picked":["Dagger Throw","Infinite Blades"],"picked":"Leg Sweep","floor":5},{"not_picked":["Cloak And Dagger","Tactician"],"picked":"Bouncing Flask","floor":6},{"not_picked":["Flying Knee","Quick Slash","Acrobatics"],"picked":"SKIP","floor":8},{"not_picked":["After Image","Slice"],"picked":"Deadly Poison","floor":13},{"not_picked":["Flying Knee","Underhanded Strike"],"picked":"Deadly Poison","floor":14},{"not_picked":["Phantasmal Killer","Night Terror"],"picked":"Envenom","floor":16},{"not_picked":["Endless Agony","Underhanded Strike"],"picked":"Slice+1","floor":18},{"not_picked":["Tactician","Expertise+1"],"picked":"Leg Sweep","floor":21},{"not_picked":["Escape Plan","Leg Sweep"],"picked":"Slice","floor":22},{"not_picked":["Acrobatics","Wraith Form v2"],"picked":"Infinite Blades+1","floor":24},{"not_picked":["Choke","Prepared","Escape Plan"],"picked":"SKIP","floor":25},{"not_picked":["Reflex","Eviscerate"],"picked":"Prepared","floor":28}],"player_experience":345734,"relics_obtained":[{"floor":6,"key":"Omamori"},{"floor":8,"key":"Boot"},{"floor":9,"key":"Orichalcum"},{"floor":24,"key":"Lantern"}],"event_choices":[{"damage_healed":0,"gold_gain":0,"player_choice":"Leave","damage_taken":0,"max_hp_gain":0,"max_hp_loss":0,"event_name":"The Cleric","floor":2,"gold_loss":0},{"damage_healed":0,"gold_gain":0,"player_choice":"Donut","damage_taken":0,"max_hp_gain":5,"max_hp_loss":0,"event_name":"Big Fish","floor":3,"gold_loss":0},{"damage_healed":0,"gold_gain":0,"player_choice":"Grow","damage_taken":0,"max_hp_gain":0,"max_hp_loss":0,"event_name":"Living Wall","floor":7,"gold_loss":0,"cards_upgraded":["Leg Sweep"]},{"damage_healed":0,"gold_gain":0,"player_choice":"Trade","damage_taken":0,"relics_obtained":["NlothsMask"],"max_hp_gain":0,"max_hp_loss":0,"event_name":"FaceTrader","floor":10,"gold_loss":0},{"damage_healed":0,"gold_gain":0,"player_choice":"Joined the Cult","damage_taken":6,"max_hp_gain":0,"max_hp_loss":0,"event_name":"Nest","floor":19,"gold_loss":0,"cards_obtained":["RitualDagger"]},{"damage_healed":0,"gold_gain":0,"player_choice":"Got Potions","damage_taken":0,"max_hp_gain":0,"max_hp_loss":0,"event_name":"Lab","floor":27,"gold_loss":0}],"is_beta":false,"boss_relics":[{"not_picked":["Snecko Eye","Eternal Feather"],"picked":"WristBlade"}],"items_purged_floors":[11],"is_endless":false,"potions_floor_spawned":[1,4,6,22,25,28],"killed_by":"Sentry and Sphere","ascension_level":2}