{"path_per_floor":["M","M","?","$","M","R","E","M","T","R","?","M","M","M","R","B",null,"M","?","M","?","$","R","M","R","T","?","E","R","M","M","R"],"character_chosen":"THE_SILENT","items_purchased":["Flying Knee","Blood Vial","Slice"],"gold_per_floor":[114,125,125,77,93,93,122,142,167,167,167,187,198,210,210,314,344,360,360,372,372,124,124,135,135,158,158,221,221,233,243,243,243],"floor_reached":33,"campfire_rested":2,"playtime":1675,"current_hp_per_floor":[70,68,56,56,56,56,39,39,39,39,39,31,27,27,48,40,75,65,65,62,62,62,62,64,64,64,50,11,35,27,29,29,0],"items_purged":["Decay"],"gold":243,"score":269,"play_id":"6e34a730-822c-4b95-b9b7-aff7349e2290","local_time":"20180331201023","is_prod":false,"is_daily":false,"is_ascension_mode":false,"campfire_upgraded":5,"timestamp":1522552223,"path_taken":["M","M","?","?","M","R","E","M","T","R","?","M","M","M","R","BOSS","M","?","?","?","$","R","?","R","T","?","E","R","M","M","R","BOSS"],"build_version":"2018-03-29v2","purchased_purges":1,"victory":false,"master_deck":["Defend_G","Defend_G","Defend_G","Defend_G","Defend_G","Strike_G","Strike_G","Strike_G","Strike_G","Survivor","Neutralize+1","Infinite Blades+1","Burst","Flying Knee","Dagger Throw+1","Cloak And Dagger","Cloak And Dagger+1","Quick Slash","Infinite Blades+1","Slice","Wraith Form","Slice","Cloak And Dagger+1","Backstab+1","Slice","Escape Plan","Dodge and Roll","Dagger Spray+1","Adrenaline","Choke"],"max_hp_per_floor":[70,70,70,70,70,70,70,70,70,70,70,70,70,70,70,70,75,75,75,75,75,75,75,75,75,75,80,80,80,80,80,80,80],"relics":["Ring of the Snake","Art of War","Toolbox","Ornamental Fan","Oddly Smooth Stone","Tiny House","Blood Vial","Dream Catcher","Tiny Chest"],"card_choices":[{"not_picked":["Escape Plan","Dagger Throw"],"picked":"Infinite Blades","floor":1},{"not_picked":["Reflex","Quick Slash"],"picked":"Burst","floor":2},{"not_picked":["Malaise","Quick Slash"],"picked":"Dagger Throw","floor":5},{"not_picked":["Dash","Dagger Throw"],"picked":"Cloak And Dagger","floor":7},{"not_picked":["Poisoned Stab","Predator"],"picked":"Cloak And Dagger","floor":8},{"not_picked":["Dodge and Roll","Endless Agony"],"picked":"Infinite Blades","floor":13},{"not_picked":["Sucker Punch","Prepared"],"picked":"Slice","floor":14},{"not_picked":["Tools of the Trade","Venomology"],"picked":"Wraith Form","floor":16},{"not_picked":["Quick Slash","Dagger Spray"],"picked":"Slice","floor":17},{"not_picked":["Dodge and Roll","Calculated Gamble"],"picked":"Cloak And Dagger","floor":18},{"not_picked":["Underhanded Strike","Tools of the Trade"],"picked":"Backstab","floor":20},{"not_picked":["Slice","Masterful Stab"],"picked":"Escape Plan","floor":24},{"not_picked":["Crippling Poison","Dagger Spray"],"picked":"Dodge and Roll","floor":28},{"not_picked":["Reflex","Riddle With Holes"],"picked":"Dagger Spray","floor":29},{"not_picked":["Leg Sweep","Dagger Throw"],"picked":"Adrenaline","floor":30},{"not_picked":["Sucker Punch","Bane"],"picked":"Choke","floor":31}],"player_experience":81627,"potions_floor_usage":[16,18,18,24,28,28,33],"damage_taken":[{"damage":0,"enemies":"2 Louse","floor":1,"turns":3},{"damage":2,"enemies":"Jaw Worm","floor":2,"turns":5},{"damage":0,"enemies":"Cultist","floor":5,"turns":3},{"damage":17,"enemies":"3 Sentries","floor":7,"turns":9},{"damage":0,"enemies":"Exordium Thugs","floor":8,"turns":6},{"damage":8,"enemies":"2 Fungi Beasts","floor":12,"turns":3},{"damage":4,"enemies":"Gremlin Gang","floor":13,"turns":6},{"damage":0,"enemies":"Red Slaver","floor":14,"turns":3},{"damage":8,"enemies":"Slime Boss","floor":16,"turns":14},{"damage":10,"enemies":"Chosen","floor":18,"turns":5},{"damage":3,"enemies":"Spheric Guardian","floor":20,"turns":5},{"damage":0,"enemies":"Centurion and Healer","floor":24,"turns":5},{"damage":41,"enemies":"Gremlin Leader","floor":28,"turns":7},{"damage":10,"enemies":"Cultist and Chosen","floor":30,"turns":6},{"damage":0,"enemies":"Snake Plant","floor":31,"turns":4},{"damage":31,"enemies":"Collector","floor":33,"turns":5}],"event_choices":[{"event_name":"Scrap Ooze","player_choice":"success","floor":3,"damage_taken":12},{"event_name":"Transmorgrifier","player_choice":"Transform","floor":11,"damage_taken":0},{"event_name":"Upgrade Shrine","player_choice":"Upgraded","floor":19,"damage_taken":0},{"event_name":"Wheel of Change","player_choice":"Curse","floor":21,"damage_taken":0},{"event_name":"Forgotten Altar","player_choice":"Shed Blood","floor":27,"damage_taken":0}],"boss_relics":[{"not_picked":["Calling Bell","Orrery"],"picked":"Tiny House"}],"potions_floor_spawned":[1,7,8,12,16,20,24,30],"seed_played":"694487455759603616","killed_by":"Collector","ascension_level":0,"is_trial":false}