{"gold_per_floor":[116,133,6,6,6,6,40,40,40,40,60,60,70,82,82,182,182,197,197,4,104,114,114,133,133],"floor_reached":25,"playtime":2040,"items_purged":["Normality"],"score":312,"play_id":"163a3a08-c1e0-46b1-8b41-dad5a58ba9ad","local_time":"20181231130421","is_ascension_mode":true,"campfire_choices":[{"floor":6.0,"key":"REST"},{"floor":8.0,"key":"REST"},{"floor":10.0,"key":"REST"},{"data":"Turbo","floor":15.0,"key":"SMITH"},{"data":"Zap","floor":23.0,"key":"SMITH"}],"neow_cost":"CURSE","seed_source_timestamp":0,"circlet_count":0,"master_deck":["AscendersBane","Strike_B","Strike_B","Strike_B","Strike_B","Defend_B","Defend_B","Defend_B","Defend_B","Zap+1","Dualcast","Swift Strike","Mind Blast+1","Rebound+1","Turbo+1","Hologram+1","Go for the Eyes","Buffer","Rebound","All For One","Reinforced Body+1","Coolheaded"],"special_seed":0,"relics":["Cracked Core","Bird Faced Urn","WingedGreaves","Bag of Marbles","Runic Pyramid","Medical Kit"],"potions_floor_usage":[],"damage_taken":[{"damage":9.0,"enemies":"Jaw Worm","floor":1.0,"turns":3.0},{"damage":7.0,"enemies":"2 Louse","floor":2.0,"turns":2.0},{"damage":42.0,"enemies":"Lagavulin","floor":7.0,"turns":6.0},{"damage":0.0,"enemies":"Cultist","floor":11.0,"turns":2.0},{"damage":6.0,"enemies":"Exordium Thugs","floor":13.0,"turns":5.0},{"damage":0.0,"enemies":"Looter","floor":14.0,"turns":1.0},{"damage":17.0,"enemies":"The Guardian","floor":16.0,"turns":10.0},{"damage":23.0,"enemies":"2 Thieves","floor":18.0,"turns":4.0},{"damage":12.0,"enemies":"3 Byrds","floor":22.0,"turns":4.0},{"damage":27.0,"enemies":"Snake Plant","floor":24.0,"turns":3.0},{"damage":19,"enemies":"Centurion and Healer","floor":25,"turns":5}],"seed_played":"-1021304791635499236","potions_obtained":[{"floor":11.0,"key":"SkillPotion"},{"floor":13.0,"key":"SkillPotion"},{"floor":22.0,"key":"SkillPotion"}],"is_trial":false,"path_per_floor":["M","M","$","?","?","R","E","R","T","R","M","?","M","M","R","B",null,"M","$","$","?","M","R","M","M"],"character_chosen":"DEFECT","items_purchased":["Hologram","Medical Kit"],"campfire_rested":3,"item_purchase_floors":[3,20],"current_hp_per_floor":[59,52,52,37,37,59,17,39,39,61,61,49,45,45,45,30,64,43,43,43,43,33,33,12,0],"gold":133,"neow_bonus":"RANDOM_COLORLESS_2","is_prod":false,"is_daily":false,"chose_seed":false,"campfire_upgraded":2,"win_rate":0,"timestamp":1546279461,"path_taken":["M","M","$","?","?","R","E","R","T","R","M","?","M","M","R","BOSS","M","$","$","?","M","R","M","M"],"build_version":"2018-12-20","purchased_purges":1,"victory":false,"max_hp_per_floor":[75,75,75,75,75,75,75,75,75,75,75,75,75,75,75,75,75,75,75,75,75,75,75,75,75],"card_choices":[{"not_picked":["Gash","Stack"],"picked":"Rebound","floor":1.0},{"not_picked":["Gash","Fusion"],"picked":"Turbo","floor":2.0},{"not_picked":["Rebound","Turbo"],"picked":"Go for the Eyes","floor":7.0},{"not_picked":["Streamline","Go for the Eyes"],"picked":"Buffer","floor":11.0},{"not_picked":["Skim","White Noise"],"picked":"Rebound","floor":13.0},{"not_picked":["Reprogram","Sweeping Beam","Storm"],"picked":"SKIP","floor":14.0},{"not_picked":["Reboot","Electrodynamics"],"picked":"All For One","floor":16.0},{"not_picked":["Reprogram","Blizzard","Static Discharge"],"picked":"SKIP","floor":18.0},{"not_picked":["Rebound","Barrage+1"],"picked":"Reinforced Body+1","floor":22.0},{"not_picked":["Redo","Barrage"],"picked":"Coolheaded","floor":24.0}],"player_experience":365037,"relics_obtained":[{"floor":7.0,"key":"Bird Faced Urn"},{"floor":9.0,"key":"WingedGreaves"}],"event_choices":[{"damage_healed":0.0,"max_hp_gain":0.0,"max_hp_loss":0.0,"gold_gain":0.0,"event_name":"Shining Light","player_choice":"Entered Light","floor":4.0,"gold_loss":0.0,"damage_taken":15.0,"cards_upgraded":["Mind Blast","Rebound"]},{"damage_healed":0.0,"max_hp_gain":0.0,"max_hp_loss":0.0,"gold_gain":0.0,"event_name":"Living Wall","player_choice":"Grow","floor":5.0,"gold_loss":0.0,"damage_taken":0.0,"cards_upgraded":["Hologram"]},{"damage_healed":0.0,"max_hp_gain":0.0,"max_hp_loss":0.0,"gold_gain":0.0,"event_name":"Scrap Ooze","player_choice":"Success","floor":12.0,"gold_loss":0.0,"damage_taken":12.0,"relics_obtained":["Bag of Marbles"]},{"damage_healed":0.0,"max_hp_gain":0.0,"max_hp_loss":0.0,"gold_gain":100.0,"event_name":"Golden Shrine","player_choice":"Pray","floor":21.0,"gold_loss":0.0,"damage_taken":0.0}],"is_beta":false,"boss_relics":[{"not_picked":["White Beast Statue","Nuclear Battery"],"picked":"Runic Pyramid"}],"items_purged_floors":[3],"is_endless":false,"potions_floor_spawned":[11,13,14,22],"killed_by":"Centurion and Healer","ascension_level":11}