{"gold_per_floor":[117,117,24,24,24,24,36,36,83,141,161,161,179,179],"floor_reached":14,"playtime":368,"items_purged":[],"score":132,"play_id":"1caccdbb-8958-4998-a73b-2304d4c67797","local_time":"20190127164110","is_ascension_mode":true,"campfire_choices":[{"data":"Uppercut","floor":6,"key":"SMITH"},{"data":"Inflame","floor":8,"key":"SMITH"},{"data":"Double Tap","floor":12,"key":"SMITH"}],"neow_cost":"NONE","seed_source_timestamp":22572560922060,"circlet_count":0,"master_deck":["AscendersBane","Strike_R","Strike_R","Strike_R","Strike_R","Strike_R+1","Defend_R","Defend_R","Defend_R","Defend_R","Bash","Double Tap+1","Twin Strike","Metallicize+1","Uppercut+1","Inflame+1","Iron Wave","Thunderclap","Uppercut"],"relics":["Burning Blood","The Courier","Omamori","Tiny Chest"],"potions_floor_usage":[13,13],"damage_taken":[{"damage":15,"enemies":"Cultist","floor":1,"turns":5},{"damage":0,"enemies":"Small Slimes","floor":7,"turns":4},{"damage":18,"enemies":"3 Sentries","floor":10,"turns":8},{"damage":10,"enemies":"Jaw Worm","floor":11,"turns":4},{"damage":26,"enemies":"Gremlin Gang","floor":13,"turns":4},{"damage":17,"enemies":"Lagavulin","floor":14,"turns":3}],"seed_played":"-3654118211828502207","potions_obtained":[{"floor":10,"key":"Weak Potion"},{"floor":11,"key":"FearPotion"}],"is_trial":false,"path_per_floor":["M","T","$","?","$","R","M","R","T","E","M","R","M","E"],"character_chosen":"IRONCLAD","items_purchased":["Metallicize","Uppercut"],"campfire_rested":0,"item_purchase_floors":[3,3],"current_hp_per_floor":[63,63,63,47,47,47,53,53,53,41,37,37,17,0],"gold":179,"neow_bonus":"ONE_RANDOM_RARE_CARD","is_prod":false,"is_daily":false,"chose_seed":false,"campfire_upgraded":3,"win_rate":0,"timestamp":1548625270,"path_taken":["M","?","$","?","?","R","?","R","T","E","M","R","M","E"],"build_version":"2019-01-23","purchased_purges":0,"victory":false,"max_hp_per_floor":[80,80,80,80,80,80,80,80,80,80,80,80,80,80],"card_choices":[{"not_picked":["Flex","Warcry"],"picked":"Twin Strike","floor":1},{"not_picked":["Havoc","Berserk"],"picked":"Inflame","floor":7},{"not_picked":["Thunderclap","Body Slam"],"picked":"Iron Wave","floor":10},{"not_picked":["Rampage","Reckless Charge"],"picked":"Thunderclap","floor":11},{"not_picked":["Anger","Rupture"],"picked":"Uppercut","floor":13}],"player_experience":271442,"relics_obtained":[{"floor":2,"key":"The Courier"},{"floor":9,"key":"Omamori"},{"floor":10,"key":"Tiny Chest"}],"event_choices":[{"damage_healed":0,"gold_gain":0,"player_choice":"Entered Light","damage_taken":16,"max_hp_gain":0,"max_hp_loss":0,"event_name":"Shining Light","floor":4,"gold_loss":0,"cards_upgraded":["Metallicize","Strike_R"]}],"is_beta":true,"boss_relics":[],"items_purged_floors":[],"is_endless":false,"potions_floor_spawned":[10,11],"killed_by":"Lagavulin","ascension_level":10}