{"path_per_floor":["M","?","?","M","M","E","R","?","T","R","M","$","M","M","R","B",null,"M","M","?","?","M","R","E","R","T","M","?","R","?","E","R","B",null,"M","M","$","M","M","R","E","R","T","R","M","?","R","?","R"],"character_chosen":"THE_SILENT","items_purchased":["Calipers","Kunai","Predator"],"gold_per_floor":[116,116,116,130,145,174,174,274,343,343,358,54,68,86,86,189,189,199,212,112,112,126,126,151,151,174,194,194,194,294,325,325,421,421,434,449,49,69,79,79,110,110,110,110,124,124,124,124,124,124],"floor_reached":50,"campfire_rested":5,"playtime":2260,"current_hp_per_floor":[60,60,65,65,65,47,47,47,57,57,55,55,55,55,80,3,85,82,77,77,61,52,77,68,68,68,56,56,81,81,73,73,27,85,71,71,71,65,49,74,26,51,51,51,48,48,48,37,37,0],"items_purged":["Strike_G"],"gold":124,"score":586,"play_id":"5e0b26b7-9384-46fc-9da2-408b709c5629","local_time":"20180403023249","is_prod":false,"is_daily":false,"is_ascension_mode":false,"campfire_upgraded":6,"timestamp":1522747969,"path_taken":["M","?","?","M","?","E","R","?","T","R","?","$","M","M","R","BOSS","M","M","?","?","M","R","E","R","T","M","?","R","?","E","R","BOSS","M","?","$","M","M","R","E","R","T","R","M","?","R","?","R","BOSS"],"build_version":"2018-03-29v2","purchased_purges":1,"victory":false,"master_deck":["Defend_G+1","Defend_G","Defend_G","Strike_G","Strike_G","Strike_G","Survivor","Neutralize+1","Cloak And Dagger+1","Backstab+1","Deflect+1","Sucker Punch","Dagger Spray","Slice","Die Die Die","Expertise+1","Footwork+1","Predator+1","Masterful Stab","Terror","J.A.X.+1","Necronomicurse","Dash","Cloak And Dagger+1","Footwork+1","Well Laid Plans","Night Terror","Distraction+1","Flying Knee","Predator+1","Storm of Steel+1","Finisher+1","Predator+1","Eviscerate+1","Neutralize","Tools of the Trade","Predator","Madness","Madness"],"max_hp_per_floor":[70,70,75,75,75,75,75,75,85,85,85,85,85,85,85,85,85,85,85,85,85,85,85,85,85,85,85,85,85,85,85,85,85,85,85,85,85,85,85,85,85,85,85,85,85,85,85,85,85,85],"relics":["Ring of the Snake","Blue Candle","Pear","Calipers","Astrolabe","Necronomicon","Oddly Smooth Stone","Nloth\u0027s Gift","Du-Vu Doll","Black Star","Kunai","Shovel","Thread and Needle","Snake Skull","Mummified Hand"],"card_choices":[{"not_picked":["Adrenaline","All Out Attack"],"picked":"Cloak And Dagger","floor":1},{"not_picked":["Prepared","Outmaneuver"],"picked":"Backstab","floor":4},{"not_picked":["PiercingWail","Choke"],"picked":"Deflect","floor":5},{"not_picked":["Malaise","Riddle With Holes"],"picked":"Sucker Punch","floor":6},{"not_picked":["Acrobatics","Concentrate"],"picked":"Dagger Spray","floor":11},{"not_picked":["Noxious Fumes","Bouncing Flask"],"picked":"Slice","floor":13},{"not_picked":["Doppelganger","Wraith Form"],"picked":"Die Die Die","floor":16},{"not_picked":["Dagger Spray","Skewer"],"picked":"Masterful Stab","floor":18},{"not_picked":["Riddle With Holes","Catalyst"],"picked":"Terror","floor":19},{"not_picked":["Deadly Poison","Bouncing Flask"],"picked":"Dash","floor":22},{"not_picked":["Deflect","Envenom"],"picked":"Cloak And Dagger","floor":24},{"not_picked":["Slice","Cloak And Dagger"],"picked":"Footwork","floor":27},{"not_picked":["Underhanded Strike","Acrobatics"],"picked":"Well Laid Plans","floor":31},{"not_picked":["Tools of the Trade","Envenom"],"picked":"Night Terror","floor":33},{"not_picked":["Accuracy","Dagger Throw"],"picked":"Distraction","floor":35},{"not_picked":["Dodge and Roll","Finisher"],"picked":"Flying Knee","floor":36},{"not_picked":["Dodge and Roll","Outmaneuver"],"picked":"Storm of Steel","floor":38},{"not_picked":["Outmaneuver","Concentrate"],"picked":"Finisher","floor":39},{"not_picked":["Underhanded Strike","Cloak And Dagger"],"picked":"Predator","floor":41},{"not_picked":["Dodge and Roll","Underhanded Strike"],"picked":"Eviscerate","floor":45}],"player_experience":123563,"potions_floor_usage":[6,6,14,22,33,41,45,50],"damage_taken":[{"damage":10,"enemies":"Jaw Worm","floor":1,"turns":5},{"damage":0,"enemies":"2 Louse","floor":4,"turns":4},{"damage":0,"enemies":"Small Slimes","floor":5,"turns":2},{"damage":24,"enemies":"Gremlin Nob","floor":6,"turns":4},{"damage":2,"enemies":"Looter","floor":11,"turns":3},{"damage":0,"enemies":"Exordium Thugs","floor":13,"turns":5},{"damage":0,"enemies":"2 Fungi Beasts","floor":14,"turns":1},{"damage":77,"enemies":"Slime Boss","floor":16,"turns":19},{"damage":3,"enemies":"Spheric Guardian","floor":18,"turns":5},{"damage":5,"enemies":"3 Byrds","floor":19,"turns":4},{"damage":9,"enemies":"Centurion and Healer","floor":22,"turns":5},{"damage":9,"enemies":"Book of Stabbing","floor":24,"turns":4},{"damage":12,"enemies":"Snecko","floor":27,"turns":5},{"damage":8,"enemies":"Gremlin Leader","floor":31,"turns":5},{"damage":46,"enemies":"Automaton","floor":33,"turns":9},{"damage":14,"enemies":"Orb Walker","floor":35,"turns":2},{"damage":0,"enemies":"3 Darklings","floor":36,"turns":5},{"damage":6,"enemies":"Maw","floor":38,"turns":9},{"damage":16,"enemies":"4 Shapes","floor":39,"turns":3},{"damage":48,"enemies":"Nemesis","floor":41,"turns":9},{"damage":3,"enemies":"Sphere and 2 Shapes","floor":45,"turns":3},{"damage":47,"enemies":"Awakened One","floor":50,"turns":3}],"event_choices":[{"event_name":"Living Wall","player_choice":"Grow","floor":2,"damage_taken":0},{"event_name":"Big Fish","player_choice":"Donut","floor":3,"damage_taken":0},{"event_name":"Golden Shrine","player_choice":"Pray","floor":8,"damage_taken":0},{"event_name":"Drug Dealer","player_choice":"Got JAXXED","floor":20,"damage_taken":0},{"event_name":"Cursed Tome","player_choice":"Obtained Book","floor":21,"damage_taken":0},{"event_name":"N\u0027loth","player_choice":"Traded a War Paint","floor":28,"damage_taken":0},{"event_name":"Golden Shrine","player_choice":"Pray","floor":30,"damage_taken":0},{"event_name":"Match and Keep!","player_choice":"3 cards matched","floor":46,"damage_taken":0},{"event_name":"Winding Halls","player_choice":"Embrace Madness","floor":48,"damage_taken":0}],"boss_relics":[{"not_picked":["Sozu","The Specimen"],"picked":"Astrolabe"},{"not_picked":["Eternal Feather","Snecko Eye"],"picked":"Black Star"}],"potions_floor_spawned":[4,5,13,16,18,27,38,45],"seed_played":"-8609185022768473221","killed_by":"Awakened One","ascension_level":0,"is_trial":false}