{"gold_per_floor":[114,114,114,39,39,74,97,58,58,102,127,127,52,88,88,88],"floor_reached":16,"playtime":447,"items_purged":["Strike_R"],"score":282,"play_id":"3f1af2aa-b0ce-4d06-9994-dae8fc34e66a","local_time":"20190326190545","is_ascension_mode":true,"campfire_choices":[{"data":"Bash","floor":12,"key":"SMITH"},{"data":"Pommel Strike","floor":15,"key":"SMITH"}],"neow_cost":"NONE","seed_source_timestamp":121541997721338,"circlet_count":0,"master_deck":["AscendersBane","Strike_R","Strike_R","Strike_R","Defend_R","Defend_R","Defend_R","Bash+1","Pommel Strike+1","Iron Wave","Iron Wave","Dropkick","Immolate","Shrug It Off+1","Iron Wave"],"relics":["Burning Blood","NeowsBlessing","Golden Idol","Magic Flower","Ornamental Fan","The Courier","Toxic Egg 2","Letter Opener"],"potions_floor_usage":[14,16],"damage_taken":[{"damage":0,"enemies":"2 Louse","floor":1,"turns":1},{"damage":0,"enemies":"3 Sentries","floor":6,"turns":2},{"damage":0,"enemies":"Jaw Worm","floor":7,"turns":1},{"damage":30,"enemies":"Gremlin Nob","floor":10,"turns":5},{"damage":5,"enemies":"Small Slimes","floor":11,"turns":2},{"damage":8,"enemies":"3 Sentries","floor":14,"turns":6},{"damage":50,"enemies":"Slime Boss","floor":16,"turns":10}],"seed_played":"5429740253906755341","potions_obtained":[{"floor":10,"key":"SteroidPotion"},{"floor":11,"key":"Explosive Potion"}],"is_trial":false,"path_per_floor":["M","?","?","$","T","E","M","$","T","E","M","R","?","E","R","B"],"character_chosen":"IRONCLAD","items_purchased":["Dropkick"],"campfire_rested":0,"item_purchase_floors":[8],"current_hp_per_floor":[74,74,48,48,48,57,66,66,66,45,49,49,49,50,50,0],"gold":88,"neow_bonus":"THREE_ENEMY_KILL","is_prod":false,"is_daily":false,"chose_seed":false,"campfire_upgraded":2,"win_rate":0,"timestamp":1553641545,"path_taken":["M","?","?","?","?","E","M","$","T","E","M","R","?","E","R","BOSS"],"build_version":"2019-03-15","purchased_purges":1,"victory":false,"max_hp_per_floor":[75,75,75,75,75,75,75,75,75,75,75,75,75,75,75,75],"card_choices":[{"not_picked":["True Grit","Entrench"],"picked":"Pommel Strike","floor":1},{"not_picked":["Rage","Fiend Fire"],"picked":"Iron Wave","floor":6},{"not_picked":["Twin Strike","Clothesline"],"picked":"Iron Wave","floor":7},{"not_picked":["Intimidate","Havoc"],"picked":"Immolate","floor":10},{"not_picked":["Twin Strike","Warcry+1"],"picked":"Shrug It Off+1","floor":11},{"not_picked":["Anger","Twin Strike"],"picked":"Iron Wave","floor":14}],"player_experience":617051,"relics_obtained":[{"floor":5,"key":"Magic Flower"},{"floor":6,"key":"Ornamental Fan"},{"floor":9,"key":"The Courier"},{"floor":10,"key":"Toxic Egg 2"},{"floor":14,"key":"Letter Opener"}],"event_choices":[{"cards_removed":["Strike_R"],"damage_healed":0,"gold_gain":0,"player_choice":"Forget","damage_taken":0,"max_hp_gain":0,"max_hp_loss":0,"event_name":"Living Wall","floor":2,"gold_loss":0},{"damage_healed":0,"gold_gain":0,"player_choice":"Take Damage","damage_taken":26,"relics_obtained":["Golden Idol"],"max_hp_gain":0,"max_hp_loss":0,"event_name":"Golden Idol","floor":3,"gold_loss":0},{"cards_removed":["Defend_R"],"damage_healed":0,"gold_gain":0,"player_choice":"Card Removal","damage_taken":0,"max_hp_gain":0,"max_hp_loss":0,"event_name":"The Cleric","floor":13,"gold_loss":75}],"is_beta":true,"boss_relics":[],"items_purged_floors":[4],"is_endless":false,"potions_floor_spawned":[10,11],"killed_by":"Slime Boss","ascension_level":20}