{"gold_per_floor":[118,137,155,155,166,166,194,194,219,219,254,254,279,279,279,356,356,374,387,109,24,41,73,73,107,160,206,228,255,267,279,291,374,386,417,445,472,495,15,76,76,108,108,108,108,208,240,252,252,252,252,252,252,44,77,77],"floor_reached":57,"playtime":3408,"items_purged":["Pain","Strike_G","Finisher+1"],"score":3036,"play_id":"df02c298-3de5-43eb-aca2-0c4daa56ef3a","local_time":"20190321203643","is_ascension_mode":true,"campfire_choices":[{"data":"Bouncing Flask","floor":6.0,"key":"SMITH"},{"floor":8.0,"key":"REST"},{"floor":10.0,"key":"REST"},{"data":"Wraith Form v2","floor":15.0,"key":"SMITH"},{"floor":24.0,"key":"REST"},{"data":"Well Laid Plans","floor":30.0,"key":"SMITH"},{"data":"Footwork","floor":32.0,"key":"SMITH"},{"floor":41.0,"key":"REST"},{"floor":45.0,"key":"RECALL"},{"data":"Noxious Fumes","floor":49.0,"key":"SMITH"},{"data":"Footwork","floor":53.0,"key":"SMITH"}],"neow_cost":"NONE","seed_source_timestamp":746524306066976,"circlet_count":0,"master_deck":["AscendersBane","Defend_G","Defend_G","Defend_G","Defend_G","Defend_G","Survivor","Neutralize","PiercingWail","Footwork+1","Crippling Poison","Bouncing Flask+1","Noxious Fumes+1","Wraith Form v2+1","Malaise","Skewer+1","Well Laid Plans+1","Reflex+1","Bane+1","Backflip","Backflip","Leg Sweep","Footwork+1","Malaise","Deadly Poison","Dodge and Roll","Dodge and Roll","Deadly Poison","Poisoned Stab"],"special_seed":0,"relics":["Ring of the Snake","Anchor","Snake Skull","Oddly Smooth Stone","Question Card","Singing Bowl","WarpedTongs","Busted Crown","Orichalcum","Omamori","Regal Pillow","Bronze Scales","MawBank","Art of War","Astrolabe","TwistedFunnel","Tiny Chest","Juzu Bracelet","Meat on the Bone","Tough Bandages","Mercury Hourglass","Blood Vial"],"potions_floor_usage":[56,56],"damage_taken":[{"damage":2.0,"enemies":"Cultist","floor":1.0,"turns":5.0},{"damage":0.0,"enemies":"Small Slimes","floor":2.0,"turns":6.0},{"damage":1.0,"enemies":"2 Louse","floor":3.0,"turns":3.0},{"damage":0.0,"enemies":"2 Fungi Beasts","floor":5.0,"turns":4.0},{"damage":32.0,"enemies":"3 Sentries","floor":7.0,"turns":8.0},{"damage":3.0,"enemies":"Lagavulin","floor":11.0,"turns":6.0},{"damage":24.0,"enemies":"3 Sentries","floor":13.0,"turns":10.0},{"damage":9.0,"enemies":"Hexaghost","floor":16.0,"turns":8.0},{"damage":3.0,"enemies":"Spheric Guardian","floor":18.0,"turns":4.0},{"damage":12.0,"enemies":"Chosen","floor":19.0,"turns":4.0},{"damage":0.0,"enemies":"Snake Plant","floor":22.0,"turns":5.0},{"damage":17.0,"enemies":"Slavers","floor":23.0,"turns":5.0},{"damage":12.0,"enemies":"Book of Stabbing","floor":25.0,"turns":5.0},{"damage":0.0,"enemies":"Gremlin Leader","floor":27.0,"turns":7.0},{"damage":0.0,"enemies":"Snecko","floor":28.0,"turns":5.0},{"damage":3.0,"enemies":"Centurion and Healer","floor":29.0,"turns":6.0},{"damage":40.0,"enemies":"Champ","floor":33.0,"turns":12.0},{"damage":12.0,"enemies":"3 Shapes","floor":35.0,"turns":5.0},{"damage":0.0,"enemies":"3 Darklings","floor":36.0,"turns":4.0},{"damage":2.0,"enemies":"Jaw Worm Horde","floor":37.0,"turns":5.0},{"damage":10.0,"enemies":"Transient","floor":38.0,"turns":6.0},{"damage":31.0,"enemies":"Reptomancer","floor":40.0,"turns":8.0},{"damage":0.0,"enemies":"Nemesis","floor":42.0,"turns":9.0},{"damage":0.0,"enemies":"Mind Bloom Boss Battle","floor":46.0,"turns":8.0},{"damage":0.0,"enemies":"Giant Head","floor":47.0,"turns":10.0},{"damage":5.0,"enemies":"Writhing Mass","floor":48.0,"turns":6.0},{"damage":32.0,"enemies":"Donu and Deca","floor":50.0,"turns":11.0},{"damage":8.0,"enemies":"Time Eater","floor":51.0,"turns":14.0},{"damage":8.0,"enemies":"Shield and Spear","floor":55.0,"turns":8.0},{"damage":76,"enemies":"The Heart","floor":56,"turns":12}],"seed_played":"-4401925380310200952","potions_obtained":[{"floor":1.0,"key":"Block Potion"},{"floor":2.0,"key":"Weak Potion"},{"floor":3.0,"key":"AttackPotion"},{"floor":13.0,"key":"SkillPotion"},{"floor":18.0,"key":"Poison Potion"},{"floor":25.0,"key":"Weak Potion"},{"floor":27.0,"key":"Regen Potion"},{"floor":35.0,"key":"PowerPotion"},{"floor":37.0,"key":"GhostInAJar"}],"is_trial":false,"path_per_floor":["M","M","M","?","M","R","E","R","T","R","E","?","E","?","R","B",null,"M","M","$","?","M","E","R","E","T","E","M","M","R","?","R","B",null,"M","M","M","M","$","E","R","E","T","T","R","?","E","M","R","B","B",null,"R","$","E","B",null],"character_chosen":"THE_SILENT","items_purchased":["Well Laid Plans","Orichalcum","TwistedFunnel","Leg Sweep","Footwork","Dodge and Roll","Deadly Poison"],"campfire_rested":4,"item_purchase_floors":[20,20,39,39,39,54,54],"current_hp_per_floor":[63,63,62,57,57,57,25,46,46,67,64,69,45,45,45,36,67,64,54,54,54,56,41,80,70,70,72,74,87,87,87,87,49,82,72,74,72,62,62,31,75,77,77,77,77,79,79,74,74,54,58,90,90,90,82,20],"gold":77,"neow_bonus":"TEN_PERCENT_HP_BONUS","is_prod":false,"is_daily":false,"chose_seed":false,"campfire_upgraded":6,"win_rate":0,"timestamp":1553215003,"path_taken":["M","M","M","?","M","R","E","R","T","R","E","?","E","?","R","BOSS","M","M","$","?","M","E","R","E","T","E","M","M","R","?","R","BOSS","M","M","?","M","$","E","R","E","T","?","R","?","E","M","R","BOSS","BOSS","R","$","E","BOSS"],"build_version":"2019-03-15","purchased_purges":3,"victory":true,"max_hp_per_floor":[72,72,72,72,72,72,72,72,72,72,72,77,77,77,77,77,77,77,79,79,79,81,83,83,85,85,87,89,91,91,91,91,93,93,95,97,97,97,97,97,97,99,99,99,99,101,101,101,101,101,101,101,101,101,101,101],"card_choices":[{"not_picked":["Dagger Spray","Blur"],"picked":"PiercingWail","floor":1.0},{"not_picked":["Infinite Blades","All Out Attack"],"picked":"Footwork","floor":2.0},{"not_picked":["Reflex","Flying Knee"],"picked":"Crippling Poison","floor":3.0},{"not_picked":["Prepared","Sucker Punch"],"picked":"Bouncing Flask","floor":5.0},{"not_picked":["Heel Hook","Prepared","Choke"],"picked":"SKIP","floor":7.0},{"not_picked":["Dodge and Roll","Backflip"],"picked":"Noxious Fumes","floor":11.0},{"not_picked":["Prepared","Heel Hook","All Out Attack"],"picked":"Wraith Form v2","floor":13.0},{"not_picked":["Envenom","Storm of Steel","Tools of the Trade"],"picked":"Malaise","floor":16.0},{"not_picked":["Concentrate"],"picked":"Skewer+1","floor":18.0},{"not_picked":["Flying Knee","Deadly Poison"],"picked":"Singing Bowl","floor":19.0},{"not_picked":["Deadly Poison","Cloak And Dagger"],"picked":"Singing Bowl","floor":22.0},{"not_picked":["Terror","Deadly Poison"],"picked":"Singing Bowl","floor":23.0},{"not_picked":["Crippling Poison","Acrobatics"],"picked":"Singing Bowl","floor":25.0},{"not_picked":["Crippling Poison","Infinite Blades"],"picked":"Singing Bowl","floor":27.0},{"not_picked":["Masterful Stab","Flechettes"],"picked":"Singing Bowl","floor":28.0},{"not_picked":["Masterful Stab","Dagger Spray"],"picked":"Singing Bowl","floor":29.0},{"not_picked":["Storm of Steel","Envenom"],"picked":"Singing Bowl","floor":33.0},{"not_picked":["Bane+1","Distraction"],"picked":"Singing Bowl","floor":35.0},{"not_picked":["Eviscerate","Slice"],"picked":"Singing Bowl","floor":36.0},{"not_picked":["Deflect"],"picked":"Backflip","floor":37.0},{"not_picked":["Blade Dance"],"picked":"Backflip","floor":38.0},{"not_picked":["Deadly Poison"],"picked":"Malaise","floor":40.0},{"not_picked":["Grand Finale","Slice"],"picked":"Singing Bowl","floor":42.0},{"not_picked":["Underhanded Strike+1","Dagger Throw"],"picked":"Singing Bowl","floor":46.0},{"not_picked":["Grand Finale"],"picked":"Deadly Poison","floor":47.0},{"not_picked":["Dagger Throw"],"picked":"Dodge and Roll","floor":48.0},{"not_picked":["Dagger Throw"],"picked":"Poisoned Stab","floor":55.0}],"player_experience":1162524,"relics_obtained":[{"floor":7.0,"key":"Snake Skull"},{"floor":9.0,"key":"Oddly Smooth Stone"},{"floor":11.0,"key":"Question Card"},{"floor":13.0,"key":"Singing Bowl"},{"floor":23.0,"key":"Regal Pillow"},{"floor":25.0,"key":"Bronze Scales"},{"floor":26.0,"key":"MawBank"},{"floor":27.0,"key":"Art of War"},{"floor":40.0,"key":"Tiny Chest"},{"floor":42.0,"key":"Juzu Bracelet"},{"floor":44.0,"key":"Meat on the Bone"},{"floor":46.0,"key":"Tough Bandages"},{"floor":47.0,"key":"Mercury Hourglass"},{"floor":55.0,"key":"Blood Vial"}],"event_choices":[{"damage_healed":0.0,"max_hp_gain":0.0,"max_hp_loss":0.0,"gold_gain":0.0,"event_name":"Scrap Ooze","player_choice":"Success","floor":4.0,"gold_loss":0.0,"damage_taken":5.0,"relics_obtained":["Anchor"]},{"damage_healed":0.0,"max_hp_gain":5.0,"max_hp_loss":0.0,"gold_gain":0.0,"event_name":"Big Fish","player_choice":"Donut","floor":12.0,"gold_loss":0.0,"damage_taken":0.0},{"damage_healed":0.0,"max_hp_gain":0.0,"max_hp_loss":0.0,"gold_gain":0.0,"event_name":"Accursed Blacksmith","player_choice":"Rummage","floor":14.0,"gold_loss":0.0,"damage_taken":0.0,"relics_obtained":["WarpedTongs"],"cards_obtained":["Pain"]},{"damage_healed":0.0,"max_hp_gain":0.0,"max_hp_loss":0.0,"gold_gain":0.0,"event_name":"Addict","player_choice":"Obtained Relic","floor":21.0,"gold_loss":85.0,"damage_taken":0.0,"relics_obtained":["Omamori"]},{"cards_removed":["Strike_G"],"damage_healed":0.0,"max_hp_gain":0.0,"max_hp_loss":0.0,"gold_gain":0.0,"event_name":"Purifier","player_choice":"Purged","floor":31.0,"gold_loss":0.0,"damage_taken":0.0},{"damage_healed":0.0,"max_hp_gain":0.0,"max_hp_loss":0.0,"gold_gain":0.0,"event_name":"MindBloom","player_choice":"Fight","floor":46.0,"gold_loss":0.0,"damage_taken":0.0}],"is_beta":true,"boss_relics":[{"not_picked":["Lizard Tail","Calling Bell"],"picked":"Busted Crown"},{"not_picked":["White Beast Statue","WristBlade"],"picked":"Astrolabe"}],"items_purged_floors":[20,39,54],"is_endless":false,"potions_floor_spawned":[1,2,3,13,16,18,25,27,35,36,37,40],"ascension_level":20}