{"gold_per_floor":[117,129,204,204,218,218,233,264,310,340,352,362,362,378,378,450,450,461,472,472,472,482,482,510,510,536,566,576,587,603,524,524,524],"floor_reached":33,"playtime":1423,"items_purged":["Strike_R"],"score":602,"play_id":"78a7bec2-3f0b-456d-a713-b84bc0453742","local_time":"20190319103255","is_ascension_mode":true,"campfire_choices":[{"data":"Combust","floor":6.0,"key":"SMITH"},{"data":"Flame Barrier","floor":13.0,"key":"SMITH"},{"data":"Uppercut","floor":15.0,"key":"SMITH"},{"data":"Spot Weakness","floor":23,"key":"SMITH"},{"data":"Armaments","floor":25,"key":"SMITH"},{"floor":32,"key":"RECALL"}],"neow_cost":"NONE","seed_source_timestamp":539583359323325,"circlet_count":0,"master_deck":["AscendersBane","Strike_R","Strike_R","Strike_R","Defend_R","Defend_R","Defend_R","Defend_R","Bash+1","Anger","Battle Trance","Combust+1","Uppercut+1","Flame Barrier+1","Feel No Pain","Evolve","Reaper","Spot Weakness+1","Armaments+1","Cleave","Ghostly Armor","Shrug It Off"],"special_seed":0,"relics":["Burning Blood","Singing Bowl","Centennial Puzzle","Ancient Tea Set","Sozu","Bottled Flame","Red Skull","Smiling Mask"],"potions_floor_usage":[16],"damage_taken":[{"damage":1.0,"enemies":"Cultist","floor":1.0,"turns":3.0},{"damage":7.0,"enemies":"2 Louse","floor":2.0,"turns":3.0},{"damage":11.0,"enemies":"Small Slimes","floor":5.0,"turns":4.0},{"damage":24.0,"enemies":"Gremlin Gang","floor":7.0,"turns":3.0},{"damage":9.0,"enemies":"3 Sentries","floor":8.0,"turns":5.0},{"damage":12.0,"enemies":"Lagavulin","floor":10.0,"turns":4.0},{"damage":5.0,"enemies":"Blue Slaver","floor":11.0,"turns":4.0},{"damage":3.0,"enemies":"Large Slime","floor":12.0,"turns":5.0},{"damage":11.0,"enemies":"Red Slaver","floor":14.0,"turns":2.0},{"damage":30,"enemies":"Hexaghost","floor":16,"turns":9},{"damage":16,"enemies":"2 Thieves","floor":18,"turns":3},{"damage":0,"enemies":"3 Byrds","floor":19,"turns":1},{"damage":19,"enemies":"Cultist and Chosen","floor":22,"turns":6},{"damage":51,"enemies":"Slavers","floor":24,"turns":4},{"damage":27,"enemies":"Book of Stabbing","floor":27,"turns":5},{"damage":16,"enemies":"Centurion and Healer","floor":28,"turns":8},{"damage":15,"enemies":"Snecko","floor":29,"turns":4},{"damage":23,"enemies":"3 Cultists","floor":30,"turns":5},{"damage":48,"enemies":"Automaton","floor":33,"turns":6}],"seed_played":"6387885644812727408","potions_obtained":[{"floor":2.0,"key":"Fruit Juice"},{"floor":7.0,"key":"SpeedPotion"},{"floor":8.0,"key":"Energy Potion"},{"floor":10.0,"key":"FearPotion"},{"floor":11.0,"key":"SteroidPotion"},{"floor":16,"key":"Strength Potion"}],"is_trial":false,"path_per_floor":["M","M","?","?","M","R","M","E","T","E","M","M","R","M","R","B",null,"M","M","?","?","M","R","E","R","T","E","M","M","M","$","R","B"],"character_chosen":"IRONCLAD","items_purchased":["Shrug It Off"],"campfire_rested":0,"item_purchase_floors":[31],"current_hp_per_floor":[73,72,61,61,56,56,38,35,35,31,39,42,42,37,37,13,66,68,74,74,74,70,70,43,43,43,24,41,32,47,47,47,0],"gold":524,"neow_bonus":"UPGRADE_CARD","is_prod":false,"is_daily":false,"chose_seed":false,"campfire_upgraded":5,"win_rate":0,"timestamp":1553005975,"path_taken":["M","?","?","?","M","R","M","E","T","E","M","M","R","?","R","BOSS","M","?","?","?","M","R","E","R","T","E","M","M","?","$","R","BOSS"],"build_version":"2019-03-15","purchased_purges":1,"victory":false,"max_hp_per_floor":[75,75,75,75,75,75,75,75,75,77,84,84,84,84,84,84,84,86,86,86,86,88,88,88,88,88,90,90,90,92,92,92,92],"card_choices":[{"not_picked":["Clothesline","Wild Strike"],"picked":"Anger","floor":1.0},{"not_picked":["Warcry","Cleave"],"picked":"Battle Trance","floor":2.0},{"not_picked":["Havoc","Pommel Strike"],"picked":"Combust","floor":5.0},{"not_picked":["Entrench","Clash"],"picked":"Uppercut","floor":7.0},{"not_picked":["Clash","Immolate"],"picked":"Flame Barrier","floor":8.0},{"not_picked":["Searing Blow","Clash","Iron Wave"],"picked":"Singing Bowl","floor":10.0},{"not_picked":["Pummel","Perfected Strike","Dual Wield"],"picked":"Singing Bowl","floor":11.0},{"not_picked":["Wild Strike","Flex"],"picked":"Feel No Pain","floor":12.0},{"not_picked":["Warcry","Havoc"],"picked":"Evolve","floor":14.0},{"not_picked":["Berserk","Impervious"],"picked":"Reaper","floor":16},{"not_picked":["Searing Blow","Body Slam+1","Sword Boomerang"],"picked":"Singing Bowl","floor":18},{"not_picked":["True Grit","Iron Wave"],"picked":"Spot Weakness","floor":19},{"not_picked":["Thunderclap","Iron Wave","Heavy Blade"],"picked":"Singing Bowl","floor":22},{"not_picked":["Clothesline","Heavy Blade"],"picked":"Armaments","floor":24},{"not_picked":["Evolve","Perfected Strike","Burning Pact"],"picked":"Singing Bowl","floor":27},{"not_picked":["Armaments","Wild Strike"],"picked":"Cleave","floor":28},{"not_picked":["Entrench","Anger"],"picked":"Ghostly Armor","floor":29},{"not_picked":["Brutality","Combust","Havoc"],"picked":"Singing Bowl","floor":30}],"player_experience":1142118,"relics_obtained":[{"floor":8.0,"key":"Singing Bowl"},{"floor":9.0,"key":"Centennial Puzzle"},{"floor":10.0,"key":"Ancient Tea Set"},{"floor":24,"key":"Bottled Flame"},{"floor":26,"key":"Red Skull"},{"floor":27,"key":"Smiling Mask"}],"event_choices":[{"damage_healed":0.0,"max_hp_gain":0.0,"max_hp_loss":0.0,"gold_gain":75.0,"event_name":"World of Goop","player_choice":"Gather Gold","floor":3.0,"gold_loss":0.0,"damage_taken":11.0},{"cards_removed":["Strike_R"],"damage_healed":0.0,"max_hp_gain":0.0,"max_hp_loss":0.0,"gold_gain":0.0,"event_name":"Purifier","player_choice":"Purged","floor":4.0,"gold_loss":0.0,"damage_taken":0.0},{"damage_healed":0,"gold_gain":0,"player_choice":"Ignored","damage_taken":0,"max_hp_gain":0,"max_hp_loss":0,"event_name":"Vampires","floor":20,"gold_loss":0},{"damage_healed":0,"gold_gain":0,"player_choice":"Ignored","damage_taken":0,"max_hp_gain":0,"max_hp_loss":0,"event_name":"N\u0027loth","floor":21,"gold_loss":0}],"is_beta":true,"boss_relics":[{"not_picked":["Black Blood","Eternal Feather"],"picked":"Sozu"}],"items_purged_floors":[31],"is_endless":false,"potions_floor_spawned":[2,7,8,10,11,16,22,24,27],"killed_by":"Automaton","ascension_level":20}