{"gold_per_floor":[118,118,118,8,27,27,45,45,75,106,106,116,116,129,129,234,234,254,25,38,55,68,68,94,94,94,184,203,218,218],"floor_reached":30,"playtime":1354,"items_purged":["Defend_B"],"score":352,"play_id":"b1a13b53-2cf1-43a0-b57e-a60999e48beb","local_time":"20180622233225","is_ascension_mode":false,"campfire_choices":[{"data":"Leap","floor":6,"key":"SMITH"},{"data":"Redo","floor":11,"key":"SMITH"},{"data":"White Noise","floor":15,"key":"SMITH"},{"floor":23,"key":"REST"},{"floor":25,"key":"REST"}],"neow_cost":"NONE","seed_source_timestamp":258073452752250,"circlet_count":0,"master_deck":["Strike_B","Strike_B","Strike_B","Strike_B","Defend_B","Defend_B","Defend_B","Zap+1","Dualcast","Leap+1","Static Discharge","Ball Lightning","Redo+1","White Noise+1","Echo Form","Turbo+1","Loop","BootSequence","Multi-Cast","Melter"],"relics":["Cracked Core","Tiny Chest","Mango","Symbiotic Virus","Fusion Hammer","Anchor","Bag of Marbles","Strawberry"],"potions_floor_usage":[16,16,18,24,30],"damage_taken":[{"damage":6,"enemies":"Jaw Worm","floor":1,"turns":4},{"damage":1,"enemies":"Cultist","floor":5,"turns":4},{"damage":0,"enemies":"Small Slimes","floor":7,"turns":1},{"damage":17,"enemies":"Gremlin Nob","floor":10,"turns":4},{"damage":7,"enemies":"Blue Slaver","floor":12,"turns":3},{"damage":0,"enemies":"Exordium Wildlife","floor":14,"turns":4},{"damage":0,"enemies":"Slime Boss","floor":16,"turns":5},{"damage":18,"enemies":"Shell Parasite","floor":18,"turns":3},{"damage":0,"enemies":"Chosen","floor":20,"turns":4},{"damage":27,"enemies":"Centurion and Healer","floor":21,"turns":5},{"damage":21,"enemies":"Snake Plant","floor":22,"turns":2},{"damage":17,"enemies":"Gremlin Leader","floor":24,"turns":6},{"damage":16,"enemies":"Cultist and Chosen","floor":28,"turns":5},{"damage":44,"enemies":"3 Cultists","floor":29,"turns":5},{"damage":5,"enemies":"Snake Plant","floor":30,"turns":2}],"seed_played":"5202101832299211400","potions_obtained":[{"floor":1,"key":"Explosive Potion"},{"floor":7,"key":"FearPotion"},{"floor":10,"key":"Energy Potion"},{"floor":16,"key":"Weak Potion"},{"floor":21,"key":"FearPotion"},{"floor":22,"key":"PowerPotion"},{"floor":24,"key":"GamblersBrew"}],"is_trial":false,"path_per_floor":["M","?","?","$","M","R","M","?","T","E","R","M","T","M","R","B",null,"M","$","M","M","M","R","E","R","T","?","M","M"],"character_chosen":"DEFECT","items_purchased":["Static Discharge","Loop","Anchor"],"campfire_rested":2,"item_purchase_floors":[4,19,19],"current_hp_per_floor":[69,69,69,69,68,68,68,85,85,82,82,75,75,75,75,75,99,81,81,81,54,33,62,45,74,81,61,45,1,0],"gold":218,"neow_bonus":"ONE_RANDOM_RARE_CARD","is_prod":false,"is_daily":false,"chose_seed":false,"campfire_upgraded":3,"win_rate":0.0,"timestamp":1529735545,"path_taken":["M","?","?","?","M","R","M","?","T","E","R","M","?","M","R","BOSS","M","$","M","M","M","R","E","R","T","?","M","M","?"],"build_version":"2018-06-21v2","purchased_purges":1,"victory":false,"max_hp_per_floor":[75,75,75,75,75,75,75,85,85,99,99,99,99,99,99,99,99,99,99,99,99,99,99,99,99,106,106,106,106,106],"card_choices":[{"not_picked":["Glacier","Doom and Gloom"],"picked":"Leap","floor":1},{"not_picked":["Lockon","Gash","Turbo"],"picked":"SKIP","floor":5},{"not_picked":["Coolheaded","Stack"],"picked":"Ball Lightning","floor":7},{"not_picked":["Scrape","Rainbow"],"picked":"Redo","floor":10},{"not_picked":["Coolheaded","Darkness","Compile Driver"],"picked":"SKIP","floor":12},{"not_picked":["Rip and Tear","Sweeping Beam"],"picked":"White Noise","floor":14},{"not_picked":["Buffer","Hyperbeam"],"picked":"Echo Form","floor":16},{"not_picked":["Tempest","Leap+1"],"picked":"Turbo+1","floor":18},{"not_picked":["Blizzard","Sweeping Beam+1"],"picked":"BootSequence","floor":20},{"not_picked":["Hologram+1","Aggregate","Force Field"],"picked":"SKIP","floor":21},{"not_picked":["Streamline","Undo"],"picked":"Multi-Cast","floor":22},{"not_picked":["Beam Cell","Rip and Tear","Hologram"],"picked":"SKIP","floor":24},{"not_picked":["Cold Snap+1","Ball Lightning+1"],"picked":"Melter","floor":28},{"not_picked":["Turbo","Compile Driver","Sweeping Beam"],"picked":"SKIP","floor":29}],"player_experience":182495,"relics_obtained":[{"floor":9,"key":"Tiny Chest"},{"floor":10,"key":"Mango"},{"floor":13,"key":"Symbiotic Virus"},{"floor":24,"key":"Bag of Marbles"},{"floor":26,"key":"Strawberry"}],"event_choices":[{"event_name":"Accursed Blacksmith","player_choice":"Forge","floor":2,"damage_taken":0},{"event_name":"Living Wall","player_choice":"Forget","floor":3,"damage_taken":0},{"event_name":"Bonfire Elementals","player_choice":"RARE","floor":8,"damage_taken":0},{"event_name":"Knowing Skull","player_choice":"GOLD ","floor":27,"damage_taken":0}],"boss_relics":[{"not_picked":["Cursed Key","Nuclear Battery"],"picked":"Fusion Hammer"}],"items_purged_floors":[4],"is_endless":false,"potions_floor_spawned":[1,7,10,16,21,22,24],"killed_by":"Snake Plant","ascension_level":0}