{"gold_per_floor":[116,191,191,191,208,238,257,267,267,267,192,192],"floor_reached":12,"playtime":426,"items_purged":["Pain"],"score":156,"play_id":"f24b5ed0-d680-4014-824b-8714b5019005","local_time":"20180916012346","is_ascension_mode":true,"campfire_choices":[],"neow_cost":"CURSE","seed_source_timestamp":232377857224065,"circlet_count":0,"master_deck":["Strike_B","Strike_B","Strike_B","Strike_B","Defend_B","Defend_B","Defend_B","Defend_B","Zap","Dualcast","AscendersBane","Self Repair","Steam","Fission","Conserve Battery","Rebound"],"special_seed":0,"relics":["Cracked Core","Thread and Needle","WarpedTongs","Darkstone Periapt","Dodecahedron"],"potions_floor_usage":[12,12],"damage_taken":[{"damage":0.0,"enemies":"Small Slimes","floor":1.0,"turns":2.0},{"damage":6.0,"enemies":"Jaw Worm","floor":5.0,"turns":3.0},{"damage":39.0,"enemies":"3 Sentries","floor":6.0,"turns":11.0},{"damage":10.0,"enemies":"Cultist","floor":7.0,"turns":4.0},{"damage":14.0,"enemies":"Looter","floor":8.0,"turns":4.0},{"damage":0,"enemies":"Gremlin Nob","floor":12,"turns":3}],"seed_played":"7646667543277005738","potions_obtained":[{"floor":6.0,"key":"PowerPotion"},{"floor":8.0,"key":"Strength Potion"}],"is_trial":false,"path_per_floor":["M","?","?","?","M","E","M","M","T","?","$"],"character_chosen":"DEFECT","items_purchased":[],"campfire_rested":0,"item_purchase_floors":[],"current_hp_per_floor":[64,53,53,58,59,27,24,20,20,20,20,20],"gold":192,"neow_bonus":"ONE_RARE_RELIC","is_prod":false,"is_daily":false,"chose_seed":false,"campfire_upgraded":0,"win_rate":0,"timestamp":1537075426,"path_taken":["M","?","?","?","?","E","M","?","T","?","$","E"],"build_version":"2018-09-06","purchased_purges":1,"victory":false,"max_hp_per_floor":[71,71,71,76,76,76,76,76,76,76,76,76],"card_choices":[{"not_picked":["Sweeping Beam","Rebound"],"picked":"Self Repair","floor":1.0},{"not_picked":["Recycle","Consume"],"picked":"Steam","floor":5.0},{"not_picked":["Storm","Hologram"],"picked":"Fission","floor":6.0},{"not_picked":["Sweeping Beam","Barrage"],"picked":"Conserve Battery","floor":7.0},{"not_picked":["Turbo","Gash"],"picked":"Rebound","floor":8.0}],"player_experience":859165,"relics_obtained":[{"floor":6.0,"key":"Darkstone Periapt"},{"floor":9.0,"key":"Dodecahedron"}],"event_choices":[{"event_name":"World of Goop","player_choice":"Gather Gold","floor":2.0,"damage_taken":0.0},{"event_name":"Accursed Blacksmith","player_choice":"Rummage","floor":3.0,"damage_taken":0.0},{"event_name":"Big Fish","player_choice":"Donut","floor":4.0,"damage_taken":0.0},{"event_name":"Living Wall","player_choice":"Forget","floor":10.0,"damage_taken":0.0}],"is_beta":false,"boss_relics":[],"items_purged_floors":[11],"is_endless":false,"potions_floor_spawned":[6,8],"killed_by":"Gremlin Nob","ascension_level":20}