{"gold_per_floor":[111,76,87,99,113,113,144,144,144,144,169,169,194,194,194,287,287,307,307,307,321,336,336],"floor_reached":23,"playtime":1167,"items_purged":[],"score":386,"play_id":"89027b60-19cd-4c95-8e59-49cb143f5d3b","local_time":"20190317151039","is_ascension_mode":true,"campfire_choices":[{"data":"Buffer","floor":6.0,"key":"SMITH"},{"floor":8.0,"key":"REST"},{"data":"Skim","floor":12.0,"key":"SMITH"},{"floor":15.0,"key":"RECALL"}],"neow_cost":"NONE","seed_source_timestamp":383587154991663,"circlet_count":0,"master_deck":["AscendersBane","Strike_B+1","Strike_B+1","Strike_B+1","Strike_B+1","Defend_B+1","Defend_B+1","Defend_B+1","Defend_B+1","Zap+1","Dualcast","Skim+1","Turbo","Buffer+1","Gash","Undo","Genetic Algorithm","Loop+1","Seek","Cold Snap","Coolheaded","Doom and Gloom","Steam","Coolheaded","Leap","Capacitor"],"special_seed":0,"relics":["Cracked Core","Letter Opener","Singing Bowl","Bloody Idol","Orrery"],"potions_floor_usage":[23],"damage_taken":[{"damage":9.0,"enemies":"2 Louse","floor":1.0,"turns":3.0},{"damage":1.0,"enemies":"Cultist","floor":3.0,"turns":3.0},{"damage":7.0,"enemies":"Jaw Worm","floor":4.0,"turns":2.0},{"damage":17.0,"enemies":"Exordium Thugs","floor":5.0,"turns":5.0},{"damage":40.0,"enemies":"3 Sentries","floor":7.0,"turns":7.0},{"damage":3.0,"enemies":"Blue Slaver","floor":11.0,"turns":3.0},{"damage":0.0,"enemies":"Large Slime","floor":13.0,"turns":5.0},{"damage":12.0,"enemies":"Slime Boss","floor":16.0,"turns":10.0},{"damage":11.0,"enemies":"2 Thieves","floor":18.0,"turns":4.0},{"damage":0.0,"enemies":"Chosen","floor":21.0,"turns":9.0},{"damage":7,"enemies":"Snake Plant","floor":22,"turns":6},{"damage":51,"enemies":"Gremlin Leader","floor":23,"turns":5}],"seed_played":"-8380167478681528957","potions_obtained":[{"floor":5.0,"key":"Swift Potion"},{"floor":7.0,"key":"SpeedPotion"},{"floor":11.0,"key":"GamblersBrew"},{"floor":21.0,"key":"Poison Potion"}],"is_trial":false,"path_per_floor":["M","?","M","M","M","R","E","R","T","?","M","R","M","?","R","B",null,"M","?","?","M","M","E"],"character_chosen":"DEFECT","items_purchased":[],"campfire_rested":1,"item_purchase_floors":[],"current_hp_per_floor":[55,71,70,63,46,46,6,27,27,27,24,24,24,24,24,12,53,42,42,42,47,45,0],"gold":336,"neow_bonus":"UPGRADE_CARD","is_prod":false,"is_daily":false,"chose_seed":false,"campfire_upgraded":2,"win_rate":0,"timestamp":1552849839,"path_taken":["M","?","M","M","M","R","E","R","T","?","M","R","M","?","R","BOSS","M","?","?","?","M","E"],"build_version":"2019-03-15","purchased_purges":0,"victory":false,"max_hp_per_floor":[71,71,71,71,71,71,71,71,71,64,64,64,64,64,64,64,66,66,66,66,66,66,66],"card_choices":[{"not_picked":["Streamline","Beam Cell"],"picked":"Skim","floor":1.0},{"not_picked":["Hologram","Barrage"],"picked":"Turbo","floor":3.0},{"not_picked":["Leap","Reinforced Body"],"picked":"Buffer","floor":4.0},{"not_picked":["Barrage","Streamline"],"picked":"Gash","floor":5.0},{"not_picked":["Tempest","Recycle"],"picked":"Undo","floor":7.0},{"not_picked":["Go for the Eyes","Hologram"],"picked":"Genetic Algorithm","floor":11.0},{"not_picked":["Rip and Tear","Go for the Eyes"],"picked":"Loop","floor":13.0},{"not_picked":["Thunder Strike","Creative AI"],"picked":"Seek","floor":16.0},{"not_picked":["Chaos","Streamline"],"picked":"Cold Snap","floor":17.0},{"not_picked":["Tempest","Turbo"],"picked":"Coolheaded","floor":17.0},{"not_picked":["Sweeping Beam","Coolheaded"],"picked":"Doom and Gloom","floor":17.0},{"not_picked":["Blizzard","Scrape","Barrage"],"picked":"Singing Bowl","floor":17.0},{"not_picked":["Sunder","Compile Driver"],"picked":"Steam","floor":17.0},{"not_picked":["Lockon","Turbo"],"picked":"Coolheaded","floor":18.0},{"not_picked":["Compile Driver","Undo"],"picked":"Leap","floor":21.0},{"not_picked":["Storm","Loop"],"picked":"Capacitor","floor":22}],"player_experience":1128399,"relics_obtained":[{"floor":7.0,"key":"Letter Opener"},{"floor":9.0,"key":"Singing Bowl"}],"event_choices":[{"damage_healed":17.0,"max_hp_gain":0.0,"max_hp_loss":0.0,"gold_gain":0.0,"event_name":"The Cleric","player_choice":"Healed","floor":2.0,"gold_loss":35.0,"damage_taken":0.0},{"damage_healed":0.0,"max_hp_gain":0.0,"max_hp_loss":7.0,"gold_gain":0.0,"event_name":"Golden Idol","player_choice":"Lose Max HP","floor":10.0,"gold_loss":0.0,"damage_taken":0.0,"relics_obtained":["Golden Idol"]},{"damage_healed":0.0,"max_hp_gain":0.0,"max_hp_loss":0.0,"gold_gain":0.0,"event_name":"Accursed Blacksmith","player_choice":"Forge","floor":14.0,"gold_loss":0.0,"damage_taken":0.0,"cards_upgraded":["Loop"]},{"damage_healed":0.0,"max_hp_gain":0.0,"max_hp_loss":0.0,"gold_gain":0.0,"event_name":"Forgotten Altar","player_choice":"Gave Idol","floor":19.0,"relics_lost":["Golden Idol"],"gold_loss":0.0,"damage_taken":0.0,"relics_obtained":["Bloody Idol"]},{"damage_healed":0.0,"max_hp_gain":0.0,"max_hp_loss":0.0,"gold_gain":0.0,"event_name":"Back to Basics","player_choice":"Simplicity","floor":20.0,"gold_loss":0.0,"damage_taken":0.0,"cards_upgraded":["Strike_B","Strike_B","Strike_B","Strike_B","Defend_B","Defend_B","Defend_B","Defend_B"]}],"is_beta":true,"boss_relics":[{"not_picked":["Tiny House","Ectoplasm"],"picked":"Orrery"}],"items_purged_floors":[],"is_endless":false,"potions_floor_spawned":[5,7,11,21],"killed_by":"Gremlin Leader","ascension_level":20}