{"gold_per_floor":[110,128,0,0,0,0,34,34,114,133,165,165,175,208,208,282,282,299,311,33,33,0,0],"floor_reached":23,"playtime":1132,"items_purged":["Strike_B","Decay"],"score":452,"play_id":"becc292c-4c48-47e6-b0d0-dbbeafb84e3d","local_time":"20190320212003","is_ascension_mode":true,"campfire_choices":[{"data":"Zap","floor":6.0,"key":"SMITH"},{"data":"Consume","floor":8.0,"key":"SMITH"},{"floor":12.0,"key":"REST"},{"data":"Coolheaded","floor":15.0,"key":"SMITH"}],"neow_cost":"NONE","seed_source_timestamp":0,"circlet_count":0,"master_deck":["AscendersBane","Strike_B","Strike_B","Strike_B","Defend_B","Defend_B","Defend_B","Defend_B","Zap+1","Dualcast","Cold Snap","Consume+1","Coolheaded+1","Self Repair","Gash","Electrodynamics","Go for the Eyes","Gash","All For One","Decay","Doubt","Coolheaded+1","Hologram","Capacitor","Defragment","Coolheaded","Reinforced Body"],"special_seed":0,"relics":["Cracked Core","NeowsBlessing","Mummified Hand","Kunai","Dodecahedron","Gambling Chip","Nunchaku","Calling Bell","Girya","The Courier","Centennial Puzzle"],"potions_floor_usage":[],"damage_taken":[{"damage":0.0,"enemies":"Jaw Worm","floor":1.0,"turns":1.0},{"damage":0.0,"enemies":"Small Slimes","floor":2.0,"turns":1.0},{"damage":0.0,"enemies":"Lagavulin","floor":7.0,"turns":1.0},{"damage":5.0,"enemies":"2 Louse","floor":10.0,"turns":3.0},{"damage":39.0,"enemies":"Gremlin Nob","floor":11.0,"turns":4.0},{"damage":6.0,"enemies":"Blue Slaver","floor":13.0,"turns":4.0},{"damage":22.0,"enemies":"Lagavulin","floor":14.0,"turns":7.0},{"damage":28.0,"enemies":"The Guardian","floor":16.0,"turns":12.0},{"damage":0,"enemies":"Chosen","floor":18,"turns":3},{"damage":50,"enemies":"Shell Parasite","floor":19,"turns":6},{"damage":21,"enemies":"Gremlin Leader","floor":23,"turns":4}],"seed_played":"105650335078050774","potions_obtained":[{"floor":1.0,"key":"FocusPotion"},{"floor":2.0,"key":"FocusPotion"},{"floor":14.0,"key":"Weak Potion"},{"floor":18,"key":"LiquidBronze"}],"is_trial":false,"path_per_floor":["M","M","$","?","?","R","E","R","T","M","E","R","M","E","R","B",null,"M","M","$","?","?","E"],"character_chosen":"DEFECT","items_purchased":["Coolheaded","Capacitor","Defragment","Coolheaded","Reinforced Body"],"campfire_rested":1,"item_purchase_floors":[3,20,20,20,20],"current_hp_per_floor":[64,64,64,64,59,59,59,59,59,61,29,50,51,36,36,15,57,64,21,21,21,21,0],"gold":0,"neow_bonus":"THREE_ENEMY_KILL","is_prod":false,"is_daily":false,"chose_seed":false,"campfire_upgraded":3,"win_rate":0,"timestamp":1553131203,"path_taken":["M","M","$","?","?","R","E","R","T","M","E","R","M","E","R","BOSS","M","M","$","?","?","E"],"build_version":"2019-03-15","purchased_purges":2,"victory":false,"max_hp_per_floor":[71,71,71,71,71,71,71,71,71,71,71,71,71,71,71,71,71,71,71,71,71,71,71],"card_choices":[{"not_picked":["Darkness","Fusion"],"picked":"Cold Snap","floor":1.0},{"not_picked":["Recycle","Turbo"],"picked":"Consume","floor":2.0},{"not_picked":["Beam Cell","Streamline"],"picked":"Self Repair","floor":7.0},{"not_picked":["Rip and Tear","Sweeping Beam"],"picked":"Gash","floor":10.0},{"not_picked":["Melter","Stack"],"picked":"Electrodynamics","floor":11.0},{"not_picked":["Sweeping Beam","Streamline"],"picked":"Go for the Eyes","floor":13.0},{"not_picked":["Hello World","Redo"],"picked":"Gash","floor":14.0},{"not_picked":["Reboot","Multi-Cast"],"picked":"All For One","floor":16.0},{"not_picked":["Steam Power","Rebound"],"picked":"Coolheaded+1","floor":18},{"not_picked":["Storm","Coolheaded"],"picked":"Hologram","floor":19}],"player_experience":596367,"relics_obtained":[{"floor":7.0,"key":"Kunai"},{"floor":9.0,"key":"Dodecahedron"},{"floor":11.0,"key":"Gambling Chip"},{"floor":14.0,"key":"Nunchaku"},{"floor":17,"key":"Girya"},{"floor":17,"key":"The Courier"},{"floor":17,"key":"Centennial Puzzle"}],"event_choices":[{"damage_healed":0.0,"max_hp_gain":0.0,"max_hp_loss":0.0,"gold_gain":0.0,"event_name":"World of Goop","player_choice":"Left Gold","floor":4.0,"gold_loss":0.0,"damage_taken":0.0},{"damage_healed":0.0,"max_hp_gain":0.0,"max_hp_loss":0.0,"gold_gain":0.0,"event_name":"Scrap Ooze","player_choice":"Success","floor":5.0,"gold_loss":0.0,"damage_taken":5.0,"relics_obtained":["Mummified Hand"]},{"damage_healed":0,"gold_gain":0,"player_choice":"Paid Fearfully","damage_taken":0,"max_hp_gain":0,"max_hp_loss":0,"event_name":"Masked Bandits","floor":22,"gold_loss":33}],"is_beta":true,"boss_relics":[{"not_picked":["FrozenCore","Astrolabe"],"picked":"Calling Bell"}],"items_purged_floors":[3,20],"is_endless":false,"potions_floor_spawned":[1,2,7,14,18],"killed_by":"Gremlin Leader","ascension_level":19}