{"gold_per_floor":[118,118,33,33,50,80,80,96,96,126,126,145,177,87,87,162,162,179,204,204,204,254,254,272,272],"floor_reached":25,"playtime":990,"items_purged":[],"score":401,"play_id":"0cbcd2eb-98a4-4c8f-a2eb-5319e2fbddb8","local_time":"20181030193506","is_ascension_mode":true,"campfire_choices":[{"data":"Melter","floor":7.0,"key":"SMITH"},{"floor":11.0,"key":"REST"},{"data":"Loop","floor":15.0,"key":"SMITH"},{"floor":23,"key":"REST"}],"neow_cost":"NONE","seed_source_timestamp":37236614137434,"circlet_count":0,"master_deck":["Strike_B+1","Strike_B+1","Strike_B+1","Defend_B+1","Defend_B+1","Defend_B+1","Defend_B+1","Zap+1","Dualcast","AscendersBane","Amplify","Glacier","Sunder+1","Ball Lightning","Melter+1","Undo","Reboot","Leap","Loop+1","Genetic Algorithm","Hologram"],"special_seed":0,"relics":["Cracked Core","Ice Cream","Happy Flower","Strawberry","Black Star","Red Mask"],"potions_floor_usage":[19,25],"damage_taken":[{"damage":9.0,"enemies":"Jaw Worm","floor":1.0,"turns":4.0},{"damage":0.0,"enemies":"2 Louse","floor":5.0,"turns":2.0},{"damage":4.0,"enemies":"3 Sentries","floor":6.0,"turns":8.0},{"damage":0.0,"enemies":"Small Slimes","floor":8.0,"turns":1.0},{"damage":8.0,"enemies":"Gremlin Nob","floor":10.0,"turns":4.0},{"damage":3.0,"enemies":"Blue Slaver","floor":12.0,"turns":3.0},{"damage":5.0,"enemies":"Lagavulin","floor":13.0,"turns":5.0},{"damage":7.0,"enemies":"Hexaghost","floor":16.0,"turns":10.0},{"damage":11.0,"enemies":"2 Thieves","floor":18.0,"turns":5.0},{"damage":49,"enemies":"Masked Bandits","floor":19,"turns":5},{"damage":2,"enemies":"Colosseum Slavers","floor":21,"turns":5},{"damage":12,"enemies":"3 Byrds","floor":24,"turns":4},{"damage":4,"enemies":"Book of Stabbing","floor":25,"turns":4}],"seed_played":"6637528932163254516","potions_obtained":[{"floor":1.0,"key":"Block Potion"},{"floor":5.0,"key":"Swift Potion"},{"floor":6.0,"key":"Block Potion"},{"floor":16.0,"key":"SpeedPotion"},{"floor":18.0,"key":"PowerPotion"}],"is_trial":false,"path_per_floor":["M","?","$","?","M","E","R","M","T","E","R","M","E","$","R","B",null,"M","?","?","?","?","R","M"],"character_chosen":"DEFECT","items_purchased":["Sunder","Loop"],"campfire_rested":2,"item_purchase_floors":[3,14],"current_hp_per_floor":[55,55,55,34,34,30,30,30,30,22,43,40,42,42,42,35,67,56,7,7,5,5,28,16,12],"gold":272,"neow_bonus":"TRANSFORM_CARD","is_prod":false,"is_daily":false,"chose_seed":false,"campfire_upgraded":2,"win_rate":0,"timestamp":1540942506,"path_taken":["M","?","$","?","M","E","R","?","T","E","R","M","E","?","R","BOSS","M","?","?","?","?","R","M","E"],"build_version":"2018-10-29v2","purchased_purges":0,"victory":false,"max_hp_per_floor":[71,71,71,71,71,71,71,71,71,71,71,71,78,78,78,78,78,78,78,78,78,78,78,78,78],"card_choices":[{"not_picked":["Steam","BootSequence"],"picked":"Glacier","floor":1.0},{"not_picked":["Redo","Rebound"],"picked":"Ball Lightning","floor":5.0},{"not_picked":["Compile Driver","Machine Learning"],"picked":"Melter","floor":6.0},{"not_picked":["Doom and Gloom","Coolheaded"],"picked":"Undo","floor":8.0},{"not_picked":["Static Discharge","Tempest"],"picked":"Reboot","floor":10.0},{"not_picked":["Steam","Go for the Eyes"],"picked":"Leap","floor":12.0},{"not_picked":["Sunder","Compile Driver","Amplify"],"picked":"SKIP","floor":13.0},{"not_picked":["Auto Shields","Steam"],"picked":"Genetic Algorithm","floor":18.0},{"not_picked":["Darkness","Rip and Tear"],"picked":"Hologram","floor":19},{"not_picked":["Compile Driver","Fusion","Double Energy"],"picked":"SKIP","floor":24}],"player_experience":787533,"relics_obtained":[{"floor":6.0,"key":"Ice Cream"},{"floor":10.0,"key":"Happy Flower"},{"floor":13.0,"key":"Strawberry"},{"floor":19,"key":"Red Mask"}],"event_choices":[{"damage_healed":0.0,"max_hp_gain":0.0,"max_hp_loss":0.0,"gold_gain":0.0,"event_name":"Living Wall","player_choice":"Grow","floor":2.0,"gold_loss":0.0,"damage_taken":0.0,"cards_upgraded":["Zap"]},{"damage_healed":0.0,"max_hp_gain":0.0,"max_hp_loss":0.0,"gold_gain":0.0,"event_name":"Shining Light","player_choice":"Entered Light","floor":4.0,"gold_loss":0.0,"damage_taken":21.0,"cards_upgraded":["Defend_B","Sunder"]},{"damage_healed":0,"gold_gain":0,"player_choice":"Fought Bandits","damage_taken":0,"max_hp_gain":0,"max_hp_loss":0,"event_name":"Masked Bandits","floor":19,"gold_loss":0},{"damage_healed":0,"gold_gain":0,"player_choice":"Simplicity","damage_taken":0,"max_hp_gain":0,"max_hp_loss":0,"event_name":"Back to Basics","floor":20,"gold_loss":0,"cards_upgraded":["Strike_B","Strike_B","Strike_B","Defend_B","Defend_B","Defend_B"]},{"damage_healed":0,"gold_gain":0,"player_choice":"Fight","damage_taken":0,"max_hp_gain":0,"max_hp_loss":0,"event_name":"Colosseum","floor":21,"gold_loss":0},{"damage_healed":0,"gold_gain":0,"player_choice":"Fled From Nobs","damage_taken":0,"max_hp_gain":0,"max_hp_loss":0,"event_name":"Colosseum","floor":21,"gold_loss":0},{"damage_healed":0,"gold_gain":50,"player_choice":"Stole From Cult","damage_taken":0,"max_hp_gain":0,"max_hp_loss":0,"event_name":"Nest","floor":22,"gold_loss":0}],"is_beta":true,"boss_relics":[{"not_picked":["Philosopher\u0027s Stone","Pandora\u0027s Box"],"picked":"Black Star"}],"items_purged_floors":[],"is_endless":false,"potions_floor_spawned":[1,5,6,16,18],"killed_by":"Book of Stabbing","ascension_level":17}