{"path_per_floor":["M","M","M","M","M","R","M","R","T","R","$","?","R","M","R","B",null,"M","?","?","$","?","R","T","M","T","R","M","M","R","M","R","B",null,"M","M","?","M"],"character_chosen":"THE_SILENT","items_purchased":["Panacea","Backflip","Footwork"],"gold_per_floor":[116,129,140,160,170,170,189,189,189,189,50,50,50,60,60,160,160,147,179,179,27,27,27,27,41,41,41,52,71,71,88,88,193,193,206,220,220,233],"floor_reached":39,"campfire_rested":3,"playtime":4576,"current_hp_per_floor":[63,63,61,61,58,58,53,53,53,53,53,53,53,36,57,49,70,68,21,21,21,21,42,42,42,42,42,42,19,19,19,40,4,70,54,53,53,37],"items_purged":["Injury"],"gold":233,"play_id":"4e5f3231-fc4f-4aa6-9675-16db7b271f10","is_prod":false,"is_daily":false,"is_ascension_mode":false,"campfire_upgraded":4,"path_taken":["M","M","M","M","M","R","M","R","T","R","$","?","R","M","R","BOSS","M","?","?","$","?","R","?","M","T","R","?","M","R","M","R","BOSS","M","M","?","?","?"],"build_version":"2018-01-29-BETA1","purchased_purges":2,"victory":false,"master_deck":["Defend_G+1","Defend_G+1","Defend_G+1","Defend_G+1","Defend_G+1","Strike_G+1","Strike_G+1","Strike_G+1","Strike_G+1","Survivor","Neutralize+1","Acrobatics","Deflect","Flechettes+1","Prepared","Terror","Acrobatics+1","Panacea","Backflip","Flying Knee+1","Dash","Adrenaline","Parasite","Outmaneuver","Quick Slash","Footwork","Flying Knee+1","Choke","Backflip","Outmaneuver","Doppelganger","Flying Knee+1","Skewer+1"],"max_hp_per_floor":[70,70,70,70,70,70,70,70,70,70,70,70,70,70,70,70,70,70,70,70,70,70,70,70,70,70,70,70,70,70,70,70,70,70,70,70,70,70],"relics":["Ring of the Snake","Torii","Calling Bell","Tough Bandages","Sundial","Ancient Tea Set","Red Mask","Dodecahedron","Girya","Runic Dome"],"card_choices":[{"not_picked":["Prepared","Poisoned Stab"],"picked":"Acrobatics"},{"not_picked":["Caltrops","Blur"],"picked":"Deflect"},{"not_picked":["Finisher","Riddle With Holes"],"picked":"Flechettes"},{"not_picked":["Poisoned Stab","Dagger Throw"],"picked":"Prepared"},{"not_picked":["Escape Plan","Deflect"],"picked":"Terror"},{"not_picked":["Distraction","Dodge and Roll"],"picked":"Acrobatics"},{"not_picked":["Deflect","Quick Slash"],"picked":"Dash"},{"not_picked":["Envenom","Die Die Die"],"picked":"Adrenaline"},{"not_picked":["Deflect","Well Laid Plans"],"picked":"Outmaneuver"},{"not_picked":["Acrobatics","Deadly Poison"],"picked":"Quick Slash"},{"not_picked":["Glass Knife","Sucker Punch"],"picked":"Flying Knee"},{"not_picked":["Poisoned Stab","Dagger Spray"],"picked":"Choke"},{"not_picked":["Outmaneuver","Flechettes"],"picked":"Backflip"},{"not_picked":["Backstab","Distraction"],"picked":"Outmaneuver"},{"not_picked":["Glass Knife","Envenom"],"picked":"Doppelganger"},{"not_picked":["Deflect","Acrobatics"],"picked":"Flying Knee"},{"not_picked":["Backflip","Prepared"],"picked":"Escape Plan"},{"not_picked":["Infinite Blades","Dagger Throw"],"picked":"Skewer"}],"player_experience":4106,"potions_floor_usage":[7,18,19,29,33,33],"damage_taken":[{"damage":7,"enemies":"Blue Slaver","floor":1,"turns":5},{"damage":0,"enemies":"Small Slimes","floor":2,"turns":3},{"damage":2,"enemies":"Cultist","floor":3,"turns":5},{"damage":0,"enemies":"Large Slime","floor":4,"turns":7},{"damage":3,"enemies":"Red Slaver","floor":5,"turns":6},{"damage":5,"enemies":"Exordium Wildlife","floor":7,"turns":4},{"damage":17,"enemies":"Gremlin Gang","floor":14,"turns":5},{"damage":8,"enemies":"Hexaghost","floor":16,"turns":10},{"damage":2,"enemies":"2 Thieves","floor":18,"turns":4},{"damage":47,"enemies":"Masked Bandits","floor":19,"turns":9},{"damage":0,"enemies":"Chosen","floor":25,"turns":3},{"damage":0,"enemies":"Centurion and Healer","floor":28,"turns":5},{"damage":23,"enemies":"Slaver and Parasite","floor":29,"turns":6},{"damage":0,"enemies":"Snecko","floor":31,"turns":4},{"damage":36,"enemies":"Automaton","floor":33,"turns":12},{"damage":16,"enemies":"Flame Bruiser 1 Orb","floor":35,"turns":3},{"damage":1,"enemies":"3 Shapes","floor":36,"turns":5},{"damage":16,"enemies":"Maw","floor":38,"turns":6},{"damage":51,"enemies":"Flame Bruiser 2 Orb","floor":39,"turns":2}],"event_choices":[{"event_name":"Living Wall","player_choice":"Change","floor":12,"damage_taken":0},{"event_name":"Masked Bandits","player_choice":"Fought over 147 gold","floor":19,"damage_taken":0},{"event_name":"Purifier","player_choice":"One Purge","floor":20,"damage_taken":0},{"event_name":"Back to Basics","player_choice":"Simplicity","floor":22,"damage_taken":0}],"boss_relics":[{"not_picked":["Ectoplasm","White Beast Statue"],"picked":"Calling Bell"},{"not_picked":["Orrery","Question Card"],"picked":"Runic Dome"}],"potions_floor_spawned":[4,14,16,25,28,31],"seed_played":"579651578989753201","killed_by":"Flame Bruiser 2 Orb","ascension_level":0,"is_trial":false}