{"gold_per_floor":[112,112,29,29,29,94,94,126,126,152,152,168,16,31,31,109,109,123,133,133,133,133],"floor_reached":22,"playtime":719,"items_purged":["Defend_B"],"score":525,"play_id":"370bc568-d9be-48a3-a858-24d84b4c9054","local_time":"20190327131559","is_ascension_mode":true,"campfire_choices":[{"data":"Defragment","floor":7,"key":"SMITH"},{"data":"Hologram","floor":15,"key":"SMITH"}],"neow_cost":"NONE","seed_source_timestamp":46614473316385,"circlet_count":0,"master_deck":["AscendersBane","Defend_B","Defend_B+1","Defend_B","Zap+1","Dualcast","Leap","Defragment+1","Biased Cognition","Loop","Buffer","Hologram+1","Loop","Loop","Gash","Core Surge","Sweeping Beam","Gash","Bite","Bite","Bite","Bite","Bite"],"relics":["Cracked Core","NeowsBlessing","Turnip","Tiny Chest","Nunchaku","War Paint","Meat on the Bone","Letter Opener","Cursed Key"],"potions_floor_usage":[16,16,19],"damage_taken":[{"damage":0,"enemies":"Jaw Worm","floor":1,"turns":1},{"damage":0,"enemies":"3 Sentries","floor":6,"turns":1},{"damage":0,"enemies":"Gremlin Nob","floor":8,"turns":1},{"damage":2,"enemies":"Lagavulin","floor":10,"turns":6},{"damage":0,"enemies":"2 Louse","floor":12,"turns":1},{"damage":0,"enemies":"Small Slimes","floor":14,"turns":3},{"damage":27,"enemies":"The Guardian","floor":16,"turns":8},{"damage":28,"enemies":"Shell Parasite","floor":18,"turns":5},{"damage":0,"enemies":"Chosen","floor":19,"turns":4},{"damage":31,"enemies":"Shelled Parasite and Fungi","floor":22,"turns":2}],"seed_played":"6604635946927134103","potions_obtained":[{"floor":8,"key":"Block Potion"},{"floor":12,"key":"Poison Potion"},{"floor":16,"key":"FocusPotion"},{"floor":18,"key":"AttackPotion"}],"is_trial":false,"path_per_floor":["M","?","$","?","?","E","R","E","T","E","T","M","$","M","R","B",null,"M","M","?","?","M"],"character_chosen":"DEFECT","items_purchased":["Defragment","Loop"],"campfire_rested":0,"item_purchase_floors":[3,13],"current_hp_per_floor":[64,38,38,38,61,61,61,61,61,59,59,59,59,59,59,44,64,36,36,16,16,0],"gold":133,"neow_bonus":"THREE_ENEMY_KILL","is_prod":false,"is_daily":false,"chose_seed":false,"campfire_upgraded":2,"win_rate":0,"timestamp":1553706959,"path_taken":["M","?","$","?","?","E","R","E","T","E","?","M","?","M","R","BOSS","M","M","?","?","M"],"build_version":"2019-03-15","purchased_purges":1,"victory":false,"max_hp_per_floor":[71,71,71,71,71,71,71,71,71,71,71,71,71,71,71,71,71,71,71,76,53,53],"card_choices":[{"not_picked":["Stack","Turbo"],"picked":"Leap","floor":1},{"not_picked":["Recycle","Genetic Algorithm"],"picked":"Loop","floor":6},{"not_picked":["Rebound","Leap"],"picked":"Buffer","floor":8},{"not_picked":["Static Discharge","Streamline"],"picked":"Hologram","floor":10},{"not_picked":["Conserve Battery","Compile Driver"],"picked":"Loop","floor":12},{"not_picked":["Aggregate","Go for the Eyes"],"picked":"Gash","floor":14},{"not_picked":["Fission","Multi-Cast"],"picked":"Core Surge","floor":16},{"not_picked":["Self Repair","Steam"],"picked":"Sweeping Beam","floor":18},{"not_picked":["Ball Lightning","Reinforced Body"],"picked":"Gash","floor":19}],"player_experience":618025,"relics_obtained":[{"floor":6,"key":"Tiny Chest"},{"floor":8,"key":"Nunchaku"},{"floor":9,"key":"War Paint"},{"floor":10,"key":"Meat on the Bone"},{"floor":11,"key":"Letter Opener"}],"event_choices":[{"damage_healed":0,"gold_gain":0,"player_choice":"Success","damage_taken":26,"relics_obtained":["Turnip"],"max_hp_gain":0,"max_hp_loss":0,"event_name":"Scrap Ooze","floor":2,"gold_loss":0},{"damage_healed":0,"gold_gain":0,"cards_transformed":["Strike_B"],"player_choice":"Change","damage_taken":0,"max_hp_gain":0,"max_hp_loss":0,"event_name":"Living Wall","floor":4,"gold_loss":0,"cards_obtained":["Biased Cognition"]},{"damage_healed":23,"gold_gain":0,"player_choice":"Banana","damage_taken":0,"max_hp_gain":0,"max_hp_loss":0,"event_name":"Big Fish","floor":5,"gold_loss":0},{"damage_healed":0,"gold_gain":0,"player_choice":"Shed Blood","damage_taken":25,"max_hp_gain":5,"max_hp_loss":0,"event_name":"Forgotten Altar","floor":20,"gold_loss":0},{"damage_healed":0,"gold_gain":0,"player_choice":"Became a vampire","damage_taken":0,"max_hp_gain":0,"max_hp_loss":23,"event_name":"Vampires","floor":21,"gold_loss":0,"cards_obtained":["Bite","Bite","Bite","Bite","Bite"]}],"is_beta":true,"boss_relics":[{"not_picked":["Calling Bell","Ectoplasm"],"picked":"Cursed Key"}],"items_purged_floors":[13],"is_endless":false,"potions_floor_spawned":[8,12,16,18],"killed_by":"Shelled Parasite and Fungi","ascension_level":20}