{"gold_per_floor":[119,138,32,45,45,72,86,116,188,188,205,216,216,244,244,316,316,335,355,387,312,322,322,322],"floor_reached":24,"playtime":883,"items_purged":[],"score":436,"play_id":"564c640d-fe3c-4a68-8371-b98261fb2088","local_time":"20180921085836","is_ascension_mode":true,"campfire_choices":[{"floor":10.0,"key":"REST"},{"floor":13.0,"key":"REST"},{"data":"Dualcast","floor":15.0,"key":"SMITH"},{"floor":23,"key":"REST"}],"neow_cost":"NONE","seed_source_timestamp":691123233729470,"circlet_count":0,"master_deck":["Strike_B","Strike_B+1","Strike_B","Strike_B","Defend_B","Defend_B","Defend_B","Defend_B","Zap","Dualcast+1","AscendersBane","Conserve Battery","Chill","Leap","Doom and Gloom","Rip and Tear","Rebound+1","Leap","Leap","Electrodynamics","Conserve Battery+1"],"special_seed":0,"relics":["Cracked Core","NeowsBlessing","Question Card","Turnip","Whetstone","Symbiotic Virus","Oddly Smooth Stone","Busted Crown","Red Mask"],"potions_floor_usage":[16,19,20,24],"damage_taken":[{"damage":0.0,"enemies":"Cultist","floor":1.0,"turns":1.0},{"damage":0.0,"enemies":"Small Slimes","floor":2.0,"turns":1.0},{"damage":0.0,"enemies":"Jaw Worm","floor":4.0,"turns":1.0},{"damage":25.0,"enemies":"Lagavulin","floor":6.0,"turns":6.0},{"damage":1.0,"enemies":"2 Fungi Beasts","floor":7.0,"turns":3.0},{"damage":25.0,"enemies":"Gremlin Nob","floor":8.0,"turns":4.0},{"damage":1.0,"enemies":"Exordium Wildlife","floor":11.0,"turns":4.0},{"damage":8.0,"enemies":"Looter","floor":12.0,"turns":3.0},{"damage":18.0,"enemies":"3 Sentries","floor":14.0,"turns":6.0},{"damage":10,"enemies":"Hexaghost","floor":16,"turns":7},{"damage":0,"enemies":"3 Byrds","floor":18,"turns":2},{"damage":6,"enemies":"2 Thieves","floor":19,"turns":3},{"damage":23,"enemies":"Masked Bandits","floor":20,"turns":4},{"damage":0,"enemies":"Centurion and Healer","floor":22,"turns":6},{"damage":56,"enemies":"Gremlin Leader","floor":24,"turns":4}],"seed_played":"2825063656571603409","potions_obtained":[{"floor":2.0,"key":"Energy Potion"},{"floor":6.0,"key":"SpeedPotion"},{"floor":7.0,"key":"Weak Potion"},{"floor":8.0,"key":"FocusPotion"},{"floor":18,"key":"SpeedPotion"},{"floor":19,"key":"Weak Potion"}],"is_trial":false,"path_per_floor":["M","M","$","M","?","E","M","E","T","R","M","M","R","E","R","B",null,"M","M","?","?","M","R"],"character_chosen":"DEFECT","items_purchased":["Leap","Doom and Gloom"],"campfire_rested":3,"item_purchase_floors":[3,3],"current_hp_per_floor":[64,64,64,64,64,39,38,13,13,34,33,25,46,28,28,18,58,58,52,29,29,29,50,0],"gold":322,"neow_bonus":"THREE_ENEMY_KILL","is_prod":false,"is_daily":false,"chose_seed":false,"campfire_upgraded":1,"win_rate":0,"timestamp":1537534716,"path_taken":["M","?","?","M","?","E","M","E","T","R","M","?","R","E","R","BOSS","M","M","?","?","?","R","E"],"build_version":"2018-09-20","purchased_purges":0,"victory":false,"max_hp_per_floor":[71,71,71,71,71,71,71,71,71,71,71,71,71,71,71,71,71,71,71,71,71,71,71,71],"card_choices":[{"not_picked":["Coolheaded","Steam"],"picked":"Conserve Battery","floor":1.0},{"not_picked":["Chaos","Turbo"],"picked":"Chill","floor":2.0},{"not_picked":["Redo","BootSequence"],"picked":"Rip and Tear","floor":4.0},{"not_picked":["Stack","Turbo","Tempest"],"picked":"Rebound","floor":6.0},{"not_picked":["Sweeping Beam","Hologram","Recycle","Loop"],"picked":"SKIP","floor":7.0},{"not_picked":["Machine Learning","BootSequence","Barrage"],"picked":"Leap","floor":8.0},{"not_picked":["Ball Lightning","Hologram","Steam Power","Stack"],"picked":"SKIP","floor":11.0},{"not_picked":["Rebound","Chaos","Tempest"],"picked":"Leap","floor":12.0},{"not_picked":["Creative AI","Lockon","Darkness","Fusion"],"picked":"SKIP","floor":14.0},{"not_picked":["Seek","Fission","Reboot"],"picked":"Electrodynamics","floor":16},{"not_picked":["Loop","Hologram"],"picked":"SKIP","floor":18},{"not_picked":["Streamline"],"picked":"Conserve Battery+1","floor":19},{"not_picked":["Cold Snap","Loop"],"picked":"SKIP","floor":22}],"player_experience":869037,"relics_obtained":[{"floor":6.0,"key":"Turnip"},{"floor":8.0,"key":"Whetstone"},{"floor":9.0,"key":"Symbiotic Virus"},{"floor":14.0,"key":"Oddly Smooth Stone"},{"floor":20,"key":"Red Mask"}],"event_choices":[{"event_name":"Big Fish","player_choice":"Box","floor":5.0,"damage_taken":0.0},{"event_name":"Masked Bandits","player_choice":"Fought Bandits","floor":20,"damage_taken":0},{"event_name":"Beggar","player_choice":"Gave Gold","floor":21,"damage_taken":0}],"is_beta":false,"boss_relics":[{"not_picked":["Calling Bell","Empty Cage"],"picked":"Busted Crown"}],"items_purged_floors":[],"is_endless":false,"potions_floor_spawned":[2,6,7,8,14,18,19],"killed_by":"Gremlin Leader","ascension_level":20}