{"gold_per_floor":[118,68,68,83,8,8,42,42,94,111,129,129,29,29,29,126,126,143,154,165,40,40,40,69,92,116,116,116,116,133,191,191,287,287,304,304,53,73,89,89,115,215,215,250,269,280,280,291,291,291],"floor_reached":50,"playtime":2803,"items_purged":["Strike_R","Strike_R","Strike_R","Strike_R"],"score":903,"play_id":"9432bfa5-1eac-43f4-ba31-0ea33ccafcbd","local_time":"20190118231749","is_ascension_mode":true,"campfire_choices":[{"data":"Bash","floor":6,"key":"SMITH"},{"data":"Disarm","floor":12,"key":"SMITH"},{"data":"Dropkick","floor":15,"key":"SMITH"},{"data":"True Grit","floor":23,"key":"SMITH"},{"floor":27,"key":"REST"},{"data":"Immolate","floor":32,"key":"SMITH"},{"data":"Spot Weakness","floor":40,"key":"SMITH"},{"data":"True Grit","floor":47,"key":"SMITH"},{"floor":49,"key":"REST"}],"neow_cost":"NONE","seed_source_timestamp":46670527559503,"circlet_count":0,"master_deck":["Defend_R","Defend_R","Defend_R","Defend_R","Bash+1","Dropkick+1","Spot Weakness+1","Burning Pact+1","Disarm+1","Feed","True Grit+1","Rampage","Immolate+1","Limit Break","Dropkick+1","Flex+1","True Grit+1","Shrug It Off+1","Metallicize+1","Seeing Red"],"relics":["Burning Blood","NeowsBlessing","Omamori","Anchor","Pen Nib","Runic Pyramid","Red Skull","Prayer Wheel","PreservedInsect","Smiling Mask","Necronomicon","Tiny Chest","Mark of Pain","FaceOfCleric","DollysMirror","Sundial","Calipers","Torii"],"potions_floor_usage":[20,24,24,24,42,44,48,50],"damage_taken":[{"damage":0,"enemies":"2 Louse","floor":1,"turns":1},{"damage":0,"enemies":"Cultist","floor":4,"turns":1},{"damage":0,"enemies":"Gremlin Nob","floor":7,"turns":1},{"damage":0,"enemies":"Jaw Worm","floor":10,"turns":3},{"damage":0,"enemies":"Large Slime","floor":11,"turns":4},{"damage":29,"enemies":"The Guardian","floor":16,"turns":9},{"damage":28,"enemies":"Spheric Guardian","floor":18,"turns":5},{"damage":3,"enemies":"Shell Parasite","floor":19,"turns":5},{"damage":56,"enemies":"Snecko","floor":20,"turns":8},{"damage":24,"enemies":"Slavers","floor":24,"turns":6},{"damage":0,"enemies":"Cultist and Chosen","floor":30,"turns":4},{"damage":21,"enemies":"Book of Stabbing","floor":31,"turns":5},{"damage":2,"enemies":"Collector","floor":33,"turns":4},{"damage":0,"enemies":"3 Darklings","floor":35,"turns":1},{"damage":3,"enemies":"3 Shapes","floor":38,"turns":3},{"damage":13,"enemies":"Spire Growth","floor":39,"turns":4},{"damage":8,"enemies":"Giant Head","floor":41,"turns":5},{"damage":26,"enemies":"Mind Bloom Boss Battle","floor":42,"turns":7},{"damage":68,"enemies":"Reptomancer","floor":44,"turns":6},{"damage":1,"enemies":"Transient","floor":45,"turns":4},{"damage":0,"enemies":"3 Darklings","floor":46,"turns":4},{"damage":8,"enemies":"Sphere and 2 Shapes","floor":48,"turns":7},{"damage":80,"enemies":"Donu and Deca","floor":50,"turns":8}],"seed_played":"-4279140320548237278","potions_obtained":[{"floor":4,"key":"BloodPotion"},{"floor":7,"key":"SpeedPotion"},{"floor":10,"key":"LiquidBronze"},{"floor":11,"key":"Fire Potion"},{"floor":20,"key":"LiquidBronze"},{"floor":33,"key":"Block Potion"},{"floor":35,"key":"Poison Potion"},{"floor":42,"key":"Dexterity Potion"},{"floor":44,"key":"Strength Potion"}],"is_trial":false,"path_per_floor":["M","?","?","M","$","R","E","?","T","M","M","R","$","?","R","B",null,"M","M","M","$","?","R","E","T","T","R","?","?","M","E","R","B",null,"M","?","$","M","M","R","E","?","T","E","M","M","R","M","R","B"],"character_chosen":"IRONCLAD","items_purchased":["DollysMirror"],"campfire_rested":2,"item_purchase_floors":[37],"current_hp_per_floor":[78,78,78,80,80,80,80,85,85,85,85,85,85,85,85,62,79,60,66,19,19,19,19,13,13,13,42,42,26,35,23,23,27,84,93,93,93,97,94,94,93,74,74,13,19,26,26,28,64,0],"gold":291,"neow_bonus":"THREE_ENEMY_KILL","is_prod":false,"is_daily":false,"chose_seed":false,"campfire_upgraded":7,"win_rate":0,"timestamp":1547871469,"path_taken":["M","?","?","?","$","R","E","?","T","M","M","R","?","?","R","BOSS","M","M","M","$","?","R","E","?","T","R","?","?","M","E","R","BOSS","M","?","$","M","?","R","E","?","T","E","M","M","R","M","R","BOSS"],"build_version":"2019-01-17","purchased_purges":4,"victory":false,"max_hp_per_floor":[80,80,80,80,80,80,80,85,85,85,85,85,85,85,85,85,85,88,91,94,94,94,94,97,97,97,97,97,97,100,103,103,103,103,106,106,106,107,111,111,112,113,113,114,115,116,116,120,120,120],"card_choices":[{"not_picked":["Twin Strike","Havoc"],"picked":"Sentinel","floor":1},{"not_picked":["Perfected Strike","Shockwave"],"picked":"Dropkick","floor":4},{"not_picked":["Second Wind","Pommel Strike"],"picked":"Spot Weakness","floor":7},{"not_picked":["Cleave","Havoc"],"picked":"Burning Pact","floor":10},{"not_picked":["Twin Strike","Iron Wave"],"picked":"Disarm","floor":11},{"not_picked":["Demon Form","Dark Embrace"],"picked":"Feed","floor":16},{"not_picked":["Uppercut+1","Havoc","Rage"],"picked":"SKIP","floor":18},{"not_picked":["Sword Boomerang","Body Slam","Twin Strike"],"picked":"SKIP","floor":19},{"not_picked":["Pummel+1","Bloodletting"],"picked":"True Grit","floor":20},{"not_picked":["Sword Boomerang","Clash","Havoc"],"picked":"SKIP","floor":24},{"not_picked":["Flex","Twin Strike"],"picked":"Rampage","floor":30},{"not_picked":["Searing Blow","Thunderclap","Perfected Strike"],"picked":"SKIP","floor":30},{"not_picked":["Wild Strike","Ghostly Armor"],"picked":"Immolate","floor":31},{"not_picked":["Dark Embrace","Fiend Fire"],"picked":"Limit Break","floor":33},{"not_picked":["Anger+1","Armaments","Twin Strike+1"],"picked":"SKIP","floor":35},{"not_picked":["Wild Strike+1","Shrug It Off","Rage"],"picked":"SKIP","floor":35},{"not_picked":["Body Slam","Armaments","Blood for Blood+1"],"picked":"SKIP","floor":38},{"not_picked":["Second Wind+1","Clothesline","Pommel Strike+1"],"picked":"SKIP","floor":38},{"not_picked":["Perfected Strike","Sword Boomerang"],"picked":"Flex+1","floor":39},{"not_picked":["Entrench+1","Cleave","Wild Strike+1"],"picked":"SKIP","floor":39},{"not_picked":["Exhume","Twin Strike+1"],"picked":"True Grit","floor":41},{"not_picked":["Sword Boomerang+1","Iron Wave+1"],"picked":"Shrug It Off+1","floor":44},{"not_picked":["Heavy Blade","Clash"],"picked":"Metallicize+1","floor":45},{"not_picked":["Inflame+1","Cleave","Warcry+1"],"picked":"SKIP","floor":45},{"not_picked":["Flame Barrier+1","Ghostly Armor"],"picked":"Seeing Red","floor":46},{"not_picked":["Armaments","Limit Break","Havoc"],"picked":"SKIP","floor":46},{"not_picked":["True Grit","Shockwave","Wild Strike"],"picked":"SKIP","floor":48},{"not_picked":["True Grit","Bloodletting+1","Hemokinesis"],"picked":"SKIP","floor":48}],"player_experience":220152,"relics_obtained":[{"floor":7,"key":"Anchor"},{"floor":9,"key":"Pen Nib"},{"floor":24,"key":"Prayer Wheel"},{"floor":25,"key":"PreservedInsect"},{"floor":26,"key":"Smiling Mask"},{"floor":29,"key":"Necronomicon"},{"floor":31,"key":"Tiny Chest"},{"floor":41,"key":"Sundial"},{"floor":42,"key":"Calipers"},{"floor":44,"key":"Torii"}],"event_choices":[{"cards_removed":["Strike_R"],"damage_healed":0,"gold_gain":0,"player_choice":"Card Removal","damage_taken":0,"max_hp_gain":0,"max_hp_loss":0,"event_name":"The Cleric","floor":2,"gold_loss":50},{"cards_removed":["Sentinel"],"damage_healed":0,"gold_gain":0,"player_choice":"Gave Card","damage_taken":0,"relics_obtained":["Omamori"],"max_hp_gain":0,"max_hp_loss":0,"event_name":"WeMeetAgain","floor":3,"gold_loss":0},{"damage_healed":0,"gold_gain":0,"player_choice":"Donut","damage_taken":0,"max_hp_gain":5,"max_hp_loss":0,"event_name":"Big Fish","floor":8,"gold_loss":0},{"damage_healed":0,"gold_gain":0,"player_choice":"Forge","damage_taken":0,"max_hp_gain":0,"max_hp_loss":0,"event_name":"Accursed Blacksmith","floor":14,"gold_loss":0,"cards_upgraded":["Burning Pact"]},{"damage_healed":0,"gold_gain":0,"player_choice":"Opened","damage_taken":0,"relics_obtained":["Red Skull"],"max_hp_gain":0,"max_hp_loss":0,"event_name":"The Mausoleum","floor":22,"gold_loss":0},{"damage_healed":0,"gold_gain":0,"player_choice":"Ignored","damage_taken":0,"max_hp_gain":0,"max_hp_loss":0,"event_name":"Ghosts","floor":28,"gold_loss":0},{"damage_healed":0,"gold_gain":0,"player_choice":"Obtained Book","damage_taken":16,"max_hp_gain":0,"max_hp_loss":0,"event_name":"Cursed Tome","floor":29,"gold_loss":0},{"damage_healed":0,"gold_gain":0,"player_choice":"Trade","damage_taken":0,"relics_obtained":["FaceOfCleric"],"max_hp_gain":0,"max_hp_loss":0,"event_name":"FaceTrader","floor":36,"gold_loss":0},{"damage_healed":0,"gold_gain":0,"player_choice":"Fight","damage_taken":0,"max_hp_gain":0,"max_hp_loss":0,"event_name":"MindBloom","floor":42,"gold_loss":0}],"is_beta":true,"boss_relics":[{"not_picked":["Fusion Hammer","Orrery"],"picked":"Runic Pyramid"},{"not_picked":["Philosopher\u0027s Stone","Black Blood"],"picked":"Mark of Pain"}],"items_purged_floors":[5,13,21,37],"is_endless":false,"potions_floor_spawned":[4,7,10,11,19,20,33,35,42,44],"killed_by":"Donu and Deca","ascension_level":9}