{"gold_per_floor":[16,166,183,183,193,193,173,185,185,200,235,310,310,337,337,414,414,434,451,451,376,394,394,394,2,2,32,98,108,108,158,158,230,230,241,291,304,153,257,257,282,105,105,175,208,258,308,17,17,17,17],"floor_reached":52,"playtime":2363,"items_purged":["Pain","Strike_B+1","Writhe"],"score":1922,"play_id":"f33d0e47-623b-43b9-9354-f773f94d453e","local_time":"20190327014754","is_ascension_mode":true,"campfire_choices":[{"data":"Zap","floor":6.0,"key":"SMITH"},{"data":"Coolheaded","floor":13.0,"key":"SMITH"},{"data":"Self Repair","floor":15.0,"key":"SMITH"},{"data":"Chill","floor":23.0,"key":"SMITH"},{"data":"Hologram","floor":30,"key":"SMITH"},{"data":"Biased Cognition","floor":32,"key":"SMITH"},{"data":"Defragment","floor":40,"key":"SMITH"},{"floor":49,"key":"RECALL"}],"neow_cost":"NO_GOLD","seed_source_timestamp":1198087891717757,"circlet_count":0,"master_deck":["AscendersBane","Strike_B+1","Strike_B+1","Strike_B+1","Defend_B+1","Defend_B+1","Defend_B+1","Defend_B+1","Zap+1","Dualcast","Leap","Coolheaded+1","Self Repair+1","Ball Lightning","Biased Cognition","BootSequence","Biased Cognition+1","Chill+1","Ball Lightning","Leap+1","Electrodynamics","Hologram+1","FTL+1","FTL","Echo Form","Compile Driver","Defragment+1","Undo","Loop","Core Surge"],"special_seed":0,"relics":["Cracked Core","Pocketwatch","Ice Cream","Kunai","Cursed Key","SsserpentHead","PreservedInsect","Runic Capacitor","Dream Catcher","Sozu","StoneCalendar","Happy Flower","Shuriken","Mercury Hourglass","Strawberry"],"potions_floor_usage":[],"damage_taken":[{"damage":2.0,"enemies":"Jaw Worm","floor":1.0,"turns":3.0},{"damage":4.0,"enemies":"Small Slimes","floor":3.0,"turns":4.0},{"damage":0.0,"enemies":"Cultist","floor":5.0,"turns":5.0},{"damage":7.0,"enemies":"3 Louse","floor":8.0,"turns":3.0},{"damage":1.0,"enemies":"Blue Slaver","floor":10.0,"turns":4.0},{"damage":15.0,"enemies":"3 Sentries","floor":11.0,"turns":6.0},{"damage":6.0,"enemies":"Lagavulin","floor":14.0,"turns":6.0},{"damage":36.0,"enemies":"Hexaghost","floor":16.0,"turns":12.0},{"damage":26.0,"enemies":"Chosen","floor":18.0,"turns":4.0},{"damage":1.0,"enemies":"Shell Parasite","floor":19.0,"turns":4.0},{"damage":12.0,"enemies":"Chosen and Byrds","floor":22.0,"turns":5.0},{"damage":13.0,"enemies":"Slavers","floor":27.0,"turns":5.0},{"damage":3.0,"enemies":"Centurion and Healer","floor":28.0,"turns":4.0},{"damage":3.0,"enemies":"Snecko","floor":29.0,"turns":4.0},{"damage":53,"enemies":"Automaton","floor":33,"turns":9},{"damage":9,"enemies":"Orb Walker","floor":35,"turns":3},{"damage":2,"enemies":"3 Shapes","floor":37,"turns":4},{"damage":2,"enemies":"2 Orb Walkers","floor":39,"turns":4},{"damage":37,"enemies":"Giant Head","floor":41,"turns":6},{"damage":0,"enemies":"3 Darklings","floor":44,"turns":4},{"damage":0,"enemies":"Nemesis","floor":45,"turns":5},{"damage":10,"enemies":"Donu and Deca","floor":50,"turns":6},{"damage":41,"enemies":"Time Eater","floor":51,"turns":14}],"seed_played":"-2648582711618020677","potions_obtained":[{"floor":5.0,"key":"AttackPotion"},{"floor":7.0,"key":"Energy Potion"},{"floor":11.0,"key":"SkillPotion"},{"floor":14.0,"key":"Regen Potion"},{"floor":16.0,"key":"Weak Potion"},{"floor":22.0,"key":"Dexterity Potion"},{"floor":28.0,"key":"Strength Potion"},{"floor":29,"key":"GamblersBrew"}],"is_trial":false,"path_per_floor":["M","?","M","?","M","R","?","M","T","M","E","?","R","E","R","B",null,"M","M","?","?","M","R","?","$","T","E","M","M","R","?","R","B",null,"M","?","M","$","?","R","E","$","T","M","E","?","?","$","R","B","B",null],"character_chosen":"DEFECT","items_purchased":["PreservedInsect","Runic Capacitor","Defragment","Loop","Strawberry"],"campfire_rested":0,"item_purchase_floors":[25,25,38,42,48],"current_hp_per_floor":[76,76,72,46,46,46,46,46,46,52,44,33,33,34,34,23,70,54,63,63,63,61,61,61,61,61,58,65,72,72,72,72,29,71,72,72,80,80,81,81,54,54,54,64,81,81,81,88,88,88,67],"gold":17,"neow_bonus":"TWENTY_PERCENT_HP_BONUS","is_prod":false,"is_daily":false,"chose_seed":false,"campfire_upgraded":7,"win_rate":0,"timestamp":1553665674,"path_taken":["M","?","M","?","M","R","?","?","T","M","E","?","R","E","R","BOSS","M","M","?","?","M","R","?","$","T","E","?","M","R","?","R","BOSS","M","?","M","$","?","R","E","$","T","?","E","?","?","$","R","BOSS","BOSS"],"build_version":"2019-03-15","purchased_purges":3,"victory":true,"max_hp_per_floor":[85,85,85,85,85,85,85,85,85,85,85,85,85,85,85,85,85,85,85,85,85,85,85,85,85,85,85,85,85,85,85,85,85,85,85,81,81,81,81,81,81,81,81,81,81,81,81,88,88,88,88],"card_choices":[{"not_picked":["Steam","Melter"],"picked":"Leap","floor":1.0},{"not_picked":["Gash","Barrage"],"picked":"Coolheaded","floor":3.0},{"not_picked":["Static Discharge","Genetic Algorithm"],"picked":"Self Repair","floor":5.0},{"not_picked":["Beam Cell","Conserve Battery"],"picked":"Ball Lightning","floor":8.0},{"not_picked":["Doom and Gloom","Steam Power"],"picked":"Biased Cognition","floor":10.0},{"not_picked":["Consume","Leap"],"picked":"BootSequence","floor":11.0},{"not_picked":["Sweeping Beam","Darkness","Steam"],"picked":"SKIP","floor":14.0},{"not_picked":["Creative AI","Buffer"],"picked":"Biased Cognition","floor":16.0},{"not_picked":["Barrage","Consume"],"picked":"Chill","floor":18.0},{"not_picked":["Heatsinks+1","Redo"],"picked":"Ball Lightning","floor":19.0},{"not_picked":["Chaos","Rebound"],"picked":"Leap+1","floor":22.0},{"not_picked":["Rainbow","Undo+1"],"picked":"Electrodynamics","floor":27.0},{"not_picked":["Barrage","Darkness"],"picked":"Hologram","floor":28.0},{"not_picked":["Sunder","Hologram"],"picked":"FTL+1","floor":29},{"not_picked":["Buffer","All For One"],"picked":"Echo Form","floor":33},{"not_picked":["Reprogram","Aggregate+1","Beam Cell+1"],"picked":"SKIP","floor":35},{"not_picked":["Gash+1","Self Repair+1"],"picked":"Compile Driver","floor":37},{"not_picked":["Beam Cell","Redo"],"picked":"Undo","floor":39},{"not_picked":["Compile Driver","Storm+1","Steam Power"],"picked":"SKIP","floor":41},{"not_picked":["Scrape","Rebound+1","Chill"],"picked":"SKIP","floor":44},{"not_picked":["Coolheaded","Sweeping Beam"],"picked":"Core Surge","floor":45}],"player_experience":1308811,"relics_obtained":[{"floor":9.0,"key":"Pocketwatch"},{"floor":11.0,"key":"Ice Cream"},{"floor":14.0,"key":"Kunai"},{"floor":27.0,"key":"Dream Catcher"},{"floor":39,"key":"StoneCalendar"},{"floor":41,"key":"Happy Flower"},{"floor":43,"key":"Shuriken"},{"floor":45,"key":"Mercury Hourglass"}],"event_choices":[{"damage_healed":0.0,"max_hp_gain":0.0,"max_hp_loss":0.0,"gold_gain":150.0,"event_name":"Liars Game","player_choice":"AGREE","floor":2.0,"gold_loss":0.0,"damage_taken":0.0,"cards_obtained":["Doubt"]},{"damage_healed":0.0,"max_hp_gain":0.0,"max_hp_loss":0.0,"gold_gain":0.0,"event_name":"Shining Light","player_choice":"Entered Light","floor":4.0,"gold_loss":0.0,"damage_taken":26.0,"cards_upgraded":["Strike_B","Defend_B"]},{"damage_healed":0.0,"max_hp_gain":0.0,"max_hp_loss":0.0,"gold_gain":0.0,"event_name":"The Woman in Blue","player_choice":"Bought 1 Potion","floor":7.0,"gold_loss":0.0,"damage_taken":0.0},{"damage_healed":0.0,"max_hp_gain":0.0,"max_hp_loss":0.0,"gold_gain":75.0,"event_name":"World of Goop","player_choice":"Gather Gold","floor":12.0,"gold_loss":0.0,"damage_taken":11.0},{"damage_healed":0.0,"max_hp_gain":0.0,"max_hp_loss":0.0,"gold_gain":0.0,"event_name":"Back to Basics","player_choice":"Simplicity","floor":20.0,"gold_loss":0.0,"damage_taken":0.0,"cards_upgraded":["Strike_B","Strike_B","Strike_B","Defend_B","Defend_B","Defend_B"]},{"cards_removed":["Doubt"],"damage_healed":0.0,"max_hp_gain":0.0,"max_hp_loss":0.0,"gold_gain":0.0,"event_name":"Beggar","player_choice":"Gave Gold","floor":21.0,"gold_loss":75.0,"damage_taken":0.0},{"damage_healed":0.0,"max_hp_gain":0.0,"max_hp_loss":0.0,"gold_gain":0.0,"event_name":"FaceTrader","player_choice":"Trade","floor":24.0,"gold_loss":0.0,"damage_taken":0.0,"relics_obtained":["SsserpentHead"]},{"damage_healed":0,"gold_gain":0,"player_choice":"Read","damage_taken":0,"max_hp_gain":0,"max_hp_loss":0,"event_name":"The Library","floor":31,"gold_loss":0,"cards_obtained":["FTL"]},{"damage_healed":0,"gold_gain":0,"player_choice":"Max HP","damage_taken":0,"max_hp_gain":0,"max_hp_loss":4,"event_name":"Winding Halls","floor":36,"gold_loss":0},{"damage_healed":0,"gold_gain":0,"player_choice":"Fight","damage_taken":0,"max_hp_gain":0,"max_hp_loss":0,"event_name":"Mysterious Sphere","floor":39,"gold_loss":0},{"damage_healed":0,"gold_gain":0,"player_choice":"Ignored","damage_taken":0,"max_hp_gain":0,"max_hp_loss":0,"event_name":"Tomb of Lord Red Mask","floor":46,"gold_loss":0},{"damage_healed":0,"gold_gain":0,"player_choice":"Full Heal","damage_taken":0,"max_hp_gain":0,"max_hp_loss":0,"event_name":"Wheel of Change","floor":47,"gold_loss":0}],"is_beta":true,"boss_relics":[{"not_picked":["Fusion Hammer","Inserter"],"picked":"Cursed Key"},{"not_picked":["Eternal Feather","White Beast Statue"],"picked":"Sozu"}],"items_purged_floors":[38,42,48],"is_endless":false,"potions_floor_spawned":[5,10,11,14,16,22,28,29,35,39,45],"ascension_level":20}