{"gold_per_floor":[114,114,127,142,159,190,340,357,383,413,413,447,447,465,465,544,544,560,575,575,490,490,490,415,415,469,469,469],"floor_reached":28,"playtime":893,"items_purged":[],"score":452,"play_id":"d82fd86b-2535-4d2e-9b05-f5b7653318d9","local_time":"20190310195937","is_ascension_mode":true,"campfire_choices":[{"data":"Juggernaut","floor":11,"key":"SMITH"},{"data":"Evolve","floor":15,"key":"SMITH"},{"data":"Disarm","floor":23,"key":"SMITH"},{"data":"True Grit","floor":25,"key":"SMITH"},{"data":"Shockwave","floor":27,"key":"SMITH"}],"neow_cost":"NONE","seed_source_timestamp":317913571793048,"circlet_count":0,"master_deck":["AscendersBane","Strike_R","Strike_R","Strike_R","Strike_R","Defend_R","Defend_R","Defend_R","Defend_R","Bash","Juggernaut+1","Shockwave+1","Anger+1","Shrug It Off","Disarm+1","Double Tap","Clothesline+1","Evolve+1","True Grit+1","Whirlwind+1","Exhume","Corruption","Cleave+1"],"special_seed":0,"relics":["Burning Blood","Molten Egg 2","Regal Pillow","Anchor","Odd Mushroom","Vajra","Paper Frog","Empty Cage","Enchiridion","Oddly Smooth Stone","Lantern"],"potions_floor_usage":[10,19],"damage_taken":[{"damage":4.0,"enemies":"Jaw Worm","floor":1.0,"turns":5.0},{"damage":1.0,"enemies":"Cultist","floor":3.0,"turns":4.0},{"damage":0.0,"enemies":"Small Slimes","floor":4.0,"turns":3.0},{"damage":9.0,"enemies":"Looter","floor":5.0,"turns":4.0},{"damage":16.0,"enemies":"Lagavulin","floor":6.0,"turns":7.0},{"damage":12.0,"enemies":"Blue Slaver","floor":8.0,"turns":4.0},{"damage":2,"enemies":"The Mushroom Lair","floor":10,"turns":4},{"damage":34,"enemies":"3 Sentries","floor":12,"turns":9},{"damage":3,"enemies":"Red Slaver","floor":14,"turns":4},{"damage":31,"enemies":"Slime Boss","floor":16,"turns":8},{"damage":17,"enemies":"Shell Parasite","floor":18,"turns":7},{"damage":25,"enemies":"Spheric Guardian","floor":19,"turns":5},{"damage":10,"enemies":"Centurion and Healer","floor":28,"turns":4}],"seed_played":"5892308397971489890","potions_obtained":[{"floor":1.0,"key":"Block Potion"},{"floor":4.0,"key":"FearPotion"},{"floor":8.0,"key":"BloodPotion"},{"floor":12,"key":"Poison Potion"},{"floor":14,"key":"Fire Potion"},{"floor":19,"key":"AttackPotion"}],"is_trial":false,"path_per_floor":["M","?","M","M","M","E","?","M","T","?","R","E","T","M","R","B",null,"M","M","?","?","?","R","?","R","T","R","M"],"character_chosen":"IRONCLAD","items_purchased":[],"campfire_rested":0,"item_purchase_floors":[],"current_hp_per_floor":[70,70,75,75,72,62,62,56,56,67,67,39,39,42,42,17,61,50,31,10,10,10,10,10,10,10,10,0],"gold":469,"neow_bonus":"ONE_RANDOM_RARE_CARD","is_prod":false,"is_daily":false,"chose_seed":false,"campfire_upgraded":5,"win_rate":0,"timestamp":1552262377,"path_taken":["M","?","M","M","?","E","?","M","T","?","R","E","?","?","R","BOSS","M","M","?","?","?","R","?","R","T","R","?"],"build_version":"2019-02-06","purchased_purges":0,"victory":false,"max_hp_per_floor":[75,75,75,75,75,75,75,75,75,75,75,75,75,75,75,75,75,75,75,75,75,75,75,75,75,75,75,75],"card_choices":[{"not_picked":["Armaments","Pommel Strike"],"picked":"Shockwave","floor":1.0},{"not_picked":["Corruption","Clash+1"],"picked":"Anger+1","floor":3.0},{"not_picked":["Ghostly Armor","Wild Strike+1"],"picked":"Shrug It Off","floor":4.0},{"not_picked":["Infernal Blade","Berserk"],"picked":"Disarm","floor":5.0},{"not_picked":["Wild Strike+1","Combust"],"picked":"Double Tap","floor":6.0},{"not_picked":["Combust","Headbutt+1"],"picked":"Clothesline+1","floor":8.0},{"not_picked":["Flex","Pommel Strike+1"],"picked":"Evolve","floor":10},{"not_picked":["Combust","Spot Weakness"],"picked":"True Grit","floor":12},{"not_picked":["Clothesline+1","Ghostly Armor"],"picked":"Whirlwind+1","floor":14},{"not_picked":["Brutality","Limit Break"],"picked":"Exhume","floor":16},{"not_picked":["Burning Pact","Entrench"],"picked":"Corruption","floor":18},{"not_picked":["Pommel Strike+1","Twin Strike+1"],"picked":"Cleave+1","floor":19}],"player_experience":1083302,"relics_obtained":[{"floor":6.0,"key":"Regal Pillow"},{"floor":9.0,"key":"Anchor"},{"floor":10,"key":"Odd Mushroom"},{"floor":12,"key":"Vajra"},{"floor":13,"key":"Paper Frog"},{"floor":20,"key":"Enchiridion"},{"floor":26,"key":"Lantern"}],"event_choices":[{"damage_healed":0.0,"max_hp_gain":0.0,"max_hp_loss":0.0,"gold_gain":0.0,"event_name":"WeMeetAgain","player_choice":"Gave Potion","floor":2.0,"gold_loss":0.0,"damage_taken":0.0,"relics_obtained":["Molten Egg 2"]},{"damage_healed":0.0,"max_hp_gain":0.0,"max_hp_loss":0.0,"gold_gain":150.0,"event_name":"Liars Game","player_choice":"AGREE","floor":7.0,"gold_loss":0.0,"damage_taken":0.0,"cards_obtained":["Doubt"]},{"damage_healed":0,"gold_gain":0,"player_choice":"Fought Mushrooms","damage_taken":0,"max_hp_gain":0,"max_hp_loss":0,"event_name":"Mushrooms","floor":10,"gold_loss":0},{"damage_healed":0,"gold_gain":0,"player_choice":"Obtained Book","damage_taken":21,"max_hp_gain":0,"max_hp_loss":0,"event_name":"Cursed Tome","floor":20,"gold_loss":0},{"damage_healed":0,"gold_gain":0,"player_choice":"Obtained Relic","damage_taken":0,"relics_obtained":["Oddly Smooth Stone"],"max_hp_gain":0,"max_hp_loss":0,"event_name":"Addict","floor":21,"gold_loss":85},{"damage_healed":0,"gold_gain":0,"player_choice":"Smashed Altar","damage_taken":0,"max_hp_gain":0,"max_hp_loss":0,"event_name":"Forgotten Altar","floor":22,"gold_loss":0,"cards_obtained":["Decay"]},{"cards_removed":["Decay"],"damage_healed":0,"gold_gain":0,"player_choice":"Gave Gold","damage_taken":0,"max_hp_gain":0,"max_hp_loss":0,"event_name":"Beggar","floor":24,"gold_loss":75}],"is_beta":true,"boss_relics":[{"not_picked":["Runic Dome","Eternal Feather"],"picked":"Empty Cage"}],"items_purged_floors":[],"is_endless":false,"potions_floor_spawned":[1,4,8,12,14,16,18,19],"killed_by":"Centurion and Healer","ascension_level":20}