{"gold_per_floor":[116,131,206,206,59,93,93,119,143,171,185,212,227,245,245,245],"floor_reached":16,"playtime":814,"items_purged":[],"score":143,"play_id":"a48c1329-c9ca-4c22-967a-47d10f70e6d3","local_time":"20190123032647","is_ascension_mode":true,"campfire_choices":[{"data":"Dagger Spray","floor":7,"key":"SMITH"},{"floor":15,"key":"REST"}],"neow_cost":"NONE","seed_source_timestamp":14924810038185,"circlet_count":0,"master_deck":["Defend_G","Defend_G","Defend_G","Defend_G","Defend_G","Strike_G","Strike_G","Strike_G","Strike_G","Strike_G","Survivor","Neutralize+1","Choke","Cloak And Dagger","Dagger Spray+1","Backflip","Cloak And Dagger","Choke","PiercingWail","Dodge and Roll","A Thousand Cuts","Dodge and Roll"],"relics":["Ring of the Snake","Tiny Chest","Pen Nib","Ninja Scroll","Bag of Preparation","Centennial Puzzle","Bottled Flame"],"potions_floor_usage":[6,8,11,14],"damage_taken":[{"damage":0,"enemies":"Cultist","floor":1,"turns":5},{"damage":2,"enemies":"Jaw Worm","floor":2,"turns":4},{"damage":20,"enemies":"Gremlin Nob","floor":6,"turns":4},{"damage":20,"enemies":"Lagavulin","floor":8,"turns":4},{"damage":15,"enemies":"Gremlin Nob","floor":10,"turns":4},{"damage":0,"enemies":"2 Louse","floor":11,"turns":2},{"damage":2,"enemies":"Lagavulin","floor":12,"turns":6},{"damage":0,"enemies":"Large Slime","floor":13,"turns":4},{"damage":0,"enemies":"Looter","floor":14,"turns":1},{"damage":32,"enemies":"Hexaghost","floor":16,"turns":15}],"seed_played":"-31603345472931257","potions_obtained":[{"floor":1,"key":"Swift Potion"},{"floor":6,"key":"AttackPotion"},{"floor":8,"key":"Block Potion"},{"floor":13,"key":"Energy Potion"}],"is_trial":false,"path_per_floor":["M","M","?","?","$","E","R","E","T","E","M","E","M","M","R","B"],"character_chosen":"THE_SILENT","items_purchased":["Tiny Chest","Dagger Spray"],"campfire_rested":1,"item_purchase_floors":[5,5],"current_hp_per_floor":[70,68,57,62,62,42,42,22,22,7,7,5,5,5,27,0],"gold":245,"neow_bonus":"UPGRADE_CARD","is_prod":false,"is_daily":false,"chose_seed":false,"campfire_upgraded":1,"win_rate":0,"timestamp":1548232007,"path_taken":["M","M","?","?","?","E","R","E","T","E","?","E","M","M","R","BOSS"],"build_version":"2019-01-17v2","purchased_purges":0,"victory":false,"max_hp_per_floor":[70,70,70,75,75,75,75,75,75,75,75,75,75,75,75,75],"card_choices":[{"not_picked":["Underhanded Strike","Blade Dance"],"picked":"Choke","floor":1},{"not_picked":["Outmaneuver","Riddle With Holes"],"picked":"Cloak And Dagger","floor":2},{"not_picked":["Concentrate","Outmaneuver"],"picked":"Backflip","floor":6},{"not_picked":["Leg Sweep","Sucker Punch"],"picked":"Cloak And Dagger","floor":8},{"not_picked":["Cloak And Dagger","Heel Hook"],"picked":"Choke","floor":10},{"not_picked":["Cloak And Dagger","Riddle With Holes"],"picked":"PiercingWail","floor":11},{"not_picked":["Finisher","Leg Sweep"],"picked":"Dodge and Roll","floor":12},{"not_picked":["Escape Plan","Prepared"],"picked":"A Thousand Cuts","floor":13},{"not_picked":["Acrobatics","Reflex"],"picked":"Dodge and Roll","floor":14}],"player_experience":150316,"relics_obtained":[{"floor":6,"key":"Pen Nib"},{"floor":8,"key":"Ninja Scroll"},{"floor":9,"key":"Bag of Preparation"},{"floor":10,"key":"Centennial Puzzle"},{"floor":12,"key":"Bottled Flame"}],"event_choices":[{"damage_healed":0,"gold_gain":75,"player_choice":"Gather Gold","damage_taken":11,"max_hp_gain":0,"max_hp_loss":0,"event_name":"World of Goop","floor":3,"gold_loss":0},{"damage_healed":0,"gold_gain":0,"player_choice":"Donut","damage_taken":0,"max_hp_gain":5,"max_hp_loss":0,"event_name":"Big Fish","floor":4,"gold_loss":0}],"is_beta":false,"boss_relics":[],"items_purged_floors":[],"is_endless":false,"potions_floor_spawned":[1,6,8,13],"killed_by":"Hexaghost","ascension_level":2}