{"gold_per_floor":[111,36,52,52,52,52,69,101,173,187,198,15,15,15,15,15],"floor_reached":16,"playtime":597,"items_purged":["Strike_G","Strike_G"],"score":102,"play_id":"8ee3f1e5-91ec-4949-86f3-bf908c9f8c2b","local_time":"20190127074450","is_ascension_mode":false,"campfire_choices":[{"data":"Masterful Stab","floor":6,"key":"SMITH"},{"data":"Bandage Up","floor":13,"key":"SMITH"},{"floor":15,"key":"REST"}],"neow_cost":"NONE","seed_source_timestamp":2756666055281,"circlet_count":0,"master_deck":["Defend_G","Defend_G","Defend_G","Defend_G","Strike_G","Strike_G","Strike_G","Survivor","Neutralize","Deep Breath","Masterful Stab+1","Blade Dance","Bandage Up+1"],"relics":["Ring of the Snake","Gambling Chip","Kunai","NlothsMask"],"potions_floor_usage":[5,16,16],"damage_taken":[{"damage":11,"enemies":"Jaw Worm","floor":1,"turns":4},{"damage":10,"enemies":"Cultist","floor":3,"turns":5},{"damage":0,"enemies":"2 Louse","floor":5,"turns":2},{"damage":11,"enemies":"Red Slaver","floor":7,"turns":5},{"damage":24,"enemies":"3 Sentries","floor":8,"turns":7},{"damage":0,"enemies":"Looter","floor":10,"turns":2},{"damage":2,"enemies":"Exordium Wildlife","floor":11,"turns":3},{"damage":48,"enemies":"Slime Boss","floor":16,"turns":8}],"seed_played":"-7193272642900678834","potions_obtained":[{"floor":3,"key":"Fruit Juice"},{"floor":8,"key":"Ancient Potion"},{"floor":10,"key":"GamblersBrew"}],"is_trial":false,"path_per_floor":["M","$","M","?","M","R","M","E","T","M","M","$","R","?","R","B"],"character_chosen":"THE_SILENT","items_purchased":["Bandage Up"],"campfire_rested":1,"item_purchase_floors":[12],"current_hp_per_floor":[59,59,49,49,54,54,43,19,19,19,17,17,17,17,39,0],"gold":15,"neow_bonus":"RANDOM_COLORLESS","is_prod":false,"is_daily":false,"chose_seed":false,"campfire_upgraded":2,"win_rate":0,"timestamp":1548603890,"path_taken":["M","$","M","?","M","R","M","E","T","M","?","?","R","?","R","BOSS"],"build_version":"2019-01-23","purchased_purges":2,"victory":false,"max_hp_per_floor":[70,70,70,70,75,75,75,75,75,75,75,75,75,75,75,75],"card_choices":[{"not_picked":["Dodge and Roll","Bane","Deadly Poison"],"picked":"SKIP","floor":1},{"not_picked":["Blur","Acrobatics"],"picked":"Masterful Stab","floor":3},{"not_picked":["Underhanded Strike","Choke"],"picked":"Blade Dance","floor":5},{"not_picked":["Leg Sweep","Noxious Fumes","Distraction"],"picked":"SKIP","floor":7},{"not_picked":["Finisher","Bullet Time","Sucker Punch"],"picked":"SKIP","floor":8},{"not_picked":["Backflip","Crippling Poison","Endless Agony"],"picked":"SKIP","floor":10},{"not_picked":["Deflect","Dagger Spray","Deadly Poison"],"picked":"SKIP","floor":11}],"player_experience":198565,"relics_obtained":[{"floor":8,"key":"Gambling Chip"},{"floor":9,"key":"Kunai"}],"event_choices":[{"cards_removed":["Defend_G"],"damage_healed":0,"gold_gain":0,"player_choice":"Purged","damage_taken":0,"max_hp_gain":0,"max_hp_loss":0,"event_name":"Purifier","floor":4,"gold_loss":0},{"damage_healed":0,"gold_gain":0,"player_choice":"Trade","damage_taken":0,"relics_obtained":["NlothsMask"],"max_hp_gain":0,"max_hp_loss":0,"event_name":"FaceTrader","floor":14,"gold_loss":0}],"is_beta":false,"boss_relics":[],"items_purged_floors":[2,12],"is_endless":false,"potions_floor_spawned":[3,8,10],"killed_by":"Slime Boss","ascension_level":0}