{"gold_per_floor":[118,118,78,78,23,57,72,107,152,186,186,210,210,245,245,245],"floor_reached":16,"playtime":288,"items_purged":[],"score":298,"play_id":"d125d7ea-9fc6-44cf-9e84-a3d8689fa42a","local_time":"20190307232648","is_ascension_mode":true,"campfire_choices":[{"data":"Perfected Strike","floor":11,"key":"SMITH"},{"data":"Demon Form","floor":15,"key":"SMITH"}],"neow_cost":"NONE","seed_source_timestamp":75382322720887,"circlet_count":0,"master_deck":["AscendersBane","Strike_R","Strike_R","Strike_R","Strike_R","Strike_R","Defend_R","Defend_R","Defend_R","Defend_R","Bash","Cleave","Flame Barrier+1","Perfected Strike+1","True Grit","Demon Form+1","Headbutt"],"special_seed":0,"relics":["Burning Blood","NeowsBlessing","Golden Idol","Regal Pillow","Bag of Marbles","Ancient Tea Set","Omamori","Art of War","Orichalcum"],"potions_floor_usage":[8,10],"damage_taken":[{"damage":0.0,"enemies":"Small Slimes","floor":1.0,"turns":1.0},{"damage":0.0,"enemies":"3 Sentries","floor":6.0,"turns":1.0},{"damage":0.0,"enemies":"Jaw Worm","floor":7.0,"turns":1.0},{"damage":8,"enemies":"Gremlin Nob","floor":8,"turns":3},{"damage":25,"enemies":"Lagavulin","floor":10,"turns":8},{"damage":20,"enemies":"Gremlin Nob","floor":14,"turns":4},{"damage":31,"enemies":"Slime Boss","floor":16,"turns":3}],"seed_played":"-3249860120619399666","potions_obtained":[{"floor":6.0,"key":"AttackPotion"},{"floor":8,"key":"LiquidBronze"},{"floor":14,"key":"Explosive Potion"}],"is_trial":false,"path_per_floor":["M","?","$","?","$","E","M","E","T","E","R","T","$","E","R","B"],"character_chosen":"IRONCLAD","items_purchased":["Flame Barrier","Fire Potion"],"campfire_rested":0,"item_purchase_floors":[3,5],"current_hp_per_floor":[74,48,48,48,48,54,60,58,58,39,39,39,39,25,25,0],"gold":245,"neow_bonus":"THREE_ENEMY_KILL","is_prod":false,"is_daily":false,"chose_seed":false,"campfire_upgraded":2,"win_rate":0,"timestamp":1552019208,"path_taken":["M","?","$","?","?","E","M","E","T","E","R","?","$","E","R","BOSS"],"build_version":"2019-02-06","purchased_purges":0,"victory":false,"max_hp_per_floor":[75,75,75,75,75,75,75,75,75,75,75,75,75,75,75,75],"card_choices":[{"not_picked":["Heavy Blade","Twin Strike"],"picked":"Cleave","floor":1.0},{"not_picked":["Pommel Strike","Carnage"],"picked":"Perfected Strike","floor":6.0},{"not_picked":["Wild Strike","Seeing Red"],"picked":"True Grit","floor":7.0},{"not_picked":["Havoc","Warcry"],"picked":"Demon Form","floor":8},{"not_picked":["Clash","Corruption"],"picked":"Headbutt","floor":10},{"not_picked":["Headbutt","Flex","Wild Strike"],"picked":"SKIP","floor":14}],"player_experience":1066033,"relics_obtained":[{"floor":6.0,"key":"Regal Pillow"},{"floor":8,"key":"Bag of Marbles"},{"floor":9,"key":"Ancient Tea Set"},{"floor":10,"key":"Omamori"},{"floor":12,"key":"Art of War"},{"floor":14,"key":"Orichalcum"}],"event_choices":[{"damage_healed":0.0,"max_hp_gain":0.0,"max_hp_loss":0.0,"gold_gain":0.0,"event_name":"Golden Idol","player_choice":"Take Damage","floor":2.0,"gold_loss":0.0,"damage_taken":26.0,"relics_obtained":["Golden Idol"]},{"damage_healed":0.0,"max_hp_gain":0.0,"max_hp_loss":0.0,"gold_gain":0.0,"event_name":"Living Wall","player_choice":"Grow","floor":4.0,"gold_loss":0.0,"damage_taken":0.0,"cards_upgraded":["Flame Barrier"]}],"is_beta":true,"boss_relics":[],"items_purged_floors":[],"is_endless":false,"potions_floor_spawned":[6,7,8,14],"killed_by":"Slime Boss","ascension_level":20}