{"gold_per_floor":[361,377,137,153,167,202,202,222,222,252,427,427,480,480],"floor_reached":14,"playtime":401,"items_purged":[],"score":110,"play_id":"8b740889-0079-4d33-8db6-171d9e3930fa","local_time":"20190319044724","is_ascension_mode":true,"campfire_choices":[{"floor":7,"key":"REST"}],"neow_cost":"CURSE","seed_source_timestamp":245376662228989,"circlet_count":0,"master_deck":["Strike_R","Strike_R","Strike_R","Strike_R","Strike_R","Defend_R","Defend_R","Defend_R","Defend_R","Bash","Shame","Uppercut","Clash","Shockwave","Seeing Red","Doubt","Injury"],"relics":["Burning Blood","Mummified Hand","Smiling Mask","The Courier","Oddly Smooth Stone","Golden Idol"],"potions_floor_usage":[4,6,6],"damage_taken":[{"damage":7,"enemies":"Jaw Worm","floor":1,"turns":3},{"damage":4,"enemies":"Small Slimes","floor":2,"turns":4},{"damage":7,"enemies":"2 Louse","floor":4,"turns":2},{"damage":16,"enemies":"2 Fungi Beasts","floor":5,"turns":3},{"damage":39,"enemies":"3 Sentries","floor":6,"turns":8},{"damage":11,"enemies":"Looter","floor":8,"turns":3},{"damage":42,"enemies":"Gremlin Nob","floor":10,"turns":5},{"damage":21,"enemies":"Large Slime","floor":14,"turns":5}],"seed_played":"-3716301945611224026","potions_obtained":[{"floor":2,"key":"AttackPotion"},{"floor":4,"key":"Dexterity Potion"},{"floor":5,"key":"Strength Potion"}],"is_trial":false,"path_per_floor":["M","M","$","M","M","E","R","M","T","E","?","?","T","M"],"character_chosen":"IRONCLAD","items_purchased":["Mummified Hand"],"campfire_rested":1,"item_purchase_floors":[3],"current_hp_per_floor":[79,80,80,79,69,36,60,55,55,19,19,19,19,0],"gold":480,"neow_bonus":"TWO_FIFTY_GOLD","is_prod":false,"is_daily":false,"chose_seed":false,"campfire_upgraded":0,"win_rate":0,"timestamp":1552996044,"path_taken":["M","M","$","M","M","E","R","M","T","E","?","?","?","M"],"build_version":"2019-01-23","purchased_purges":0,"victory":false,"max_hp_per_floor":[80,80,80,80,80,80,80,80,80,80,80,80,80,80],"card_choices":[{"not_picked":["Warcry","Sever Soul"],"picked":"Uppercut","floor":1},{"not_picked":["Entrench","Corruption","Warcry"],"picked":"SKIP","floor":2},{"not_picked":["Anger","Flex","Second Wind"],"picked":"SKIP","floor":4},{"not_picked":["Fire Breathing","Sever Soul"],"picked":"Clash","floor":5},{"not_picked":["Warcry","Iron Wave"],"picked":"Shockwave","floor":6},{"not_picked":["Sword Boomerang","True Grit"],"picked":"Seeing Red","floor":8},{"not_picked":["Impervious","Heavy Blade","Infernal Blade"],"picked":"SKIP","floor":10}],"player_experience":363274,"relics_obtained":[{"floor":6,"key":"Smiling Mask"},{"floor":9,"key":"The Courier"},{"floor":10,"key":"Oddly Smooth Stone"}],"event_choices":[{"damage_healed":0,"gold_gain":175,"player_choice":"AGREE","damage_taken":0,"max_hp_gain":0,"max_hp_loss":0,"event_name":"Liars Game","floor":11,"gold_loss":0,"cards_obtained":["Doubt"]},{"damage_healed":0,"gold_gain":0,"player_choice":"Take Wound","damage_taken":0,"relics_obtained":["Golden Idol"],"max_hp_gain":0,"max_hp_loss":0,"event_name":"Golden Idol","floor":12,"gold_loss":0,"cards_obtained":["Injury"]}],"is_beta":false,"boss_relics":[],"items_purged_floors":[],"is_endless":false,"potions_floor_spawned":[2,4,5],"killed_by":"Large Slime","ascension_level":2}