{"gold_per_floor":[113,113,127,127,152,195,214,214,263,313,313,333,367,385,385,481,481,502,521,521,521,536,536,554,595,643,712,712,732,776,799,799,799],"floor_reached":33,"playtime":1323,"items_purged":[],"score":638,"play_id":"3dc50e63-9c25-418f-a44c-d71124c1de87","local_time":"20190320110214","is_ascension_mode":true,"campfire_choices":[{"data":"Sunder","floor":8.0,"key":"SMITH"},{"floor":11.0,"key":"REST"},{"data":"Go for the Eyes","floor":15.0,"key":"SMITH"},{"data":"Sweeping Beam","floor":23.0,"key":"SMITH"},{"floor":28.0,"key":"REST"},{"floor":32,"key":"REST"}],"neow_cost":"NONE","seed_source_timestamp":627711412551123,"circlet_count":0,"master_deck":["AscendersBane","Strike_B+1","Strike_B+1","Strike_B+1","Strike_B+1","Defend_B+1","Defend_B+1","Defend_B+1","Zap+1","Dualcast","Steam","Auto Shields","Sunder+1","Rebound","Ball Lightning","Go for the Eyes+1","Ball Lightning","Glacier","Electrodynamics","Hologram+1","Gash","Sweeping Beam+1","Leap","Glacier","Echo Form","Steam","Leap+1"],"special_seed":0,"relics":["Cracked Core","Golden Idol","Mummified Hand","Bag of Marbles","War Paint","Nuclear Battery","Boot","Centennial Puzzle","Tiny Chest","Bottled Flame"],"potions_floor_usage":[33],"damage_taken":[{"damage":7.0,"enemies":"Small Slimes","floor":1.0,"turns":3.0},{"damage":1.0,"enemies":"2 Louse","floor":3.0,"turns":4.0},{"damage":0.0,"enemies":"Cultist","floor":5.0,"turns":3.0},{"damage":28.0,"enemies":"Gremlin Nob","floor":6.0,"turns":4.0},{"damage":0.0,"enemies":"Exordium Wildlife","floor":7.0,"turns":2.0},{"damage":0.0,"enemies":"Looter","floor":12.0,"turns":2.0},{"damage":20.0,"enemies":"Lagavulin","floor":13.0,"turns":4.0},{"damage":6.0,"enemies":"Gremlin Gang","floor":14.0,"turns":3.0},{"damage":9.0,"enemies":"Hexaghost","floor":16.0,"turns":8.0},{"damage":4.0,"enemies":"3 Byrds","floor":18.0,"turns":4.0},{"damage":0.0,"enemies":"Shell Parasite","floor":19.0,"turns":4.0},{"damage":3.0,"enemies":"Cultist and Chosen","floor":22.0,"turns":5.0},{"damage":0.0,"enemies":"Snake Plant","floor":24.0,"turns":4.0},{"damage":16.0,"enemies":"Book of Stabbing","floor":25.0,"turns":5.0},{"damage":11.0,"enemies":"Gremlin Leader","floor":27.0,"turns":6.0},{"damage":0.0,"enemies":"3 Cultists","floor":29.0,"turns":3.0},{"damage":18,"enemies":"Slavers","floor":30,"turns":6},{"damage":10,"enemies":"Centurion and Healer","floor":31,"turns":4},{"damage":53,"enemies":"Collector","floor":33,"turns":7}],"seed_played":"-1930937288427646444","potions_obtained":[{"floor":7.0,"key":"Regen Potion"},{"floor":12.0,"key":"SteroidPotion"},{"floor":14.0,"key":"PowerPotion"},{"floor":16.0,"key":"FearPotion"},{"floor":18.0,"key":"Poison Potion"},{"floor":19.0,"key":"Weak Potion"},{"floor":22.0,"key":"AttackPotion"},{"floor":30,"key":"Poison Potion"}],"is_trial":false,"path_per_floor":["M","?","M","?","M","E","M","R","T","?","R","M","E","M","R","B",null,"M","M","?","?","M","R","M","E","T","E","R","M","E","M","R","B"],"character_chosen":"DEFECT","items_purchased":[],"campfire_rested":3,"item_purchase_floors":[],"current_hp_per_floor":[64,57,56,56,56,28,28,28,28,21,42,42,22,16,16,22,59,55,55,55,55,52,52,52,36,36,25,46,46,28,18,39,0],"gold":799,"neow_bonus":"TEN_PERCENT_HP_BONUS","is_prod":false,"is_daily":false,"chose_seed":false,"campfire_upgraded":3,"win_rate":0,"timestamp":1553094134,"path_taken":["M","?","M","?","M","E","M","R","T","?","R","?","E","M","R","BOSS","M","M","?","?","M","R","M","E","T","E","R","?","E","M","R","BOSS"],"build_version":"2019-03-15","purchased_purges":0,"victory":false,"max_hp_per_floor":[78,78,78,71,71,71,71,71,71,71,71,71,71,71,71,71,71,71,71,71,71,71,71,71,71,71,71,71,71,71,71,71,71],"card_choices":[{"not_picked":["Go for the Eyes","Stack"],"picked":"Steam","floor":1.0},{"not_picked":["Redo","Turbo"],"picked":"Auto Shields","floor":3.0},{"not_picked":["Barrage","Core Surge"],"picked":"Sunder","floor":5.0},{"not_picked":["Thunder Strike","Streamline"],"picked":"Rebound","floor":6.0},{"not_picked":["Static Discharge","Compile Driver"],"picked":"Ball Lightning","floor":7.0},{"not_picked":["Auto Shields","Chill"],"picked":"Go for the Eyes","floor":12.0},{"not_picked":["Compile Driver","Beam Cell"],"picked":"Ball Lightning","floor":13.0},{"not_picked":["Hologram","Cold Snap"],"picked":"Glacier","floor":14.0},{"not_picked":["Biased Cognition","Thunder Strike"],"picked":"Electrodynamics","floor":16.0},{"not_picked":["Conserve Battery","Beam Cell"],"picked":"Hologram","floor":18.0},{"not_picked":["Reinforced Body","Compile Driver"],"picked":"Gash","floor":19.0},{"not_picked":["Amplify","Beam Cell"],"picked":"Sweeping Beam","floor":22.0},{"not_picked":["Turbo","Fusion"],"picked":"Leap","floor":24.0},{"not_picked":["Steam","Sweeping Beam"],"picked":"Glacier","floor":25.0},{"not_picked":["Turbo","Conserve Battery"],"picked":"Echo Form","floor":27.0},{"not_picked":["Reprogram+1","Beam Cell","Rip and Tear"],"picked":"SKIP","floor":29.0},{"not_picked":["Stack","Sweeping Beam"],"picked":"Steam","floor":30},{"not_picked":["Blizzard","Hologram"],"picked":"Leap+1","floor":31}],"player_experience":1152310,"relics_obtained":[{"floor":6.0,"key":"Mummified Hand"},{"floor":9.0,"key":"Bag of Marbles"},{"floor":13.0,"key":"War Paint"},{"floor":25.0,"key":"Boot"},{"floor":26.0,"key":"Centennial Puzzle"},{"floor":27.0,"key":"Tiny Chest"},{"floor":30,"key":"Bottled Flame"}],"event_choices":[{"cards_removed":["Defend_B"],"damage_healed":0.0,"max_hp_gain":0.0,"max_hp_loss":0.0,"gold_gain":0.0,"event_name":"Golden Wing","player_choice":"Card Removal","floor":2.0,"gold_loss":0.0,"damage_taken":7.0},{"damage_healed":0.0,"max_hp_gain":0.0,"max_hp_loss":7.0,"gold_gain":0.0,"event_name":"Golden Idol","player_choice":"Lose Max HP","floor":4.0,"gold_loss":0.0,"damage_taken":0.0,"relics_obtained":["Golden Idol"]},{"damage_healed":0.0,"max_hp_gain":0.0,"max_hp_loss":0.0,"gold_gain":50.0,"event_name":"FaceTrader","player_choice":"Touch","floor":10.0,"gold_loss":0.0,"damage_taken":7.0},{"damage_healed":0.0,"max_hp_gain":0.0,"max_hp_loss":0.0,"gold_gain":0.0,"event_name":"Back to Basics","player_choice":"Simplicity","floor":20.0,"gold_loss":0.0,"damage_taken":0.0,"cards_upgraded":["Strike_B","Strike_B","Strike_B","Strike_B","Defend_B","Defend_B"]},{"damage_healed":0.0,"max_hp_gain":0.0,"max_hp_loss":0.0,"gold_gain":0.0,"event_name":"Accursed Blacksmith","player_choice":"Forge","floor":21.0,"gold_loss":0.0,"damage_taken":0.0,"cards_upgraded":["Hologram"]}],"is_beta":true,"boss_relics":[{"not_picked":["Black Star","Empty Cage"],"picked":"Nuclear Battery"}],"items_purged_floors":[],"is_endless":false,"potions_floor_spawned":[7,12,14,16,18,19,22,30],"killed_by":"Collector","ascension_level":20}