{"gold_per_floor":[13,13,13,28,41,41,73,87,87,121,121,156,169,199,199,297,297,317,317,330,347,364,390,390,421,498,498,517,549,19,19,19,117,117,135,158,178,12,30,30,46,75,75,92,112,139,139,164,164,164,164,164,26,57,57],"floor_reached":55,"playtime":3571,"items_purged":["Parasite"],"score":1189,"play_id":"fae209aa-439c-488f-b4c5-874c011e002d","local_time":"20190106235849","is_ascension_mode":true,"campfire_choices":[{"data":"Bash","floor":6,"key":"SMITH"},{"data":"Uppercut","floor":15,"key":"SMITH"},{"floor":24,"key":"REST"},{"floor":27,"key":"REST"},{"floor":32,"key":"RECALL"},{"floor":40,"key":"REST"},{"floor":47,"key":"REST"},{"floor":49,"key":"REST"},{"floor":52,"key":"REST"}],"neow_cost":"NO_GOLD","seed_source_timestamp":28198401603129,"circlet_count":0,"master_deck":["Strike_R","Strike_R","Strike_R","Defend_R","Defend_R","Defend_R","Defend_R","Bash+1","Shockwave","Carnage","Shrug It Off","Uppercut+1","Fire Breathing+1","Shrug It Off","Infernal Blade","Iron Wave","Barricade+1","Iron Wave+1","Inflame+1","Impervious","Dropkick","Intimidate+1","Body Slam","Iron Wave","Evolve+1","Panache+1","Warcry","Offering","Burning Pact","Well Laid Plans+1","Escape Plan","Reboot","Hologram+1","Skim+1","Flying Knee","White Noise+1","Metallicize+1"],"relics":["Burning Blood","Torii","Frozen Egg 2","The Courier","Gremlin Horn","Thread and Needle","Lantern","Fusion Hammer","Calipers","Blood Vial","Bag of Marbles","OrangePellets","Singing Bowl","Runic Dome","Juzu Bracelet","PrismaticShard","Omamori","Toxic Egg 2","Paper Frog","Smiling Mask","Gambling Chip"],"potions_floor_usage":[10,13,18,23,28,29,50,50,55],"damage_taken":[{"damage":8,"enemies":"Jaw Worm","floor":1,"turns":4},{"damage":1,"enemies":"Cultist","floor":4,"turns":5},{"damage":2,"enemies":"Small Slimes","floor":5,"turns":3},{"damage":6,"enemies":"Gremlin Nob","floor":7,"turns":3},{"damage":10,"enemies":"Red Slaver","floor":8,"turns":3},{"damage":30,"enemies":"Lagavulin","floor":10,"turns":5},{"damage":28,"enemies":"Gremlin Nob","floor":12,"turns":4},{"damage":1,"enemies":"Large Slime","floor":13,"turns":4},{"damage":20,"enemies":"The Guardian","floor":16,"turns":14},{"damage":7,"enemies":"Chosen","floor":18,"turns":6},{"damage":9,"enemies":"Spheric Guardian","floor":20,"turns":5},{"damage":32,"enemies":"Snake Plant","floor":21,"turns":3},{"damage":0,"enemies":"3 Cultists","floor":22,"turns":6},{"damage":13,"enemies":"Slavers","floor":23,"turns":6},{"damage":15,"enemies":"Gremlin Leader","floor":25,"turns":5},{"damage":0,"enemies":"Snecko","floor":28,"turns":5},{"damage":22,"enemies":"Slavers","floor":29,"turns":8},{"damage":8,"enemies":"Champ","floor":33,"turns":13},{"damage":1,"enemies":"3 Shapes","floor":35,"turns":4},{"damage":6,"enemies":"Orb Walker","floor":37,"turns":2},{"damage":6,"enemies":"Writhing Mass","floor":39,"turns":5},{"damage":33,"enemies":"Spire Growth","floor":41,"turns":6},{"damage":13,"enemies":"Nemesis","floor":42,"turns":7},{"damage":6,"enemies":"Maw","floor":44,"turns":7},{"damage":13,"enemies":"Writhing Mass","floor":45,"turns":5},{"damage":6,"enemies":"Reptomancer","floor":46,"turns":4},{"damage":6,"enemies":"Giant Head","floor":48,"turns":7},{"damage":120,"enemies":"Time Eater","floor":50,"turns":11},{"damage":38,"enemies":"Shield and Spear","floor":54,"turns":6},{"damage":80,"enemies":"The Heart","floor":55,"turns":9}],"seed_played":"-2744681936149058318","potions_obtained":[{"floor":1,"key":"FairyPotion"},{"floor":4,"key":"Regen Potion"},{"floor":10,"key":"SpeedPotion"},{"floor":12,"key":"Explosive Potion"},{"floor":22,"key":"Dexterity Potion"},{"floor":23,"key":"EssenceOfSteel"},{"floor":28,"key":"Poison Potion"},{"floor":42,"key":"AttackPotion"},{"floor":46,"key":"Explosive Potion"}],"is_trial":false,"path_per_floor":["M","?","$","M","M","R","E","M","T","E","?","E","M","?","R","B",null,"M","?","M","M","M","E","R","E","T","R","M","E","$","?","R","B",null,"M","T","M","$","M","R","M","E","T","M","M","E","R","E","R","B",null,"R","$","E","B"],"character_chosen":"IRONCLAD","items_purchased":["OrangePellets","Singing Bowl","Panache+1","Warcry","PrismaticShard","Metallicize+1","EssenceOfSteel"],"campfire_rested":6,"item_purchase_floors":[30,30,30,30,38,53,53],"current_hp_per_floor":[70,70,70,75,79,79,79,75,75,65,80,58,63,63,63,49,72,71,71,68,42,48,41,65,56,56,80,80,64,64,64,64,64,76,82,82,82,82,82,82,55,50,50,52,47,49,73,75,82,14,65,82,79,49,0],"gold":57,"neow_bonus":"ONE_RARE_RELIC","is_prod":false,"is_daily":false,"chose_seed":false,"campfire_upgraded":2,"win_rate":0,"timestamp":1546837129,"path_taken":["M","?","?","M","M","R","E","M","T","E","?","E","?","?","R","BOSS","M","?","M","M","?","E","R","E","T","R","M","E","$","?","R","BOSS","M","?","M","$","M","R","M","E","T","M","M","E","R","E","R","BOSS","R","$","E","BOSS"],"build_version":"2019-01-03v4","purchased_purges":1,"victory":false,"max_hp_per_floor":[80,80,80,80,80,80,80,80,80,80,80,80,80,80,80,80,80,80,80,80,80,80,80,80,80,80,80,80,80,80,80,80,80,80,82,82,82,82,82,82,82,82,82,82,82,82,82,82,82,82,82,82,79,81,81],"card_choices":[{"not_picked":["Heavy Blade","Intimidate"],"picked":"Shockwave","floor":1},{"not_picked":["Havoc","Armaments"],"picked":"Carnage","floor":4},{"not_picked":["Clothesline","True Grit"],"picked":"Shrug It Off","floor":5},{"not_picked":["Sword Boomerang","Infernal Blade"],"picked":"Uppercut","floor":7},{"not_picked":["Thunderclap","Reckless Charge"],"picked":"Fire Breathing+1","floor":8},{"not_picked":["Pummel","Sword Boomerang"],"picked":"Shrug It Off","floor":10},{"not_picked":["Headbutt","Cleave"],"picked":"Infernal Blade","floor":12},{"not_picked":["Heavy Blade","Perfected Strike"],"picked":"Iron Wave","floor":13},{"not_picked":["Juggernaut+1","Immolate"],"picked":"Barricade+1","floor":16},{"not_picked":["Wild Strike+1","Heavy Blade"],"picked":"Iron Wave+1","floor":18},{"not_picked":["Clash+1","Thunderclap"],"picked":"Inflame+1","floor":20},{"not_picked":["Body Slam","Heavy Blade"],"picked":"Impervious","floor":21},{"not_picked":["Evolve+1","Iron Wave"],"picked":"Dropkick","floor":22},{"not_picked":["Rupture+1","Evolve+1"],"picked":"Intimidate+1","floor":23},{"not_picked":["Havoc","Iron Wave"],"picked":"Body Slam","floor":25},{"not_picked":["Thunderclap","Sever Soul+1"],"picked":"Iron Wave","floor":28},{"not_picked":["Second Wind","Rupture+1"],"picked":"Evolve+1","floor":29},{"not_picked":["Reaper","Juggernaut+1"],"picked":"Offering","floor":33},{"not_picked":["Flex+1","Sword Boomerang","Warcry"],"picked":"Singing Bowl","floor":35},{"not_picked":["Rampage","Searing Blow"],"picked":"Burning Pact","floor":37},{"not_picked":["Setup+1","Coolheaded"],"picked":"Well Laid Plans+1","floor":39},{"not_picked":["Quick Slash+1","Headbutt"],"picked":"Escape Plan","floor":41},{"not_picked":["Pommel Strike","Iron Wave"],"picked":"Reboot","floor":42},{"not_picked":["Tempest+1","Defragment+1"],"picked":"Hologram+1","floor":44},{"not_picked":["Anger+1","Pummel"],"picked":"Skim+1","floor":45},{"not_picked":["Havoc+1","Scrape"],"picked":"Flying Knee","floor":46},{"not_picked":["Scrape","Twin Strike+1"],"picked":"White Noise+1","floor":48},{"not_picked":["Purity+1","Blade Dance+1","Twin Strike+1"],"picked":"Singing Bowl","floor":54}],"player_experience":175031,"relics_obtained":[{"floor":7,"key":"Frozen Egg 2"},{"floor":9,"key":"The Courier"},{"floor":10,"key":"Gremlin Horn"},{"floor":12,"key":"Thread and Needle"},{"floor":23,"key":"Calipers"},{"floor":25,"key":"Blood Vial"},{"floor":29,"key":"Bag of Marbles"},{"floor":36,"key":"Juzu Bracelet"},{"floor":42,"key":"Omamori"},{"floor":43,"key":"Toxic Egg 2"},{"floor":46,"key":"Paper Frog"},{"floor":48,"key":"Smiling Mask"},{"floor":54,"key":"Gambling Chip"}],"event_choices":[{"cards_removed":["Strike_R"],"damage_healed":0,"gold_gain":0,"player_choice":"Purged","damage_taken":0,"max_hp_gain":0,"max_hp_loss":0,"event_name":"Purifier","floor":2,"gold_loss":0},{"damage_healed":15,"gold_gain":0,"player_choice":"Full Heal","damage_taken":0,"max_hp_gain":0,"max_hp_loss":0,"event_name":"Wheel of Change","floor":11,"gold_loss":0},{"damage_healed":0,"gold_gain":30,"player_choice":"Searched \u00273\u0027 times","damage_taken":0,"relics_obtained":["Lantern"],"max_hp_gain":0,"max_hp_loss":0,"event_name":"Dead Adventurer","floor":14,"gold_loss":0},{"damage_healed":0,"gold_gain":0,"player_choice":"Ignored","damage_taken":0,"max_hp_gain":0,"max_hp_loss":0,"event_name":"N\u0027loth","floor":19,"gold_loss":0},{"cards_removed":["Strike_R"],"damage_healed":0,"gold_gain":0,"player_choice":"Purged","damage_taken":0,"max_hp_gain":0,"max_hp_loss":0,"event_name":"Purifier","floor":31,"gold_loss":0}],"is_beta":true,"boss_relics":[{"not_picked":["Calling Bell","Ectoplasm"],"picked":"Fusion Hammer"},{"not_picked":["Runic Pyramid","Astrolabe"],"picked":"Runic Dome"}],"items_purged_floors":[53],"is_endless":false,"potions_floor_spawned":[1,4,10,12,22,23,28,42,46,48],"killed_by":"The Heart","ascension_level":7}