{"gold_per_floor":[118,132,63,63,82,96,96,111,111,126,126,156,81,94,94,195,195,210,53,66,66,85,184,204,60,107,107,118,118,118,118,118,221,221,241,252,252,352,362,362],"floor_reached":40,"playtime":1384,"items_purged":[],"score":410,"play_id":"ec6c3101-d45d-4aa9-a32c-84c65317dcb7","local_time":"20190221060049","is_ascension_mode":true,"campfire_choices":[{"data":"Static Discharge","floor":7,"key":"SMITH"},{"floor":15,"key":"REST"},{"floor":27,"key":"REST"},{"data":"Defragment","floor":30,"key":"SMITH"},{"floor":32,"key":"REST"}],"neow_cost":"NONE","seed_source_timestamp":49945077639311,"circlet_count":0,"master_deck":["Strike_B+1","Strike_B+1","Strike_B+1","Strike_B+1","Defend_B+1","Defend_B+1","Defend_B+1","Defend_B+1","Zap","Dualcast","Buffer","Sweeping Beam","Auto Shields","Defragment+1","Cold Snap","Static Discharge+1","Redo","Creative AI","Self Repair","Sunder","Amplify","Ball Lightning","Doom and Gloom+1","Blind"],"relics":["Cracked Core","Cables","Kunai","Nuclear Battery","Regal Pillow","Vajra","DataDisk","Lizard Tail","Shovel"],"potions_floor_usage":[6,10,16,16,18,20,33,40],"damage_taken":[{"damage":0,"enemies":"Small Slimes","floor":1,"turns":3},{"damage":0,"enemies":"Cultist","floor":2,"turns":4},{"damage":1,"enemies":"2 Louse","floor":5,"turns":2},{"damage":0,"enemies":"Lots of Slimes","floor":6,"turns":2},{"damage":2,"enemies":"Red Slaver","floor":8,"turns":3},{"damage":0,"enemies":"3 Louse","floor":10,"turns":1},{"damage":23,"enemies":"3 Sentries","floor":12,"turns":6},{"damage":15,"enemies":"Blue Slaver","floor":14,"turns":6},{"damage":34,"enemies":"The Guardian","floor":16,"turns":6},{"damage":42,"enemies":"Shell Parasite","floor":18,"turns":7},{"damage":10,"enemies":"Chosen","floor":20,"turns":4},{"damage":33,"enemies":"Snake Plant","floor":22,"turns":4},{"damage":22,"enemies":"Centurion and Healer","floor":24,"turns":5},{"damage":10,"enemies":"Cultist and Chosen","floor":28,"turns":4},{"damage":58,"enemies":"Collector","floor":33,"turns":8},{"damage":13,"enemies":"3 Shapes","floor":35,"turns":5},{"damage":21,"enemies":"Orb Walker","floor":36,"turns":3},{"damage":6,"enemies":"Mind Bloom Boss Battle","floor":38,"turns":9},{"damage":82,"enemies":"Spire Growth","floor":39,"turns":5},{"damage":30,"enemies":"Reptomancer","floor":40,"turns":2}],"seed_played":"-739513878911447138","potions_obtained":[{"floor":1,"key":"LiquidBronze"},{"floor":4,"key":"FairyPotion"},{"floor":4,"key":"Fire Potion"},{"floor":4,"key":"PowerPotion"},{"floor":6,"key":"Explosive Potion"},{"floor":12,"key":"FearPotion"},{"floor":16,"key":"EssenceOfSteel"},{"floor":18,"key":"PowerPotion"},{"floor":24,"key":"Energy Potion"},{"floor":38,"key":"SteroidPotion"},{"floor":39,"key":"AttackPotion"}],"is_trial":false,"path_per_floor":["M","M","$","?","M","M","R","M","T","M","?","E","$","M","R","B",null,"M","$","M","?","M","?","M","$","T","R","M","$","R","?","R","B",null,"M","M","?","?","M","E"],"character_chosen":"DEFECT","items_purchased":["Defragment","Self Repair","Regal Pillow","Vajra"],"campfire_rested":3,"item_purchase_floors":[3,13,19,25],"current_hp_per_floor":[75,75,75,75,74,74,74,72,72,72,75,52,52,37,59,25,75,47,47,44,44,18,18,12,12,12,49,46,46,46,46,75,24,75,69,55,55,56,22,0],"gold":362,"neow_bonus":"ONE_RANDOM_RARE_CARD","is_prod":false,"is_daily":false,"chose_seed":false,"campfire_upgraded":2,"win_rate":0,"timestamp":1550757649,"path_taken":["M","M","$","?","M","M","R","M","T","?","?","E","$","M","R","BOSS","M","?","?","?","M","?","M","$","T","R","M","$","R","?","R","BOSS","M","M","?","?","M","E"],"build_version":"2019-01-23","purchased_purges":0,"victory":false,"max_hp_per_floor":[75,75,75,75,75,75,75,75,75,75,75,75,75,75,75,75,75,75,75,75,75,75,75,75,75,75,75,75,75,75,75,75,75,75,75,75,75,75,75,75],"card_choices":[{"not_picked":["Reinforced Body","Coolheaded"],"picked":"Sweeping Beam","floor":1},{"not_picked":["Blizzard","FTL"],"picked":"Auto Shields","floor":2},{"not_picked":["Sweeping Beam","Compile Driver"],"picked":"Cold Snap","floor":5},{"not_picked":["Auto Shields","Lockon"],"picked":"Static Discharge","floor":6},{"not_picked":["Stack","Aggregate"],"picked":"Redo","floor":8},{"not_picked":["Scrape","Fusion"],"picked":"Creative AI","floor":10},{"not_picked":["Force Field","Auto Shields","Undo"],"picked":"SKIP","floor":12},{"not_picked":["Steam","Compile Driver"],"picked":"Sunder","floor":14},{"not_picked":["Multi-Cast","Meteor Strike"],"picked":"Amplify","floor":16},{"not_picked":["Sweeping Beam","Scrape+1","Compile Driver"],"picked":"SKIP","floor":18},{"not_picked":["Rebound","Hologram","Undo+1"],"picked":"SKIP","floor":20},{"not_picked":["Glacier","Reboot"],"picked":"Ball Lightning","floor":22},{"not_picked":["Genetic Algorithm","Barrage","Conserve Battery"],"picked":"SKIP","floor":24},{"not_picked":["Stack+1","Streamline"],"picked":"Doom and Gloom+1","floor":28},{"not_picked":["Glacier+1","Aggregate+1","Hologram+1"],"picked":"SKIP","floor":35},{"not_picked":["FTL","Sweeping Beam+1","Storm"],"picked":"SKIP","floor":36},{"not_picked":["Jack Of All Trades","Deep Breath"],"picked":"Blind","floor":37},{"not_picked":["Storm","Redo","BootSequence"],"picked":"SKIP","floor":39}],"player_experience":264327,"relics_obtained":[{"floor":9,"key":"Cables"},{"floor":12,"key":"Kunai"},{"floor":26,"key":"DataDisk"},{"floor":38,"key":"Shovel"}],"event_choices":[{"damage_healed":0,"gold_gain":0,"player_choice":"Got Potions","damage_taken":0,"max_hp_gain":0,"max_hp_loss":0,"event_name":"Lab","floor":4,"gold_loss":0},{"damage_healed":3,"gold_gain":0,"player_choice":"Full Heal","damage_taken":0,"max_hp_gain":0,"max_hp_loss":0,"event_name":"Wheel of Change","floor":11,"gold_loss":0},{"damage_healed":0,"gold_gain":0,"player_choice":"Simplicity","damage_taken":0,"max_hp_gain":0,"max_hp_loss":0,"event_name":"Back to Basics","floor":21,"gold_loss":0,"cards_upgraded":["Strike_B","Strike_B","Strike_B","Strike_B","Defend_B","Defend_B","Defend_B","Defend_B"]},{"damage_healed":0,"gold_gain":99,"player_choice":"Stole From Cult","damage_taken":0,"max_hp_gain":0,"max_hp_loss":0,"event_name":"Nest","floor":23,"gold_loss":0},{"damage_healed":0,"gold_gain":0,"player_choice":"Ignored","damage_taken":0,"max_hp_gain":0,"max_hp_loss":0,"event_name":"Cursed Tome","floor":31,"gold_loss":0},{"damage_healed":0,"gold_gain":0,"player_choice":"Memory 1","damage_taken":0,"max_hp_gain":0,"max_hp_loss":0,"event_name":"SensoryStone","floor":37,"gold_loss":0},{"damage_healed":0,"gold_gain":0,"player_choice":"Fight","damage_taken":0,"max_hp_gain":0,"max_hp_loss":0,"event_name":"MindBloom","floor":38,"gold_loss":0}],"is_beta":false,"boss_relics":[{"not_picked":["Fusion Hammer","Philosopher\u0027s Stone"],"picked":"Nuclear Battery"},{"not_picked":["Eternal Feather","FrozenCore"],"picked":"Lizard Tail"}],"items_purged_floors":[],"is_endless":false,"potions_floor_spawned":[1,6,12,16,18,24,38,39],"killed_by":"Reptomancer","ascension_level":1}