{"gold_per_floor":[111,127,137,155,4,4,35,52,77,77,110,110,110,123,123,123],"floor_reached":16,"playtime":948,"items_purged":["Strike_G"],"score":224,"play_id":"878b0f4d-25d4-46a2-92dd-6d42f434c82c","local_time":"20190217233045","is_ascension_mode":true,"campfire_choices":[{"data":"Bane","floor":6.0,"key":"SMITH"},{"floor":10.0,"key":"REST"},{"data":"Neutralize","floor":13.0,"key":"SMITH"},{"data":"Footwork","floor":15.0,"key":"SMITH"}],"neow_cost":"NONE","seed_source_timestamp":0,"circlet_count":0,"master_deck":["AscendersBane","Defend_G","Defend_G","Defend_G","Defend_G","Defend_G","Strike_G","Strike_G","Strike_G+1","Strike_G","Survivor","Neutralize+1","Bane+1","Footwork","Poisoned Stab","Corpse Explosion","Footwork+1","Backstab+1","Bullet Time","Decay","Leg Sweep"],"special_seed":0,"relics":["Ring of the Snake","Dodecahedron","Bronze Scales","Whetstone"],"potions_floor_usage":[],"damage_taken":[{"damage":3.0,"enemies":"Cultist","floor":1.0,"turns":4.0},{"damage":0.0,"enemies":"Jaw Worm","floor":2.0,"turns":8.0},{"damage":0.0,"enemies":"2 Louse","floor":3.0,"turns":3.0},{"damage":9.0,"enemies":"Exordium Wildlife","floor":4.0,"turns":8.0},{"damage":17.0,"enemies":"3 Sentries","floor":7.0,"turns":4.0},{"damage":1.0,"enemies":"Looter","floor":8.0,"turns":4.0},{"damage":3.0,"enemies":"Gremlin Nob","floor":11.0,"turns":3.0},{"damage":8.0,"enemies":"Lots of Slimes","floor":14.0,"turns":3.0},{"damage":53,"enemies":"Slime Boss","floor":16,"turns":10}],"seed_played":"-4444129657581773178","potions_obtained":[{"floor":1.0,"key":"GhostInAJar"},{"floor":3.0,"key":"FearPotion"},{"floor":8.0,"key":"FearPotion"}],"is_trial":false,"path_per_floor":["M","M","M","M","$","R","E","M","T","R","E","?","R","M","R","B"],"character_chosen":"THE_SILENT","items_purchased":["Corpse Explosion"],"campfire_rested":1,"item_purchase_floors":[5],"current_hp_per_floor":[56,56,56,47,47,47,30,29,29,48,45,45,45,37,37,0],"gold":123,"neow_bonus":"THREE_CARDS","is_prod":false,"is_daily":false,"chose_seed":false,"campfire_upgraded":3,"win_rate":0,"timestamp":1550464245,"path_taken":["M","M","M","M","$","R","E","?","T","R","E","?","R","M","R","BOSS"],"build_version":"2019-01-23","purchased_purges":1,"victory":false,"max_hp_per_floor":[66,66,66,66,66,66,66,66,66,66,66,66,66,66,66,66],"card_choices":[{"not_picked":["Eviscerate","Heel Hook"],"picked":"Bane","floor":0.0},{"not_picked":["Caltrops","Slice"],"picked":"Footwork","floor":1.0},{"not_picked":["Concentrate","Slice","Accuracy"],"picked":"SKIP","floor":2.0},{"not_picked":["Bane","Deflect","Backflip"],"picked":"SKIP","floor":3.0},{"not_picked":["All Out Attack","Underhanded Strike"],"picked":"Poisoned Stab","floor":4.0},{"not_picked":["Expertise","Cloak And Dagger"],"picked":"Footwork","floor":7.0},{"not_picked":["Underhanded Strike","Prepared"],"picked":"Backstab","floor":8.0},{"not_picked":["Predator","Flying Knee"],"picked":"Bullet Time","floor":11.0},{"not_picked":["Deadly Poison","Terror"],"picked":"Leg Sweep","floor":14.0}],"player_experience":561432,"relics_obtained":[{"floor":7.0,"key":"Dodecahedron"},{"floor":9.0,"key":"Bronze Scales"},{"floor":11.0,"key":"Whetstone"}],"event_choices":[{"damage_healed":0.0,"max_hp_gain":0.0,"max_hp_loss":0.0,"gold_gain":0.0,"event_name":"Wheel of Change","player_choice":"Cursed","floor":12.0,"gold_loss":0.0,"damage_taken":0.0,"cards_obtained":["Decay"]}],"is_beta":false,"boss_relics":[],"items_purged_floors":[5],"is_endless":false,"potions_floor_spawned":[1,3,8],"killed_by":"Slime Boss","ascension_level":20}