{"gold_per_floor":[118,118,88,113,127,127,160,160,160,175,175,210,210,243,243,336,336,352,327,327,327,105,138,138,63,86,86],"floor_reached":27,"playtime":1095,"items_purged":[],"score":644,"play_id":"ac22ab42-3179-4bb1-ada1-d91450724526","local_time":"20190221220250","is_ascension_mode":true,"campfire_choices":[{"data":"Defragment","floor":6.0,"key":"SMITH"},{"data":"Zap","floor":8.0,"key":"SMITH"},{"data":"Creative AI","floor":13.0,"key":"SMITH"},{"data":"Hologram","floor":15.0,"key":"SMITH"},{"floor":24,"key":"REST"}],"neow_cost":"NONE","seed_source_timestamp":706340505652368,"circlet_count":0,"master_deck":["AscendersBane","Strike_B+1","Strike_B","Defend_B","Defend_B","Defend_B","Defend_B","Zap+1","Dualcast","Doom and Gloom","Hologram+1","Defragment+1","Creative AI+1","Conserve Battery","Cold Snap+1","Core Surge","Conserve Battery","Coolheaded","Glacier+1","Genetic Algorithm"],"special_seed":0,"relics":["FrozenCore","NeowsBlessing","Bloody Idol","Symbiotic Virus","Juzu Bracelet","Regal Pillow","Happy Flower","Whetstone","Dream Catcher","PreservedInsect"],"potions_floor_usage":[19,23,23,27],"damage_taken":[{"damage":0.0,"enemies":"Small Slimes","floor":1.0,"turns":1.0},{"damage":0.0,"enemies":"2 Louse","floor":4.0,"turns":1.0},{"damage":0.0,"enemies":"Cultist","floor":5.0,"turns":1.0},{"damage":22.0,"enemies":"3 Sentries","floor":7.0,"turns":5.0},{"damage":13.0,"enemies":"3 Louse","floor":10.0,"turns":3.0},{"damage":0.0,"enemies":"Lagavulin","floor":12.0,"turns":5.0},{"damage":8.0,"enemies":"3 Sentries","floor":14.0,"turns":5.0},{"damage":0.0,"enemies":"The Guardian","floor":16.0,"turns":9.0},{"damage":12,"enemies":"Shell Parasite","floor":18,"turns":7},{"damage":8,"enemies":"2 Thieves","floor":19,"turns":4},{"damage":25,"enemies":"Slavers","floor":23,"turns":9},{"damage":60,"enemies":"Gremlin Leader","floor":27,"turns":9}],"seed_played":"-7506407547169602707","potions_obtained":[{"floor":3.0,"key":"Dexterity Potion"},{"floor":3.0,"key":"SmokeBomb"},{"floor":5.0,"key":"Poison Potion"},{"floor":7.0,"key":"Ancient Potion"},{"floor":10.0,"key":"Block Potion"},{"floor":18,"key":"PowerPotion"},{"floor":20,"key":"EssenceOfSteel"},{"floor":23,"key":"Fruit Juice"}],"is_trial":false,"path_per_floor":["M","?","?","M","M","R","E","R","T","M","?","E","R","E","R","B",null,"M","M","?","?","$","E","R","?","T","E"],"character_chosen":"DEFECT","items_purchased":["Whetstone","Coolheaded"],"campfire_rested":1,"item_purchase_floors":[22,22],"current_hp_per_floor":[64,64,64,64,64,64,42,42,42,29,29,29,29,21,21,21,53,41,33,33,33,33,13,47,47,52,0],"gold":86,"neow_bonus":"THREE_ENEMY_KILL","is_prod":false,"is_daily":false,"chose_seed":false,"campfire_upgraded":4,"win_rate":0,"timestamp":1550804570,"path_taken":["M","?","?","?","M","R","E","R","T","M","?","E","R","E","R","BOSS","M","M","?","?","$","E","R","?","T","E"],"build_version":"2019-02-06","purchased_purges":0,"victory":false,"max_hp_per_floor":[71,64,64,64,64,64,64,64,64,64,64,64,64,64,64,64,64,64,64,64,64,64,64,64,64,64,69],"card_choices":[{"not_picked":["Stack","Steam Power"],"picked":"Doom and Gloom","floor":1.0},{"not_picked":["Steam","Aggregate"],"picked":"Hologram","floor":4.0},{"not_picked":["Cold Snap","Turbo"],"picked":"Defragment","floor":5.0},{"not_picked":["Double Energy","Streamline","Storm"],"picked":"SKIP","floor":7.0},{"not_picked":["Sweeping Beam","Coolheaded"],"picked":"Creative AI","floor":10.0},{"not_picked":["Chaos","Redo"],"picked":"Conserve Battery","floor":12.0},{"not_picked":["Beam Cell","Leap"],"picked":"Cold Snap","floor":14.0},{"not_picked":["All For One","Fission"],"picked":"Core Surge","floor":16.0},{"not_picked":["Tempest","Ball Lightning+1"],"picked":"Conserve Battery","floor":18},{"not_picked":["Aggregate","Redo","Sunder"],"picked":"SKIP","floor":19},{"not_picked":["Sweeping Beam","Steam+1"],"picked":"Glacier+1","floor":23},{"not_picked":["Ball Lightning","Cold Snap"],"picked":"Genetic Algorithm","floor":24}],"player_experience":966000,"relics_obtained":[{"floor":7.0,"key":"Symbiotic Virus"},{"floor":9.0,"key":"Juzu Bracelet"},{"floor":12.0,"key":"Regal Pillow"},{"floor":14.0,"key":"Happy Flower"},{"floor":23,"key":"Dream Catcher"},{"floor":26,"key":"PreservedInsect"}],"event_choices":[{"damage_healed":0.0,"max_hp_gain":0.0,"max_hp_loss":7.0,"gold_gain":0.0,"event_name":"Golden Idol","player_choice":"Lose Max HP","floor":2.0,"gold_loss":0.0,"damage_taken":0.0,"relics_obtained":["Golden Idol"]},{"damage_healed":0.0,"max_hp_gain":0.0,"max_hp_loss":0.0,"gold_gain":0.0,"event_name":"The Woman in Blue","player_choice":"Bought 2 Potions","floor":3.0,"gold_loss":0.0,"damage_taken":0.0},{"cards_removed":["Strike_B"],"damage_healed":0.0,"max_hp_gain":0.0,"max_hp_loss":0.0,"gold_gain":0.0,"event_name":"Purifier","player_choice":"Purged","floor":11.0,"gold_loss":0.0,"damage_taken":0.0},{"damage_healed":0,"gold_gain":0,"player_choice":"Got Potions","damage_taken":0,"max_hp_gain":0,"max_hp_loss":0,"event_name":"Lab","floor":20,"gold_loss":0},{"damage_healed":0,"gold_gain":0,"player_choice":"Gave Idol","damage_taken":0,"relics_obtained":["Bloody Idol"],"max_hp_gain":0,"max_hp_loss":0,"event_name":"Forgotten Altar","floor":21,"relics_lost":["Golden Idol"],"gold_loss":0},{"cards_removed":["Strike_B"],"damage_healed":0,"gold_gain":0,"player_choice":"Gave Gold","damage_taken":0,"max_hp_gain":0,"max_hp_loss":0,"event_name":"Beggar","floor":25,"gold_loss":75}],"is_beta":true,"boss_relics":[{"not_picked":["Pandora\u0027s Box","Runic Pyramid"],"picked":"FrozenCore"}],"items_purged_floors":[],"is_endless":false,"potions_floor_spawned":[5,7,10,12,18,23],"killed_by":"Gremlin Leader","ascension_level":20}