{"gold_per_floor":[114,94,105,60,76,76,96,115,115,115,115,143,154,167,167,240,240,250,250,25,38,38,65,65,65,65,65,76,76,6,18,18,18],"floor_reached":33,"playtime":2336,"items_purged":["Deflect"],"score":454,"play_id":"cc3bd309-00a1-4cae-b033-9f69d0e16d6b","local_time":"20190103113114","is_ascension_mode":true,"campfire_choices":[{"data":"Backflip","floor":6.0,"key":"SMITH"},{"data":"Survivor","floor":11.0,"key":"SMITH"},{"floor":15.0,"key":"REST"},{"floor":24,"key":"REST"},{"data":"Noxious Fumes","floor":27,"key":"SMITH"},{"floor":32,"key":"REST"}],"neow_cost":"NONE","seed_source_timestamp":0,"circlet_count":0,"master_deck":["AscendersBane","Survivor+1","Neutralize","Backflip+1","Underhanded Strike","Dagger Throw","Calculated Gamble","Blur","Footwork","Noxious Fumes+1","Corpse Explosion","Caltrops","Distraction","Predator","Acrobatics","Bouncing Flask","Caltrops","Noxious Fumes","Glass Knife","Predator","Cloak And Dagger","Reflex","Storm of Steel"],"special_seed":0,"relics":["Snecko Eye","Question Card","Singing Bowl","Kunai","Pandora\u0027s Box","Oddly Smooth Stone","Blood Vial","Ginger"],"potions_floor_usage":[23,33],"damage_taken":[{"damage":9.0,"enemies":"Jaw Worm","floor":1.0,"turns":5.0},{"damage":4.0,"enemies":"Cultist","floor":3.0,"turns":4.0},{"damage":0.0,"enemies":"Small Slimes","floor":5.0,"turns":3.0},{"damage":0.0,"enemies":"3 Louse","floor":7.0,"turns":3.0},{"damage":0.0,"enemies":"Red Slaver","floor":8.0,"turns":3.0},{"damage":16.0,"enemies":"Gremlin Nob","floor":12.0,"turns":5.0},{"damage":0.0,"enemies":"2 Fungi Beasts","floor":13.0,"turns":6.0},{"damage":0.0,"enemies":"Large Slime","floor":14.0,"turns":6.0},{"damage":9.0,"enemies":"Hexaghost","floor":16.0,"turns":14.0},{"damage":7.0,"enemies":"Chosen","floor":18.0,"turns":5.0},{"damage":13,"enemies":"2 Thieves","floor":21,"turns":2},{"damage":28,"enemies":"Slavers","floor":23,"turns":3},{"damage":9,"enemies":"Chosen and Byrds","floor":28,"turns":4},{"damage":32,"enemies":"Centurion and Healer","floor":31,"turns":4},{"damage":36,"enemies":"Collector","floor":33,"turns":7}],"seed_played":"-3724720926250379020","potions_obtained":[{"floor":1.0,"key":"Fire Potion"},{"floor":2.0,"key":"SpeedPotion"},{"floor":7.0,"key":"Block Potion"},{"floor":21,"key":"GhostInAJar"},{"floor":31,"key":"SteroidPotion"}],"is_trial":false,"path_per_floor":["M","?","M","$","M","R","M","M","T","?","R","E","M","M","R","B",null,"M","?","$","M","?","E","R","$","T","R","M","?","$","M","R","B"],"character_chosen":"THE_SILENT","items_purchased":["Dagger Throw","Oddly Smooth Stone","Reflex"],"campfire_rested":3,"item_purchase_floors":[4,20,30],"current_hp_per_floor":[50,50,46,46,46,46,46,46,46,39,39,23,25,25,45,36,60,53,53,53,42,42,14,35,35,35,35,30,35,35,5,26,0],"gold":18,"neow_bonus":"BOSS_RELIC","is_prod":false,"is_daily":false,"chose_seed":false,"campfire_upgraded":3,"win_rate":0,"timestamp":1546533074,"path_taken":["M","?","M","$","M","R","?","M","T","?","R","E","M","M","R","BOSS","M","?","$","M","?","E","R","$","T","R","M","?","$","?","R","BOSS"],"build_version":"2018-12-20","purchased_purges":1,"victory":false,"max_hp_per_floor":[66,66,66,66,66,66,66,66,66,66,66,66,68,68,68,68,68,68,68,68,70,70,70,70,70,70,70,72,72,72,72,72,72],"card_choices":[{"not_picked":["Calculated Gamble","Riddle With Holes"],"picked":"Backflip","floor":1.0},{"not_picked":["Flying Knee","Blade Dance"],"picked":"Underhanded Strike","floor":3.0},{"not_picked":["Deadly Poison","PiercingWail","Dodge and Roll"],"picked":"SKIP","floor":5.0},{"not_picked":["Dagger Throw","Expertise"],"picked":"Calculated Gamble","floor":7.0},{"not_picked":["Underhanded Strike","Riddle With Holes"],"picked":"Blur","floor":8.0},{"not_picked":["Deflect","Blade Dance","Underhanded Strike"],"picked":"Footwork","floor":12.0},{"not_picked":["Cloak And Dagger","Masterful Stab","Deflect","Catalyst"],"picked":"Singing Bowl","floor":13.0},{"not_picked":["Crippling Poison","Acrobatics","Masterful Stab"],"picked":"Noxious Fumes","floor":14.0},{"not_picked":["Unload","Tools of the Trade","Glass Knife"],"picked":"Corpse Explosion","floor":16.0},{"not_picked":["Sucker Punch","Flying Knee","Deflect"],"picked":"Predator","floor":18.0},{"not_picked":["Blade Dance+1","Backstab","Flying Knee","Dagger Throw"],"picked":"Singing Bowl","floor":21},{"not_picked":["Caltrops","Calculated Gamble","PiercingWail"],"picked":"Cloak And Dagger","floor":23},{"not_picked":["Dagger Throw","Outmaneuver","Dodge and Roll","Calculated Gamble"],"picked":"Singing Bowl","floor":28},{"not_picked":["Terror","Dagger Spray","Slice"],"picked":"Storm of Steel","floor":31}],"player_experience":407034,"relics_obtained":[{"floor":9.0,"key":"Question Card"},{"floor":12.0,"key":"Kunai"},{"floor":23,"key":"Blood Vial"},{"floor":26,"key":"Ginger"}],"event_choices":[{"damage_healed":0.0,"max_hp_gain":0.0,"max_hp_loss":0.0,"gold_gain":0.0,"event_name":"The Woman in Blue","player_choice":"Bought 1 Potion","floor":2.0,"gold_loss":0.0,"damage_taken":0.0},{"damage_healed":0.0,"max_hp_gain":0.0,"max_hp_loss":0.0,"gold_gain":0.0,"event_name":"Scrap Ooze","player_choice":"Success","floor":10.0,"gold_loss":0.0,"damage_taken":7.0,"relics_obtained":["Singing Bowl"]},{"damage_healed":0.0,"max_hp_gain":0.0,"max_hp_loss":0.0,"gold_gain":0.0,"event_name":"Vampires","player_choice":"Ignored","floor":19.0,"gold_loss":0.0,"damage_taken":0.0},{"damage_healed":0,"gold_gain":0,"player_choice":"Ignored","damage_taken":0,"max_hp_gain":0,"max_hp_loss":0,"event_name":"Ghosts","floor":22,"gold_loss":0},{"cards_removed":["Slice"],"damage_healed":5,"gold_gain":0,"player_choice":"Offered Common","damage_taken":0,"max_hp_gain":0,"max_hp_loss":0,"event_name":"Bonfire Elementals","floor":29,"gold_loss":0},{"cards_removed":["Slice"],"damage_healed":5,"gold_gain":0,"player_choice":"Offered Special","damage_taken":0,"max_hp_gain":0,"max_hp_loss":0,"event_name":"Bonfire Elementals","floor":29,"gold_loss":0}],"is_beta":false,"boss_relics":[{"not_picked":["Black Star","White Beast Statue"],"picked":"Pandora\u0027s Box"}],"items_purged_floors":[20],"is_endless":false,"potions_floor_spawned":[1,7,21,31],"killed_by":"Collector","ascension_level":14}