{"gold_per_floor":[119,269,344,344,344,344,377,393,393,393,409,443,443,453,453,453],"floor_reached":16,"playtime":374,"items_purged":[],"score":216,"play_id":"03ff4eda-6eb2-4eb4-836c-3ace9edb923d","local_time":"20190218130512","is_ascension_mode":true,"campfire_choices":[{"data":"Perfected Strike","floor":6,"key":"SMITH"},{"data":"Perfected Strike","floor":10,"key":"SMITH"},{"data":"Inflame","floor":13,"key":"SMITH"},{"data":"Blind","floor":15,"key":"SMITH"}],"neow_cost":"NONE","seed_source_timestamp":415633797791535,"circlet_count":0,"master_deck":["AscendersBane","Strike_R","Strike_R+1","Strike_R+1","Strike_R","Strike_R","Defend_R","Defend_R","Defend_R","Defend_R","Bash+1","Blind+1","Perfected Strike+1","Perfected Strike+1","Inflame+1"],"relics":["Burning Blood","Singing Bowl","Whetstone","Ornamental Fan"],"potions_floor_usage":[16],"damage_taken":[{"damage":1,"enemies":"Small Slimes","floor":1,"turns":5},{"damage":25,"enemies":"Lagavulin","floor":7,"turns":5},{"damage":7,"enemies":"Jaw Worm","floor":8,"turns":2},{"damage":0,"enemies":"Cultist","floor":11,"turns":2},{"damage":25,"enemies":"3 Sentries","floor":12,"turns":7},{"damage":5,"enemies":"Exordium Thugs","floor":14,"turns":4},{"damage":29,"enemies":"Hexaghost","floor":16,"turns":9}],"seed_played":"-6020907629876711972","potions_obtained":[{"floor":11,"key":"Weak Potion"},{"floor":14,"key":"SkillPotion"}],"is_trial":false,"path_per_floor":["M","?","?","?","?","R","E","M","T","R","M","E","R","M","R","B"],"character_chosen":"IRONCLAD","items_purchased":[],"campfire_rested":0,"item_purchase_floors":[],"current_hp_per_floor":[73,73,62,55,55,55,38,37,37,37,43,26,26,29,29,0],"gold":453,"neow_bonus":"RANDOM_COLORLESS","is_prod":false,"is_daily":false,"chose_seed":false,"campfire_upgraded":4,"win_rate":0,"timestamp":1550513112,"path_taken":["M","?","?","?","?","R","E","M","T","R","M","E","R","?","R","BOSS"],"build_version":"2019-02-06","purchased_purges":0,"victory":false,"max_hp_per_floor":[75,75,75,75,75,75,77,77,77,77,77,79,79,81,81,81],"card_choices":[{"not_picked":["Heavy Blade","Thunderclap"],"picked":"Perfected Strike","floor":1},{"not_picked":["Searing Blow","Wild Strike","Rupture"],"picked":"Singing Bowl","floor":7},{"not_picked":["Twin Strike","Sword Boomerang"],"picked":"Perfected Strike","floor":8},{"not_picked":["Shrug It Off","Headbutt"],"picked":"Inflame","floor":11},{"not_picked":["Barricade","Flex","Iron Wave"],"picked":"Singing Bowl","floor":12},{"not_picked":["Carnage","Iron Wave","Anger"],"picked":"Singing Bowl","floor":14}],"player_experience":939821,"relics_obtained":[{"floor":7,"key":"Singing Bowl"},{"floor":9,"key":"Whetstone"},{"floor":12,"key":"Ornamental Fan"}],"event_choices":[{"damage_healed":0,"gold_gain":150,"player_choice":"AGREE","damage_taken":0,"max_hp_gain":0,"max_hp_loss":0,"event_name":"Liars Game","floor":2,"gold_loss":0,"cards_obtained":["Doubt"]},{"damage_healed":0,"gold_gain":75,"player_choice":"Gather Gold","damage_taken":11,"max_hp_gain":0,"max_hp_loss":0,"event_name":"World of Goop","floor":3,"gold_loss":0},{"cards_removed":["Doubt"],"damage_healed":0,"gold_gain":0,"player_choice":"Card Removal","damage_taken":7,"max_hp_gain":0,"max_hp_loss":0,"event_name":"Golden Wing","floor":4,"gold_loss":0},{"damage_healed":0,"gold_gain":0,"player_choice":"Grow","damage_taken":0,"max_hp_gain":0,"max_hp_loss":0,"event_name":"Living Wall","floor":5,"gold_loss":0,"cards_upgraded":["Bash"]}],"is_beta":true,"boss_relics":[],"items_purged_floors":[],"is_endless":false,"potions_floor_spawned":[11,14],"killed_by":"Hexaghost","ascension_level":20}