{"gold_per_floor":[118,118,132,132,150,182,182,211,236,411,411,411,422,451,451,552,552,563,563,563,174,174,174,186,213,236,236,255,255,286,47,47,47],"floor_reached":33,"playtime":1473,"items_purged":["Doubt"],"score":329,"play_id":"79963481-2510-4fa4-b177-403de3e730cc","local_time":"20190314053739","is_ascension_mode":true,"campfire_choices":[{"data":"Neutralize","floor":7,"key":"SMITH"},{"floor":12,"key":"REST"},{"floor":15,"key":"REST"},{"data":"Noxious Fumes","floor":23,"key":"SMITH"},{"floor":27,"key":"RECALL"},{"floor":29,"key":"REST"},{"floor":32,"key":"REST"}],"neow_cost":"NONE","seed_source_timestamp":48468012141600,"circlet_count":0,"master_deck":["Defend_G","Defend_G","Defend_G","Defend_G","Defend_G","Strike_G+1","Survivor","Neutralize+1","Unload+1","Cloak And Dagger","Backstab","Footwork","Deadly Poison","Cloak And Dagger","Dagger Spray","PiercingWail","Corpse Explosion","Leg Sweep","Noxious Fumes+1","Forethought","Accuracy","Catalyst","Noxious Fumes","Noxious Fumes","Bouncing Flask","Envenom"],"relics":["Ring of the Snake","Art of War","Snake Skull","Whetstone","Juzu Bracelet","Vajra","Empty Cage","Nilry\u0027s Codex","Bag of Marbles","Anchor","Turnip"],"potions_floor_usage":[6,14,14,18,30],"damage_taken":[{"damage":1,"enemies":"Jaw Worm","floor":1,"turns":3},{"damage":3,"enemies":"Small Slimes","floor":3,"turns":3},{"damage":0,"enemies":"Cultist","floor":5,"turns":3},{"damage":38,"enemies":"Gremlin Nob","floor":6,"turns":5},{"damage":22,"enemies":"Lagavulin","floor":8,"turns":8},{"damage":0,"enemies":"Exordium Wildlife","floor":13,"turns":2},{"damage":13,"enemies":"3 Sentries","floor":14,"turns":6},{"damage":12,"enemies":"Hexaghost","floor":16,"turns":11},{"damage":9,"enemies":"Shell Parasite","floor":18,"turns":8},{"damage":10,"enemies":"2 Thieves","floor":24,"turns":5},{"damage":11,"enemies":"Book of Stabbing","floor":25,"turns":6},{"damage":0,"enemies":"Centurion and Healer","floor":28,"turns":7},{"damage":2,"enemies":"Slavers","floor":30,"turns":4},{"damage":75,"enemies":"Champ","floor":33,"turns":8}],"seed_played":"720703914143210005","potions_obtained":[{"floor":3,"key":"LiquidBronze"},{"floor":5,"key":"Strength Potion"},{"floor":8,"key":"AttackPotion"},{"floor":14,"key":"Block Potion"},{"floor":25,"key":"GhostInAJar"},{"floor":30,"key":"SmokeBomb"}],"is_trial":false,"path_per_floor":["M","?","M","?","M","E","R","E","T","?","?","R","M","E","R","B",null,"M","?","?","$","?","R","M","E","T","R","M","R","E","$","R","B"],"character_chosen":"THE_SILENT","items_purchased":["Noxious Fumes","Forethought","Bag of Marbles","Bouncing Flask","Envenom"],"campfire_rested":4,"item_purchase_floors":[21,21,21,31,31],"current_hp_per_floor":[69,66,63,63,63,25,25,3,3,3,3,24,24,11,32,20,70,61,45,32,32,32,32,22,11,11,11,11,33,31,31,53,0],"gold":47,"neow_bonus":"ONE_RANDOM_RARE_CARD","is_prod":false,"is_daily":false,"chose_seed":false,"campfire_upgraded":2,"win_rate":0,"timestamp":1552567059,"path_taken":["M","?","M","?","M","E","R","E","T","?","?","R","M","E","R","BOSS","M","?","?","$","?","R","M","E","T","R","M","R","E","?","R","BOSS"],"build_version":"2019-01-23","purchased_purges":1,"victory":false,"max_hp_per_floor":[70,70,70,70,70,70,70,70,70,70,70,70,70,70,70,70,70,70,70,75,75,75,75,75,75,75,75,75,75,75,75,75,75],"card_choices":[{"not_picked":["Deadly Poison","Deflect"],"picked":"Cloak And Dagger","floor":1},{"not_picked":["Bouncing Flask","Wraith Form v2"],"picked":"Backstab","floor":3},{"not_picked":["Well Laid Plans","Reflex","Caltrops"],"picked":"SKIP","floor":5},{"not_picked":["Outmaneuver","Deflect"],"picked":"Deadly Poison","floor":6},{"not_picked":["Terror","Dagger Spray"],"picked":"Cloak And Dagger","floor":8},{"not_picked":["Acrobatics","Caltrops"],"picked":"Dagger Spray","floor":13},{"not_picked":["Malaise","Flechettes"],"picked":"PiercingWail","floor":14},{"not_picked":["Doppelganger","Die Die Die"],"picked":"Corpse Explosion","floor":16},{"not_picked":["Acrobatics","Backflip"],"picked":"Leg Sweep","floor":18},{"not_picked":["Flechettes","Deflect+1"],"picked":"Accuracy","floor":24},{"not_picked":["Corpse Explosion","Slice+1"],"picked":"Catalyst","floor":25},{"not_picked":["Dagger Spray+1","Flying Knee+1"],"picked":"Noxious Fumes","floor":28},{"not_picked":["Flying Knee","Calculated Gamble"],"picked":"Noxious Fumes","floor":30}],"player_experience":343773,"relics_obtained":[{"floor":6,"key":"Snake Skull"},{"floor":8,"key":"Whetstone"},{"floor":9,"key":"Juzu Bracelet"},{"floor":14,"key":"Vajra"},{"floor":19,"key":"Nilry\u0027s Codex"},{"floor":25,"key":"Anchor"},{"floor":30,"key":"Turnip"}],"event_choices":[{"damage_healed":0,"gold_gain":0,"player_choice":"Success","damage_taken":3,"relics_obtained":["Art of War"],"max_hp_gain":0,"max_hp_loss":0,"event_name":"Scrap Ooze","floor":2,"gold_loss":0},{"damage_healed":0,"gold_gain":0,"cards_transformed":["Strike_G"],"player_choice":"Transformed","damage_taken":0,"max_hp_gain":0,"max_hp_loss":0,"event_name":"Transmorgrifier","floor":4,"gold_loss":0,"cards_obtained":["Footwork"]},{"damage_healed":0,"gold_gain":175,"player_choice":"AGREE","damage_taken":0,"max_hp_gain":0,"max_hp_loss":0,"event_name":"Liars Game","floor":10,"gold_loss":0,"cards_obtained":["Doubt"]},{"damage_healed":0,"gold_gain":0,"player_choice":"Ignored","damage_taken":0,"max_hp_gain":0,"max_hp_loss":0,"event_name":"Shining Light","floor":11,"gold_loss":0},{"damage_healed":0,"gold_gain":0,"player_choice":"Obtained Book","damage_taken":16,"max_hp_gain":0,"max_hp_loss":0,"event_name":"Cursed Tome","floor":19,"gold_loss":0},{"damage_healed":0,"gold_gain":0,"player_choice":"Shed Blood","damage_taken":18,"max_hp_gain":5,"max_hp_loss":0,"event_name":"Forgotten Altar","floor":20,"gold_loss":0},{"cards_removed":["Strike_G"],"damage_healed":0,"gold_gain":0,"player_choice":"Elegance","damage_taken":0,"max_hp_gain":0,"max_hp_loss":0,"event_name":"Back to Basics","floor":22,"gold_loss":0}],"is_beta":false,"boss_relics":[{"not_picked":["Astrolabe","Runic Pyramid"],"picked":"Empty Cage"}],"items_purged_floors":[21],"is_endless":false,"potions_floor_spawned":[3,5,8,14,25,30],"killed_by":"Champ","ascension_level":2}