{"gold_per_floor":[211,234,234,254,272,272,301,301,326,338,350,62,26,26,26,99,99,88,105,105,117,32,32],"floor_reached":23,"playtime":1001,"items_purged":["Strike_R"],"score":350,"play_id":"232c6740-82aa-4ca1-ad48-900d7a9fdc55","local_time":"20190221125334","is_ascension_mode":true,"campfire_choices":[{"data":"Bash","floor":6,"key":"SMITH"},{"data":"Shockwave","floor":8,"key":"SMITH"},{"data":"Iron Wave","floor":15,"key":"SMITH"}],"neow_cost":"NONE","seed_source_timestamp":2529011405286,"circlet_count":0,"master_deck":["AscendersBane","Strike_R","Defend_R","Defend_R","Defend_R","Defend_R","Bash+1","Flame Barrier","Iron Wave+1","Cleave","Shockwave+1","Anger","Magnetism+1","Spot Weakness","Inflame","Fiend Fire","Carnage+1","Entrench+1","Ghostly Armor+1","Corruption","Dropkick","Ghostly","Ghostly","Ghostly","Ghostly","Ghostly","Inflame"],"relics":["Burning Blood","Art of War","Smiling Mask","Vajra","Astrolabe","Anchor"],"potions_floor_usage":[5,18,19],"damage_taken":[{"damage":6,"enemies":"Cultist","floor":1,"turns":4},{"damage":0,"enemies":"Small Slimes","floor":4,"turns":5},{"damage":2,"enemies":"Jaw Worm","floor":5,"turns":4},{"damage":42,"enemies":"Lagavulin","floor":7,"turns":9},{"damage":7,"enemies":"Blue Slaver","floor":10,"turns":4},{"damage":6,"enemies":"Red Slaver","floor":11,"turns":5},{"damage":31,"enemies":"The Guardian","floor":16,"turns":8},{"damage":12,"enemies":"2 Thieves","floor":18,"turns":4},{"damage":8,"enemies":"Shell Parasite","floor":19,"turns":4},{"damage":28,"enemies":"Centurion and Healer","floor":21,"turns":6},{"damage":17,"enemies":"Book of Stabbing","floor":23,"turns":5}],"seed_played":"-3282838802923942252","potions_obtained":[{"floor":1,"key":"Swift Potion"},{"floor":3,"key":"SkillPotion"},{"floor":10,"key":"Swift Potion"},{"floor":19,"key":"FearPotion"}],"is_trial":false,"path_per_floor":["M","T","?","M","M","R","E","R","T","M","M","$","$","?","R","B",null,"M","M","?","M","?","E"],"character_chosen":"IRONCLAD","items_purchased":["Magnetism","Spot Weakness","Inflame"],"campfire_rested":0,"item_purchase_floors":[12,12,13],"current_hp_per_floor":[68,68,68,74,75,75,39,39,39,38,38,38,38,38,38,13,60,54,52,37,15,15,0],"gold":32,"neow_bonus":"HUNDRED_GOLD","is_prod":false,"is_daily":false,"chose_seed":false,"campfire_upgraded":3,"win_rate":0,"timestamp":1550771614,"path_taken":["M","?","?","M","?","R","E","R","T","M","?","?","$","?","R","BOSS","M","M","?","M","?","E"],"build_version":"2019-02-06","purchased_purges":1,"victory":false,"max_hp_per_floor":[75,75,75,75,75,75,75,75,75,75,75,75,75,75,75,75,75,75,75,37,37,37,37],"card_choices":[{"not_picked":["Dual Wield","Battle Trance"],"picked":"Flame Barrier","floor":1},{"not_picked":["Anger","Armaments"],"picked":"Iron Wave","floor":4},{"not_picked":["Pummel","Shrug It Off"],"picked":"Cleave","floor":5},{"not_picked":["Battle Trance","Second Wind"],"picked":"Shockwave","floor":7},{"not_picked":["Shrug It Off","Cleave"],"picked":"Anger","floor":10},{"not_picked":["Flex","Perfected Strike","Warcry"],"picked":"SKIP","floor":11},{"not_picked":["Berserk","Immolate"],"picked":"Fiend Fire","floor":16},{"not_picked":["Clothesline","Flex"],"picked":"Corruption","floor":18},{"not_picked":["Thunderclap","Rampage"],"picked":"Dropkick","floor":19},{"not_picked":["Whirlwind","Power Through"],"picked":"Inflame","floor":21}],"player_experience":409628,"relics_obtained":[{"floor":2,"key":"Art of War"},{"floor":7,"key":"Smiling Mask"},{"floor":9,"key":"Vajra"}],"event_choices":[{"damage_healed":0,"gold_gain":0,"player_choice":"Got Potions","damage_taken":0,"max_hp_gain":0,"max_hp_loss":0,"event_name":"Lab","floor":3,"gold_loss":0},{"damage_healed":0,"gold_gain":0,"player_choice":"Upgraded","damage_taken":0,"max_hp_gain":0,"max_hp_loss":0,"event_name":"Upgrade Shrine","floor":14,"gold_loss":0,"cards_upgraded":["Magnetism"]},{"damage_healed":0,"gold_gain":0,"player_choice":"Became a Ghost","damage_taken":0,"max_hp_gain":0,"max_hp_loss":38,"event_name":"Ghosts","floor":20,"gold_loss":0,"cards_obtained":["Ghostly","Ghostly","Ghostly","Ghostly","Ghostly"]},{"damage_healed":0,"gold_gain":0,"player_choice":"Obtained Relic","damage_taken":0,"relics_obtained":["Anchor"],"max_hp_gain":0,"max_hp_loss":0,"event_name":"Addict","floor":22,"gold_loss":85}],"is_beta":true,"boss_relics":[{"not_picked":["Runic Cube","Lizard Tail"],"picked":"Astrolabe"}],"items_purged_floors":[12],"is_endless":false,"potions_floor_spawned":[1,4,10,11,19],"killed_by":"Book of Stabbing","ascension_level":14}