{"path_per_floor":["M","M","?","M","M","R","M","?","T","M","M","?","?","M","R","B",null,"M","$","M"],"character_chosen":"DEFECT","items_purchased":["Calipers"],"gold_per_floor":[117,136,136,149,164,164,180,238,263,279,292,292,242,258,258,355,355,367,54,72,72],"floor_reached":21,"campfire_rested":1,"playtime":1033,"item_purchase_floors":[19],"current_hp_per_floor":[70,62,50,50,39,39,26,5,5,7,6,6,6,8,30,1,75,59,59,48,0],"items_purged":[],"gold":72,"score":175,"play_id":"098660c3-759d-45af-aa4c-ceaffbb015d1","local_time":"20180610060236","is_prod":false,"is_daily":false,"chose_seed":false,"is_ascension_mode":false,"campfire_upgraded":1,"win_rate":0.0,"timestamp":1528635756,"campfire_choices":[{"data":"Zap","floor":6,"key":"SMITH"},{"floor":15,"key":"REST"}],"path_taken":["M","M","?","M","M","R","M","?","T","M","M","?","?","M","R","BOSS","M","$","M","M"],"build_version":"2018-06-07v3","seed_source_timestamp":1575854154434033,"purchased_purges":0,"victory":false,"master_deck":["Zap+1","Dualcast","Capacitor","FTL","Loop","Go for the Eyes","Leap+1","Creative AI","Steam","Stack","Steam","Leap","Coolheaded","Rebound","Reinforced Body"],"max_hp_per_floor":[75,75,75,75,75,75,75,75,75,75,75,75,75,75,75,75,75,75,75,75,75],"relics":["Cracked Core","Boot","Blood Vial","Pen Nib","Ancient Tea Set","Pandora\u0027s Box","Calipers"],"card_choices":[{"not_picked":["Gash","Stack"],"picked":"Capacitor","floor":1},{"not_picked":["Turbo","Double Energy"],"picked":"FTL","floor":2},{"not_picked":["Hologram","Rebound"],"picked":"Loop","floor":4},{"not_picked":["Ball Lightning","Beam Cell"],"picked":"Go for the Eyes","floor":5},{"not_picked":["Compile Driver","Reprogram","Barrage"],"picked":"SKIP","floor":7},{"not_picked":["Compile Driver","Darkness"],"picked":"Leap","floor":8},{"not_picked":["Stack","Rainbow","Leap"],"picked":"SKIP","floor":10},{"not_picked":["Ball Lightning","Streamline","Hologram"],"picked":"SKIP","floor":11},{"not_picked":["Rip and Tear","Streamline","Turbo"],"picked":"SKIP","floor":14},{"not_picked":["Hyperbeam","Biased Cognition"],"picked":"Creative AI","floor":16},{"not_picked":["Leap","Go for the Eyes","Redo"],"picked":"SKIP","floor":18},{"not_picked":["Go for the Eyes","Streamline","Redo"],"picked":"SKIP","floor":20}],"player_experience":174603,"potions_floor_usage":[7,8,14,16,21],"damage_taken":[{"damage":5,"enemies":"Jaw Worm","floor":1,"turns":4},{"damage":8,"enemies":"2 Louse","floor":2,"turns":2},{"damage":2,"enemies":"Small Slimes","floor":4,"turns":3},{"damage":13,"enemies":"2 Fungi Beasts","floor":5,"turns":4},{"damage":15,"enemies":"Gremlin Gang","floor":7,"turns":2},{"damage":23,"enemies":"3 Sentries","floor":8,"turns":7},{"damage":0,"enemies":"Blue Slaver","floor":10,"turns":3},{"damage":3,"enemies":"Exordium Wildlife","floor":11,"turns":4},{"damage":0,"enemies":"3 Louse","floor":14,"turns":1},{"damage":31,"enemies":"The Guardian","floor":16,"turns":12},{"damage":16,"enemies":"Shell Parasite","floor":18,"turns":7},{"damage":13,"enemies":"Spheric Guardian","floor":20,"turns":6},{"damage":50,"enemies":"Slaver and Parasite","floor":21,"turns":8}],"relics_obtained":[{"floor":8,"key":"Pen Nib"},{"floor":9,"key":"Ancient Tea Set"}],"event_choices":[{"event_name":"Scrap Ooze","player_choice":"success","floor":3,"damage_taken":12},{"event_name":"Dead Adventurer","player_choice":"Searched \u00272\u0027 times","floor":8,"damage_taken":0},{"event_name":"Living Wall","player_choice":"Grow","floor":12,"damage_taken":0},{"event_name":"The Cleric","player_choice":"Card Removal","floor":13,"damage_taken":0}],"boss_relics":[{"not_picked":["Astrolabe","Runic Dome"],"picked":"Pandora\u0027s Box"}],"items_purged_floors":[],"potions_floor_spawned":[1,7,8,11,16],"seed_played":"8535413914416552467","killed_by":"Slaver and Parasite","ascension_level":0,"potions_obtained":[{"floor":1,"key":"LiquidBronze"},{"floor":7,"key":"Ancient Potion"},{"floor":8,"key":"Fire Potion"},{"floor":11,"key":"Explosive Potion"},{"floor":16,"key":"Weak Potion"}],"is_trial":false}