{"gold_per_floor":[119,79,97,109,34,34,62,62,62,93,104,121,137,153,153,250,250,265,265,265,319,110,110,12,47,47,65,65,75,345,359,359,455,455,472,487,502,270,270,270,297,297],"floor_reached":42,"playtime":2516,"items_purged":["Strike_B"],"score":527,"play_id":"1f6e04d5-3e9a-4d85-8d20-c937f24ba2ad","local_time":"20190323213404","is_ascension_mode":true,"campfire_choices":[{"data":"Self Repair","floor":6,"key":"SMITH"},{"floor":8,"key":"REST"},{"data":"Darkness","floor":15,"key":"SMITH"},{"data":"Static Discharge","floor":23,"key":"SMITH"},{"data":"Zap","floor":28,"key":"SMITH"},{"floor":32,"key":"REST"},{"floor":40,"key":"RECALL"}],"neow_cost":"NONE","seed_source_timestamp":6952387869300,"circlet_count":0,"master_deck":["Strike_B+1","Strike_B+1","Strike_B+1","Defend_B+1","Defend_B+1","Defend_B+1","Defend_B+1","Zap+1","Dualcast+1","Forethought","Conserve Battery","Self Repair+1","Genetic Algorithm","Lockon","Cold Snap","Cold Snap","Static Discharge+1","Darkness+1","Steam+1","Electrodynamics","Fusion+1","Coolheaded","Hologram+1","Thunder Strike","Redo+1","Go for the Eyes+1","Heatsinks","Glacier","Apotheosis","Dark Shackles","Blind","Conserve Battery+1"],"relics":["Cracked Core","Bottled Flame","Meat on the Bone","DataDisk","Velvet Choker","Strawberry","Membership Card","OrangePellets","War Paint","Shuriken","Eternal Feather","Pocketwatch","Frozen Egg 2"],"potions_floor_usage":[],"damage_taken":[{"damage":4,"enemies":"2 Louse","floor":1,"turns":3},{"damage":2,"enemies":"Jaw Worm","floor":3,"turns":3},{"damage":19,"enemies":"Small Slimes","floor":4,"turns":4},{"damage":48,"enemies":"3 Sentries","floor":7,"turns":9},{"damage":32,"enemies":"Lagavulin","floor":10,"turns":9},{"damage":9,"enemies":"Gremlin Gang","floor":11,"turns":5},{"damage":7,"enemies":"3 Louse","floor":12,"turns":2},{"damage":0,"enemies":"Exordium Wildlife","floor":13,"turns":3},{"damage":0,"enemies":"Large Slime","floor":14,"turns":6},{"damage":9,"enemies":"The Guardian","floor":16,"turns":10},{"damage":9,"enemies":"3 Byrds","floor":18,"turns":2},{"damage":28,"enemies":"Gremlin Leader","floor":25,"turns":8},{"damage":0,"enemies":"Spheric Guardian","floor":27,"turns":3},{"damage":14,"enemies":"Snake Plant","floor":29,"turns":3},{"damage":4,"enemies":"Chosen and Byrds","floor":31,"turns":5},{"damage":60,"enemies":"Champ","floor":33,"turns":13},{"damage":26,"enemies":"3 Shapes","floor":35,"turns":6},{"damage":16,"enemies":"Orb Walker","floor":36,"turns":2},{"damage":16,"enemies":"Writhing Mass","floor":37,"turns":6},{"damage":50,"enemies":"Nemesis","floor":41,"turns":7},{"damage":46,"enemies":"Transient","floor":42,"turns":5}],"seed_played":"-3726462884683571899","potions_obtained":[{"floor":3,"key":"Ancient Potion"},{"floor":4,"key":"SpeedPotion"},{"floor":10,"key":"FocusPotion"},{"floor":11,"key":"Explosive Potion"},{"floor":36,"key":"Energy Potion"}],"is_trial":false,"path_per_floor":["M","$","M","M","$","R","E","R","T","E","M","M","M","M","R","B",null,"M","?","?","T","$","R","$","E","T","M","R","M","?","M","R","B",null,"M","M","M","$","?","R","E","M"],"character_chosen":"DEFECT","items_purchased":["Self Repair","Membership Card","OrangePellets","Heatsinks","Pocketwatch","Glacier"],"campfire_rested":2,"item_purchase_floors":[2,22,24,38,38,38],"current_hp_per_floor":[71,71,75,63,63,63,25,47,47,37,50,43,53,63,63,64,75,66,66,66,73,73,73,73,55,55,55,55,63,31,49,73,35,82,66,50,56,56,46,64,36,0],"gold":297,"neow_bonus":"RANDOM_COLORLESS","is_prod":false,"is_daily":false,"chose_seed":false,"campfire_upgraded":4,"win_rate":0,"timestamp":1553357044,"path_taken":["M","$","M","M","$","R","E","R","T","E","M","M","M","M","R","BOSS","M","?","?","?","?","R","$","E","T","M","R","M","?","M","R","BOSS","M","?","M","$","?","R","E","M"],"build_version":"2019-01-23","purchased_purges":1,"victory":false,"max_hp_per_floor":[75,75,75,75,75,75,75,75,75,75,75,75,75,75,75,75,75,75,75,75,82,82,82,82,82,82,82,82,82,82,82,82,82,82,82,82,82,82,82,82,82,82],"card_choices":[{"not_picked":["Ball Lightning","Sweeping Beam"],"picked":"Conserve Battery","floor":1},{"not_picked":["Glacier","Steam"],"picked":"Genetic Algorithm","floor":3},{"not_picked":["Storm","Blizzard"],"picked":"Lockon","floor":4},{"not_picked":["Leap","Hello World"],"picked":"Cold Snap","floor":7},{"not_picked":["All For One","Beam Cell"],"picked":"Cold Snap","floor":10},{"not_picked":["Rebound","Conserve Battery"],"picked":"Static Discharge","floor":11},{"not_picked":["Barrage","Redo","Beam Cell"],"picked":"SKIP","floor":12},{"not_picked":["Hologram","Coolheaded"],"picked":"Darkness","floor":13},{"not_picked":["Rebound","Reprogram"],"picked":"Steam","floor":14},{"not_picked":["Seek","Amplify"],"picked":"Electrodynamics","floor":16},{"not_picked":["Gash","Force Field"],"picked":"Fusion+1","floor":18},{"not_picked":["Lockon","Turbo","Ball Lightning+1"],"picked":"SKIP","floor":25},{"not_picked":["Beam Cell+1","Cold Snap+1"],"picked":"Coolheaded","floor":27},{"not_picked":["Skim","Coolheaded+1"],"picked":"Hologram+1","floor":29},{"not_picked":["Cold Snap","Coolheaded","Stack"],"picked":"SKIP","floor":31},{"not_picked":["Meteor Strike","Electrodynamics"],"picked":"Thunder Strike","floor":33},{"not_picked":["Sweeping Beam","Rip and Tear+1"],"picked":"Redo+1","floor":35},{"not_picked":["Force Field","Conserve Battery+1"],"picked":"Go for the Eyes+1","floor":36},{"not_picked":["Rebound+1","Compile Driver","Turbo+1"],"picked":"SKIP","floor":37},{"not_picked":["Finesse","Chrysalis"],"picked":"Apotheosis","floor":39},{"not_picked":["Swift Strike","Impatience"],"picked":"Dark Shackles","floor":39},{"not_picked":["Purity","Violence"],"picked":"Blind","floor":39},{"not_picked":["Genetic Algorithm+1","Compile Driver+1"],"picked":"Conserve Battery+1","floor":41}],"player_experience":97126,"relics_obtained":[{"floor":7,"key":"Bottled Flame"},{"floor":9,"key":"Meat on the Bone"},{"floor":10,"key":"DataDisk"},{"floor":21,"key":"Strawberry"},{"floor":25,"key":"War Paint"},{"floor":26,"key":"Shuriken"},{"floor":41,"key":"Frozen Egg 2"}],"event_choices":[{"damage_healed":0,"gold_gain":0,"player_choice":"Ignored","damage_taken":0,"max_hp_gain":0,"max_hp_loss":0,"event_name":"Ghosts","floor":19,"gold_loss":0},{"damage_healed":0,"gold_gain":0,"player_choice":"Simplicity","damage_taken":0,"max_hp_gain":0,"max_hp_loss":0,"event_name":"Back to Basics","floor":20,"gold_loss":0,"cards_upgraded":["Strike_B","Strike_B","Strike_B","Defend_B","Defend_B","Defend_B","Defend_B"]},{"damage_healed":0,"gold_gain":270,"player_choice":"GOLD GOLD GOLD ","damage_taken":32,"max_hp_gain":0,"max_hp_loss":0,"event_name":"Knowing Skull","floor":30,"potions_obtained":[],"gold_loss":0,"cards_obtained":[]},{"damage_healed":0,"gold_gain":0,"player_choice":"Memory 3","damage_taken":10,"max_hp_gain":0,"max_hp_loss":0,"event_name":"SensoryStone","floor":39,"gold_loss":0}],"is_beta":false,"boss_relics":[{"not_picked":["Empty Cage","Busted Crown"],"picked":"Velvet Choker"},{"not_picked":["Tiny House","Black Star"],"picked":"Eternal Feather"}],"items_purged_floors":[5],"is_endless":false,"potions_floor_spawned":[3,4,10,11,13,25,27,31,36,41],"killed_by":"Transient","ascension_level":3}