{"gold_per_floor":[111,111,131,131,151,151,70,127,178,208,46,77,77,108,108,179,179,194,206,206,206,131,131,131],"floor_reached":24,"playtime":786,"items_purged":["Decay"],"score":420,"play_id":"44e685aa-bee9-4f18-9bcf-d6ac310ab7fa","local_time":"20190318103240","is_ascension_mode":true,"campfire_choices":[{"data":"Dualcast","floor":6,"key":"SMITH"},{"floor":13,"key":"REST"},{"floor":15,"key":"REST"},{"floor":23,"key":"REST"}],"neow_cost":"NONE","seed_source_timestamp":453827489154484,"circlet_count":0,"master_deck":["AscendersBane","Strike_B","Strike_B","Strike_B","Defend_B","Defend_B","Defend_B","Defend_B","Zap+1","Dualcast+1","Gash","Ball Lightning","Leap","Melter","Rebound","Leap","All For One","Static Discharge","All For One","Defragment","Conserve Battery"],"relics":["Cracked Core","Strawberry","Happy Flower","Ornamental Fan","Sundial","Lantern","Nuclear Battery"],"potions_floor_usage":[8,16,24,24],"damage_taken":[{"damage":1,"enemies":"Cultist","floor":1,"turns":4},{"damage":7,"enemies":"Jaw Worm","floor":3,"turns":3},{"damage":0,"enemies":"2 Louse","floor":5,"turns":2},{"damage":27,"enemies":"Lagavulin Event","floor":8,"turns":5},{"damage":16,"enemies":"Lagavulin","floor":10,"turns":5},{"damage":26,"enemies":"3 Sentries","floor":12,"turns":7},{"damage":13,"enemies":"Lagavulin","floor":14,"turns":4},{"damage":22,"enemies":"Slime Boss","floor":16,"turns":7},{"damage":41,"enemies":"3 Byrds","floor":18,"turns":3},{"damage":17,"enemies":"2 Thieves","floor":19,"turns":4},{"damage":37,"enemies":"Book of Stabbing","floor":24,"turns":3}],"seed_played":"8013335090012131661","potions_obtained":[{"floor":5,"key":"Regen Potion"},{"floor":12,"key":"Energy Potion"},{"floor":14,"key":"SteroidPotion"},{"floor":19,"key":"Poison Potion"}],"is_trial":false,"path_per_floor":["M","?","M","?","M","R","$","?","T","E","$","E","R","E","R","B",null,"M","M","$","?","$","R","E"],"character_chosen":"DEFECT","items_purchased":["Melter","All For One"],"campfire_rested":3,"item_purchase_floors":[7,11],"current_hp_per_floor":[63,63,56,56,56,56,56,50,50,34,34,8,31,18,41,19,63,22,5,5,5,5,28,0],"gold":131,"neow_bonus":"UPGRADE_CARD","is_prod":false,"is_daily":false,"chose_seed":false,"campfire_upgraded":1,"win_rate":0,"timestamp":1552919560,"path_taken":["M","?","M","?","?","R","?","?","T","E","$","E","R","E","R","BOSS","M","M","$","?","$","R","E"],"build_version":"2019-03-15","purchased_purges":1,"victory":false,"max_hp_per_floor":[71,71,71,71,71,71,71,78,78,78,78,78,78,78,78,78,78,78,78,78,78,78,78,78],"card_choices":[{"not_picked":["Fusion","Double Energy"],"picked":"Gash","floor":1},{"not_picked":["Conserve Battery","Streamline"],"picked":"Ball Lightning","floor":3},{"not_picked":["Turbo","Beam Cell"],"picked":"Leap","floor":5},{"not_picked":["Hello World","Leap"],"picked":"Rebound","floor":8},{"not_picked":["Rebound","Double Energy"],"picked":"Leap","floor":10},{"not_picked":["Compile Driver","Rebound","White Noise"],"picked":"SKIP","floor":12},{"not_picked":["Thunder Strike","Streamline"],"picked":"Static Discharge","floor":14},{"not_picked":["Multi-Cast","Meteor Strike"],"picked":"All For One","floor":16},{"not_picked":["BootSequence","Static Discharge"],"picked":"Defragment","floor":18},{"not_picked":["Rebound","Compile Driver"],"picked":"Conserve Battery","floor":19}],"player_experience":1135527,"relics_obtained":[{"floor":8,"key":"Strawberry"},{"floor":9,"key":"Happy Flower"},{"floor":10,"key":"Ornamental Fan"},{"floor":12,"key":"Sundial"},{"floor":14,"key":"Lantern"}],"event_choices":[{"damage_healed":0,"gold_gain":0,"player_choice":"Leave","damage_taken":0,"max_hp_gain":0,"max_hp_loss":0,"event_name":"The Cleric","floor":2,"gold_loss":0},{"cards_removed":["Strike_B"],"damage_healed":0,"gold_gain":0,"player_choice":"Offered Basic","damage_taken":0,"max_hp_gain":0,"max_hp_loss":0,"event_name":"Bonfire Elementals","floor":4,"gold_loss":0},{"damage_healed":0,"gold_gain":0,"player_choice":"Searched \u00271\u0027 times","damage_taken":0,"max_hp_gain":0,"max_hp_loss":0,"event_name":"Dead Adventurer","floor":8,"gold_loss":0},{"damage_healed":0,"gold_gain":0,"player_choice":"Smashed Altar","damage_taken":0,"max_hp_gain":0,"max_hp_loss":0,"event_name":"Forgotten Altar","floor":21,"gold_loss":0,"cards_obtained":["Decay"]}],"is_beta":true,"boss_relics":[{"not_picked":["Astrolabe","FrozenCore"],"picked":"Nuclear Battery"}],"items_purged_floors":[22],"is_endless":false,"potions_floor_spawned":[5,12,14,19],"killed_by":"Book of Stabbing","ascension_level":20}