{"gold_per_floor":[110,125,125,125,145,201,201,13,62,87,12,12,47,66,66,145,145,155,155,155,155,173,173,201,201,201,233,251,251,264,284,284,358,358,369,388,399,68,84,84,113,113,186,186,204,204,231,241,241,241,241],"floor_reached":51,"playtime":2901,"items_purged":["Strike_R","Doubt"],"score":1605,"play_id":"64e5612d-9c18-477c-957b-2272791926bb","local_time":"20190325225448","is_ascension_mode":true,"campfire_choices":[{"data":"Bash","floor":7.0,"key":"SMITH"},{"data":"Clothesline","floor":12.0,"key":"SMITH"},{"data":"Shockwave","floor":15.0,"key":"SMITH"},{"data":"Demon Form","floor":23.0,"key":"SMITH"},{"data":"Evolve","floor":25.0,"key":"SMITH"},{"data":"Flame Barrier","floor":29.0,"key":"SMITH"},{"floor":32.0,"key":"REST"},{"data":"Disarm","floor":40,"key":"SMITH"},{"floor":44,"key":"RECALL"},{"floor":49,"key":"REST"}],"neow_cost":"NONE","seed_source_timestamp":1100919023378770,"circlet_count":0,"master_deck":["AscendersBane","Strike_R+1","Strike_R+1","Strike_R+1","Strike_R+1","Defend_R+1","Defend_R+1","Defend_R+1","Defend_R+1","Bash+1","Flame Barrier+1","Armaments+1","Carnage","Clothesline+1","Shrug It Off","Feel No Pain","Spot Weakness","Shockwave+1","Battle Trance","Demon Form+1","Writhe","Writhe","Evolve+1","Clumsy","Disarm+1","Shrug It Off","Sword Boomerang+1","Offering","Havoc+1","Burning Pact","Corruption+1","Shrug It Off","Flame Barrier","Iron Wave+1","Clumsy","Metallicize+1","Pommel Strike+1"],"special_seed":0,"relics":["Cursed Key","Tiny Chest","Omamori","Strawberry","Art of War","Calling Bell","Oddly Smooth Stone","Meat on the Bone","Ice Cream","Ancient Tea Set","Question Card","Ornamental Fan","Gambling Chip","Du-Vu Doll","White Beast Statue","Bag of Preparation","Magic Flower","Darkstone Periapt","Boot"],"potions_floor_usage":[39,41,50],"damage_taken":[{"damage":0.0,"enemies":"Small Slimes","floor":1.0,"turns":3.0},{"damage":2.0,"enemies":"Jaw Worm","floor":2.0,"turns":4.0},{"damage":0.0,"enemies":"2 Louse","floor":5.0,"turns":3.0},{"damage":15.0,"enemies":"3 Sentries","floor":6.0,"turns":8.0},{"damage":9.0,"enemies":"Lagavulin","floor":10.0,"turns":5.0},{"damage":5.0,"enemies":"3 Sentries","floor":13.0,"turns":8.0},{"damage":3.0,"enemies":"Blue Slaver","floor":14.0,"turns":2.0},{"damage":9.0,"enemies":"Hexaghost","floor":16.0,"turns":10.0},{"damage":18.0,"enemies":"2 Thieves","floor":18.0,"turns":5.0},{"damage":3.0,"enemies":"Spheric Guardian","floor":22.0,"turns":7.0},{"damage":15.0,"enemies":"Gremlin Leader","floor":24.0,"turns":7.0},{"damage":27.0,"enemies":"Slavers","floor":27.0,"turns":7.0},{"damage":26.0,"enemies":"Shelled Parasite and Fungi","floor":28.0,"turns":6.0},{"damage":0.0,"enemies":"Centurion and Healer","floor":30.0,"turns":5.0},{"damage":12.0,"enemies":"Cultist and Chosen","floor":31.0,"turns":5.0},{"damage":25.0,"enemies":"Collector","floor":33.0,"turns":8.0},{"damage":20.0,"enemies":"3 Darklings","floor":35.0,"turns":4.0},{"damage":2,"enemies":"3 Shapes","floor":36,"turns":5},{"damage":19,"enemies":"3 Darklings","floor":37,"turns":5},{"damage":10,"enemies":"Sphere and 2 Shapes","floor":39,"turns":5},{"damage":17,"enemies":"Giant Head","floor":41,"turns":7},{"damage":13,"enemies":"Writhing Mass","floor":45,"turns":6},{"damage":6,"enemies":"Nemesis","floor":47,"turns":5},{"damage":16,"enemies":"Maw","floor":48,"turns":7},{"damage":59,"enemies":"Time Eater","floor":50,"turns":11},{"damage":45,"enemies":"Awakened One","floor":51,"turns":4}],"seed_played":"3552468477303516653","potions_obtained":[{"floor":1.0,"key":"SkillPotion"},{"floor":5.0,"key":"AttackPotion"},{"floor":6.0,"key":"SkillPotion"},{"floor":13.0,"key":"SteroidPotion"},{"floor":16.0,"key":"Regen Potion"},{"floor":18.0,"key":"EssenceOfSteel"},{"floor":24.0,"key":"Weak Potion"},{"floor":31.0,"key":"Explosive Potion"},{"floor":35.0,"key":"SpeedPotion"},{"floor":36,"key":"Poison Potion"},{"floor":37,"key":"Poison Potion"},{"floor":39,"key":"SkillPotion"},{"floor":41,"key":"AttackPotion"},{"floor":47,"key":"Ancient Potion"}],"is_trial":false,"path_per_floor":["M","M","?","?","M","E","R","$","T","E","?","R","E","M","R","B",null,"M","?","?","T","M","R","E","R","T","E","M","R","M","M","R","B",null,"M","M","M","$","M","R","E","?","T","R","M","?","E","M","R","B","B"],"character_chosen":"IRONCLAD","items_purchased":["Shrug It Off","Feel No Pain","Bag of Preparation","Shrug It Off"],"campfire_rested":2,"item_purchase_floors":[8,8,38,38],"current_hp_per_floor":[68,66,71,71,71,56,56,56,56,54,54,54,49,46,46,37,75,57,57,57,57,69,69,54,54,54,39,25,25,37,37,63,50,78,58,56,49,49,51,51,46,46,46,46,51,51,45,47,73,32,0],"gold":241,"neow_bonus":"BOSS_RELIC","is_prod":false,"is_daily":false,"chose_seed":false,"campfire_upgraded":7,"win_rate":0,"timestamp":1553568888,"path_taken":["M","M","?","?","M","E","R","$","T","E","?","R","E","M","R","BOSS","M","?","?","?","M","R","E","R","T","E","M","R","M","M","R","BOSS","M","M","M","$","M","R","E","?","T","R","M","?","E","?","R","BOSS","BOSS"],"build_version":"2019-03-15","purchased_purges":2,"victory":false,"max_hp_per_floor":[75,75,80,80,80,80,80,80,80,87,87,87,87,87,87,87,87,87,87,87,87,87,87,87,87,87,87,87,87,87,87,87,87,87,87,87,87,87,87,87,87,87,87,87,87,87,87,87,87,87,87],"card_choices":[{"not_picked":["Armaments","Clothesline"],"picked":"Flame Barrier","floor":1.0},{"not_picked":["Clothesline","Sword Boomerang"],"picked":"Armaments","floor":2.0},{"not_picked":["Combust","Pummel"],"picked":"Carnage","floor":5.0},{"not_picked":["Evolve","Berserk"],"picked":"Clothesline","floor":6.0},{"not_picked":["Metallicize","Anger"],"picked":"Spot Weakness","floor":10.0},{"not_picked":["Shrug It Off","Sever Soul"],"picked":"Shockwave","floor":13.0},{"not_picked":["Armaments","Flex"],"picked":"Battle Trance","floor":14.0},{"not_picked":["Brutality","Feed"],"picked":"Demon Form","floor":16.0},{"not_picked":["Headbutt","Clash+1"],"picked":"Iron Wave","floor":18.0},{"not_picked":["Intimidate","Rampage","Dual Wield","Clothesline+1"],"picked":"SKIP","floor":22.0},{"not_picked":["Clothesline","Cleave","Body Slam"],"picked":"Evolve","floor":24.0},{"not_picked":["Metallicize","Havoc","Carnage+1"],"picked":"Disarm","floor":27.0},{"not_picked":["Fiend Fire","True Grit","Warcry"],"picked":"Shrug It Off","floor":28.0},{"not_picked":["Clothesline+1","Heavy Blade","Wild Strike+1"],"picked":"Sword Boomerang+1","floor":30.0},{"not_picked":["Demon Form","Uppercut","Perfected Strike","Spot Weakness"],"picked":"SKIP","floor":31.0},{"not_picked":["Juggernaut","Limit Break","Demon Form"],"picked":"Offering","floor":33.0},{"not_picked":["Shrug It Off","Uppercut","Headbutt+1"],"picked":"Havoc+1","floor":35.0},{"not_picked":["Clash","Clothesline","Second Wind"],"picked":"Burning Pact","floor":36},{"not_picked":["Perfected Strike","Pommel Strike","Whirlwind"],"picked":"Corruption+1","floor":37},{"not_picked":["Corruption","Infernal Blade","Whirlwind"],"picked":"Flame Barrier","floor":39},{"not_picked":["Clothesline","Flex","Whirlwind"],"picked":"Iron Wave+1","floor":41},{"not_picked":["Cleave+1","Shockwave+1","Combust+1"],"picked":"Metallicize+1","floor":45},{"not_picked":["Shockwave","Body Slam","Anger+1","Sword Boomerang"],"picked":"SKIP","floor":47},{"not_picked":["Wild Strike","Perfected Strike","Intimidate"],"picked":"Pommel Strike+1","floor":48}],"player_experience":1275868,"relics_obtained":[{"floor":6.0,"key":"Tiny Chest"},{"floor":9.0,"key":"Omamori"},{"floor":10.0,"key":"Strawberry"},{"floor":13.0,"key":"Art of War"},{"floor":17.0,"key":"Oddly Smooth Stone"},{"floor":17.0,"key":"Meat on the Bone"},{"floor":17.0,"key":"Ice Cream"},{"floor":21.0,"key":"Question Card"},{"floor":24.0,"key":"Ornamental Fan"},{"floor":26.0,"key":"Gambling Chip"},{"floor":27.0,"key":"Du-Vu Doll"},{"floor":41,"key":"Magic Flower"},{"floor":47,"key":"Boot"}],"event_choices":[{"damage_healed":0.0,"max_hp_gain":5.0,"max_hp_loss":0.0,"gold_gain":0.0,"event_name":"Big Fish","player_choice":"Donut","floor":3.0,"gold_loss":0.0,"damage_taken":0.0},{"damage_healed":0.0,"max_hp_gain":0.0,"max_hp_loss":0.0,"gold_gain":0.0,"event_name":"Living Wall","player_choice":"Grow","floor":4.0,"gold_loss":0.0,"damage_taken":0.0,"cards_upgraded":["Armaments"]},{"cards_removed":["Injury"],"damage_healed":0.0,"max_hp_gain":0.0,"max_hp_loss":0.0,"gold_gain":0.0,"event_name":"The Cleric","player_choice":"Card Removal","floor":11.0,"gold_loss":75.0,"damage_taken":0.0},{"damage_healed":0.0,"max_hp_gain":0.0,"max_hp_loss":0.0,"gold_gain":0.0,"event_name":"Back to Basics","player_choice":"Simplicity","floor":19.0,"gold_loss":0.0,"damage_taken":0.0,"cards_upgraded":["Strike_R","Strike_R","Strike_R","Strike_R","Defend_R","Defend_R","Defend_R","Defend_R"]},{"damage_healed":0.0,"max_hp_gain":0.0,"max_hp_loss":0.0,"gold_gain":0.0,"event_name":"The Mausoleum","player_choice":"Opened","floor":20.0,"gold_loss":0.0,"damage_taken":0.0,"relics_obtained":["Ancient Tea Set"],"cards_obtained":["Writhe"]},{"cards_removed":["Iron Wave"],"damage_healed":0,"gold_gain":0,"player_choice":"Removed Attack","damage_taken":0,"max_hp_gain":0,"max_hp_loss":0,"event_name":"Falling","floor":42,"gold_loss":0},{"damage_healed":0,"gold_gain":0,"player_choice":"Gave Potion","damage_taken":0,"relics_obtained":["Darkstone Periapt"],"max_hp_gain":0,"max_hp_loss":0,"event_name":"WeMeetAgain","floor":46,"gold_loss":0}],"is_beta":true,"boss_relics":[{"not_picked":["Ectoplasm","Fusion Hammer"],"picked":"Calling Bell"},{"not_picked":["Runic Cube","Velvet Choker"],"picked":"White Beast Statue"}],"items_purged_floors":[8,38],"is_endless":false,"potions_floor_spawned":[1,5,6,13,16,18,24,31,35,36,37,39,41,45,47,48],"killed_by":"Awakened One","ascension_level":20}