{"path_per_floor":["M","T","M","?","M","E","M","M","T","?","R","E","R","M","R","B",null,"M","M","M","?","M","R","E","M","T","E","M","M","$","M","R","B",null,"M","?","M","M","?","R","E","R","T","E","M","$","M","M","R","B"],"character_chosen":"THE_SILENT","items_purchased":[],"gold_per_floor":[99,99,99,49,49,49,4,4,4,4,4,4,4,4,4,4,4,4,0,0,0,0,0,0,0,0,0,0,0,0,0,0,0,0,0,0,0,0,0,0,0,0,0,0,0,0,0,0,0,0],"floor_reached":51,"campfire_rested":2,"playtime":4947,"current_hp_per_floor":[63,63,63,63,63,48,48,48,48,48,48,48,48,48,48,48,70,70,70,58,58,46,46,30,33,40,40,39,38,38,33,33,38,77,74,74,74,38,38,38,38,61,61,19,18,18,18,18,41,38],"items_purged":[],"gold":0,"play_id":"2cdf9333-5cf5-4270-b313-45d66008494e","is_prod":false,"is_daily":false,"is_ascension_mode":false,"campfire_upgraded":6,"path_taken":["M","?","M","?","M","E","M","M","T","?","R","E","R","M","R","BOSS","M","M","M","?","M","R","E","M","T","E","M","M","?","M","R","BOSS","M","?","M","M","?","R","E","R","T","E","M","$","M","M","R","BOSS"],"build_version":"2018-01-30-BETA1","purchased_purges":0,"victory":true,"master_deck":["Defend_G","Defend_G","Defend_G","Defend_G","Strike_G","Strike_G","Strike_G","Strike_G","Survivor","Neutralize+1","Backstab","Backflip","Acrobatics+1","Terror+1","Escape Plan","Blur","Bouncing Flask+1","Poisoned Stab","Wraith Form+1","Blur","Dagger Throw","Flying Knee","Outmaneuver+1","Outmaneuver+1","After Image+1","Flying Knee","Quick Slash+1","A Thousand Cuts","Escape Plan","Acrobatics","Dodge and Roll","Decay","Doppelganger","After Image","PiercingWail+1","Choke","Backflip+1"],"max_hp_per_floor":[70,70,70,70,70,70,70,70,70,70,70,70,70,70,70,70,70,70,70,70,70,70,70,70,70,77,77,77,77,77,77,77,77,77,77,77,77,77,77,77,77,77,77,77,77,77,77,77,77,77],"relics":["Ectoplasm","Sundial","Juzu Bracelet","Anchor","Bag of Marbles","Lizard Tail","Ninja Scroll","Strawberry","Bag of Preparation","Runic Dome","Red Mask","Pantograph","Bronze Scales","Toxic Egg 2"],"card_choices":[{"not_picked":["Masterful Stab","Bane"],"picked":"Backstab"},{"not_picked":["Deflect","Masterful Stab"],"picked":"Backflip"},{"not_picked":["Poisoned Stab","Terror"],"picked":"Acrobatics"},{"not_picked":["Calculated Gamble","Sucker Punch"],"picked":"Terror"},{"not_picked":["Catalyst","Slice"],"picked":"Escape Plan"},{"not_picked":["Deflect","Flechettes"],"picked":"Blur"},{"not_picked":["Deflect","Quick Slash"],"picked":"Bouncing Flask"},{"not_picked":["Bane","Dash"],"picked":"Poisoned Stab"},{"not_picked":["Phantasmal Killer","Glass Knife"],"picked":"Wraith Form"},{"not_picked":["Slice","Dagger Spray"],"picked":"Blur"},{"not_picked":["Deflect","Distraction"],"picked":"Dagger Throw"},{"not_picked":["Slice","Blade Dance"],"picked":"Flying Knee"},{"not_picked":["Deadly Poison","Venomology"],"picked":"Outmaneuver"},{"not_picked":["Caltrops","Malaise"],"picked":"Outmaneuver"},{"not_picked":["Slice","Outmaneuver"],"picked":"After Image"},{"not_picked":["Catalyst","Infinite Blades"],"picked":"Flying Knee"},{"not_picked":["Dagger Throw","Dodge and Roll"],"picked":"Quick Slash"},{"not_picked":["Doppelganger","Night Terror"],"picked":"A Thousand Cuts"},{"not_picked":["Terror","Quick Slash"],"picked":"Escape Plan"},{"not_picked":["Calculated Gamble","Finisher"],"picked":"Acrobatics"},{"not_picked":["Poisoned Stab","Deflect"],"picked":"Dodge and Roll"},{"not_picked":["Deadly Poison","Poisoned Stab"],"picked":"Doppelganger"},{"not_picked":["Heel Hook","Dagger Spray"],"picked":"After Image"},{"not_picked":["Malaise","Prepared"],"picked":"PiercingWail"},{"not_picked":["Crippling Poison","Dodge and Roll"],"picked":"Choke"},{"not_picked":["Deadly Poison","Heel Hook"],"picked":"Backflip"}],"player_experience":12695,"potions_floor_usage":[6,12,18,19,25,28,28,33,33,41,44,44,50],"damage_taken":[{"damage":7,"enemies":"Blue Slaver","floor":1,"turns":5},{"damage":0,"enemies":"2 Louse","floor":3,"turns":2},{"damage":0,"enemies":"Small Slimes","floor":5,"turns":3},{"damage":15,"enemies":"3 Sentries","floor":6,"turns":8},{"damage":0,"enemies":"Looter","floor":7,"turns":4},{"damage":0,"enemies":"3 Louse","floor":8,"turns":3},{"damage":0,"enemies":"Lagavulin","floor":12,"turns":5},{"damage":0,"enemies":"Red Slaver","floor":14,"turns":2},{"damage":0,"enemies":"The Guardian","floor":16,"turns":7},{"damage":0,"enemies":"Shell Parasite","floor":18,"turns":4},{"damage":0,"enemies":"2 Thieves","floor":19,"turns":4},{"damage":12,"enemies":"Chosen and Byrds","floor":20,"turns":5},{"damage":12,"enemies":"3 Cultists","floor":22,"turns":5},{"damage":16,"enemies":"Book of Stabbing","floor":24,"turns":6},{"damage":6,"enemies":"Snake Plant","floor":25,"turns":3},{"damage":0,"enemies":"Gremlin Leader","floor":27,"turns":8},{"damage":1,"enemies":"Cultist and Chosen","floor":28,"turns":6},{"damage":1,"enemies":"Centurion and Healer","floor":29,"turns":4},{"damage":5,"enemies":"Snake Plant","floor":31,"turns":3},{"damage":42,"enemies":"Collector","floor":33,"turns":8},{"damage":3,"enemies":"3 Shapes","floor":35,"turns":4},{"damage":0,"enemies":"Flame Bruiser 1 Orb","floor":37,"turns":4},{"damage":36,"enemies":"Sphere and 2 Shapes","floor":38,"turns":4},{"damage":0,"enemies":"Nemesis","floor":41,"turns":7},{"damage":42,"enemies":"2 Orb Walkers","floor":44,"turns":5},{"damage":1,"enemies":"3 Darklings","floor":45,"turns":4},{"damage":0,"enemies":"Maw","floor":47,"turns":7},{"damage":0,"enemies":"Flame Bruiser 2 Orb","floor":48,"turns":5},{"damage":28,"enemies":"Awakened One","floor":50,"turns":14}],"event_choices":[{"event_name":"The Cleric","player_choice":"Card Removal","floor":4,"damage_taken":0},{"event_name":"Wheel of Change","player_choice":"Card Removal","floor":10,"damage_taken":0},{"event_name":"Beggar","player_choice":"Ignored","floor":21,"damage_taken":0},{"event_name":"Tomb of Lord Red Mask","player_choice":"Paid","floor":36,"damage_taken":0},{"event_name":"Wheel of Change","player_choice":"Curse","floor":39,"damage_taken":0}],"boss_relics":[{"not_picked":["Question Card","Tiny House"],"picked":"Lizard Tail"},{"not_picked":["Eternal Feather","White Beast Statue"],"picked":"Runic Dome"}],"potions_floor_spawned":[1,3,6,8,16,18,24,27,29,33,35,38,41],"seed_played":"-1114773224872587206","ascension_level":0,"is_trial":false}