{"gold_per_floor":[117,33,33,33,43,43,75,75,75,86,98,98,23,33,33,109,109,124,143,68,83,102,102,119,119,144,444,444],"floor_reached":28,"playtime":1238,"items_purged":["Strike_B"],"score":490,"play_id":"1c0cadf5-a7f1-485c-b295-72f7a7d75970","local_time":"20181027152219","is_ascension_mode":true,"campfire_choices":[{"data":"Zap","floor":6.0,"key":"SMITH"},{"floor":12.0,"key":"DIG"},{"floor":15.0,"key":"DIG"},{"floor":23,"key":"REST"},{"floor":27,"key":"DIG"}],"neow_cost":"NONE","seed_source_timestamp":0,"circlet_count":0,"master_deck":["Strike_B+1","Defend_B","Defend_B","Defend_B","Defend_B","Zap+1","Dualcast","AscendersBane","Coolheaded","Capacitor","Barrage","Sweeping Beam","Cold Snap+1","BootSequence","Go for the Eyes+1","Cold Snap","Skim","Writhe"],"special_seed":0,"relics":["FrozenCore","NeowsBlessing","Oddly Smooth Stone","Shovel","Singing Bowl","Blue Candle","Mercury Hourglass","Orichalcum","Dodecahedron","Whetstone","Old Coin"],"potions_floor_usage":[18,22,28],"damage_taken":[{"damage":0.0,"enemies":"Jaw Worm","floor":1.0,"turns":1.0},{"damage":0.0,"enemies":"Small Slimes","floor":5.0,"turns":1.0},{"damage":0.0,"enemies":"Gremlin Nob","floor":7.0,"turns":1.0},{"damage":2.0,"enemies":"2 Louse","floor":10.0,"turns":3.0},{"damage":12.0,"enemies":"Large Slime","floor":11.0,"turns":5.0},{"damage":1.0,"enemies":"Gremlin Gang","floor":14.0,"turns":3.0},{"damage":3.0,"enemies":"The Guardian","floor":16.0,"turns":12.0},{"damage":9,"enemies":"2 Thieves","floor":18,"turns":4},{"damage":5,"enemies":"3 Byrds","floor":19,"turns":5},{"damage":9,"enemies":"3 Cultists","floor":21,"turns":6},{"damage":34,"enemies":"Cultist and Chosen","floor":22,"turns":8},{"damage":2,"enemies":"Centurion and Healer","floor":24,"turns":9},{"damage":35,"enemies":"Slavers","floor":28,"turns":4}],"seed_played":"-846788211055739398","potions_obtained":[{"floor":7.0,"key":"AttackPotion"},{"floor":10.0,"key":"PowerPotion"},{"floor":14.0,"key":"EntropicBrew"},{"floor":19,"key":"PowerPotion"}],"is_trial":false,"path_per_floor":["M","$","?","?","M","R","E","T","T","M","M","R","$","M","R","B",null,"M","M","?","M","M","R","M","?","T","R"],"character_chosen":"DEFECT","items_purchased":["Capacitor"],"campfire_rested":1,"item_purchase_floors":[2],"current_hp_per_floor":[64,64,57,39,39,39,39,39,39,37,25,25,25,26,26,25,63,56,51,51,42,10,33,31,31,31,31,0],"gold":444,"neow_bonus":"THREE_ENEMY_KILL","is_prod":false,"is_daily":false,"chose_seed":false,"campfire_upgraded":1,"win_rate":0,"timestamp":1540668139,"path_taken":["M","$","?","?","?","R","E","?","T","?","?","R","?","M","R","BOSS","M","M","?","M","M","R","M","?","T","R","E"],"build_version":"2018-10-25v2","purchased_purges":1,"victory":false,"max_hp_per_floor":[71,71,71,71,71,71,71,71,71,71,71,71,71,73,73,75,75,77,77,77,77,79,79,79,79,79,79,79],"card_choices":[{"not_picked":["Compile Driver","Leap"],"picked":"Coolheaded","floor":1.0},{"not_picked":["Gash","Compile Driver"],"picked":"Barrage","floor":5.0},{"not_picked":["Skim","Heatsinks"],"picked":"Sweeping Beam","floor":7.0},{"not_picked":["Steam","Double Energy"],"picked":"Cold Snap","floor":10.0},{"not_picked":["Conserve Battery","Beam Cell"],"picked":"BootSequence","floor":11.0},{"not_picked":["Cold Snap","Double Energy","Rip and Tear"],"picked":"Singing Bowl","floor":14.0},{"not_picked":["Machine Learning","Seek","Fission"],"picked":"Singing Bowl","floor":16.0},{"not_picked":["Conserve Battery","Go for the Eyes","Beam Cell+1"],"picked":"Singing Bowl","floor":18},{"not_picked":["Coolheaded","Storm"],"picked":"Go for the Eyes+1","floor":19},{"not_picked":["Turbo","Leap"],"picked":"Cold Snap","floor":21},{"not_picked":["Conserve Battery","Aggregate","Steam Power"],"picked":"Singing Bowl","floor":22},{"not_picked":["Conserve Battery","Hello World"],"picked":"Skim","floor":24}],"player_experience":1034250,"relics_obtained":[{"floor":7.0,"key":"Shovel"},{"floor":8.0,"key":"Singing Bowl"},{"floor":9.0,"key":"Blue Candle"},{"floor":12.0,"key":"Mercury Hourglass"},{"floor":15.0,"key":"Orichalcum"},{"floor":26,"key":"Whetstone"},{"floor":27,"key":"Old Coin"}],"event_choices":[{"cards_removed":["Strike_B"],"damage_healed":0.0,"max_hp_gain":0.0,"max_hp_loss":0.0,"gold_gain":0.0,"event_name":"Golden Wing","player_choice":"Card Removal","floor":3.0,"gold_loss":0.0,"damage_taken":7.0},{"damage_healed":0.0,"max_hp_gain":0.0,"max_hp_loss":0.0,"gold_gain":0.0,"event_name":"Scrap Ooze","player_choice":"Success","floor":4.0,"gold_loss":0.0,"damage_taken":18.0,"relics_obtained":["Oddly Smooth Stone"]},{"cards_removed":["Strike_B"],"damage_healed":0,"gold_gain":0,"player_choice":"Gave Gold","damage_taken":0,"max_hp_gain":0,"max_hp_loss":0,"event_name":"Beggar","floor":20,"gold_loss":75},{"damage_healed":0,"gold_gain":0,"player_choice":"Opened","damage_taken":0,"relics_obtained":["Dodecahedron"],"max_hp_gain":0,"max_hp_loss":0,"event_name":"The Mausoleum","floor":25,"gold_loss":0,"cards_obtained":["Writhe"]}],"is_beta":false,"boss_relics":[{"not_picked":["Pandora\u0027s Box","Busted Crown"],"picked":"FrozenCore"}],"items_purged_floors":[13],"is_endless":false,"potions_floor_spawned":[7,10,14,19],"killed_by":"Slavers","ascension_level":20}