{"gold_per_floor":[111,122,29,29,29,60,60,93,147,147,163,163,183,208,208,310,310,324,344,48,48,66,98,98,110,110,110],"floor_reached":27,"playtime":1630,"items_purged":[],"score":364,"play_id":"161f1c53-42ff-4ade-8342-486d5860636c","local_time":"20190112182627","is_ascension_mode":true,"campfire_choices":[{"data":"Bash","floor":7.0,"key":"SMITH"},{"data":"Shrug It Off","floor":10.0,"key":"SMITH"},{"data":"Clothesline","floor":12.0,"key":"SMITH"},{"floor":15.0,"key":"REST"},{"data":"Dark Embrace","floor":24,"key":"SMITH"}],"neow_cost":"TEN_PERCENT_HP_LOSS","seed_source_timestamp":0,"circlet_count":0,"master_deck":["Strike_R","Strike_R","Strike_R","Strike_R","Strike_R","Defend_R","Defend_R","Defend_R","Defend_R","Bash+1","PanicButton","Magnetism+1","Dramatic Entrance","Ghostly Armor","Shrug It Off+1","Clothesline+1","Perfected Strike","Barricade","Dark Embrace+1","Whirlwind+1","Corruption","Shrug It Off","Sweeping Beam+1","After Image+1","Outmaneuver+1","Regret"],"special_seed":0,"relics":["Burning Blood","Red Skull","Anchor","Tiny Chest","Bottled Flame","Cursed Key","PrismaticShard","Frozen Egg 2","The Courier"],"potions_floor_usage":[19,19,23,27],"damage_taken":[{"damage":1.0,"enemies":"2 Louse","floor":1.0,"turns":3.0},{"damage":6.0,"enemies":"Cultist","floor":2.0,"turns":3.0},{"damage":22.0,"enemies":"Lagavulin","floor":6.0,"turns":7.0},{"damage":25.0,"enemies":"3 Sentries","floor":8.0,"turns":9.0},{"damage":2.0,"enemies":"Jaw Worm","floor":11.0,"turns":3.0},{"damage":6.0,"enemies":"Lots of Slimes","floor":13.0,"turns":4.0},{"damage":15.0,"enemies":"Lagavulin","floor":14.0,"turns":5.0},{"damage":3.0,"enemies":"Hexaghost","floor":16.0,"turns":21.0},{"damage":34,"enemies":"3 Byrds","floor":18,"turns":9},{"damage":0,"enemies":"2 Thieves","floor":19,"turns":1},{"damage":4,"enemies":"Centurion and Healer","floor":22,"turns":8},{"damage":25,"enemies":"Gremlin Leader","floor":23,"turns":7},{"damage":0,"enemies":"Snake Plant","floor":25,"turns":5},{"damage":42,"enemies":"Slavers","floor":27,"turns":4}],"seed_played":"4142062198412753383","potions_obtained":[{"floor":2.0,"key":"Strength Potion"},{"floor":11.0,"key":"Block Potion"},{"floor":13.0,"key":"FearPotion"},{"floor":16.0,"key":"FearPotion"},{"floor":18,"key":"Fire Potion"},{"floor":22,"key":"Swift Potion"}],"is_trial":false,"path_per_floor":["M","M","$","?","$","E","R","E","T","R","M","R","M","E","R","B",null,"M","M","$","?","M","E","R","M","T","E"],"character_chosen":"IRONCLAD","items_purchased":["Dramatic Entrance","PrismaticShard","Corruption","Shrug It Off"],"campfire_rested":1,"item_purchase_floors":[3,20,20,20],"current_hp_per_floor":[72,72,72,72,72,56,56,37,37,37,41,41,41,32,53,56,68,40,46,46,51,53,34,34,40,40,0],"gold":110,"neow_bonus":"RANDOM_COLORLESS_2","is_prod":false,"is_daily":false,"chose_seed":false,"campfire_upgraded":4,"win_rate":0,"timestamp":1547335587,"path_taken":["M","M","$","?","?","E","R","E","T","R","?","R","M","E","R","BOSS","M","M","$","?","M","E","R","M","T","E"],"build_version":"2019-01-10","purchased_purges":0,"victory":false,"max_hp_per_floor":[72,72,72,72,72,72,72,72,72,72,72,72,72,72,72,72,72,72,72,72,72,72,72,72,72,72,72],"card_choices":[{"not_picked":["Pummel","Heavy Blade","Armaments"],"picked":"SKIP","floor":1.0},{"not_picked":["Twin Strike","Blood for Blood","Anger"],"picked":"SKIP","floor":2.0},{"not_picked":["Headbutt","Twin Strike"],"picked":"Ghostly Armor","floor":6.0},{"not_picked":["Twin Strike","Shockwave"],"picked":"Shrug It Off","floor":8.0},{"not_picked":["Combust","Ghostly Armor"],"picked":"Clothesline","floor":11.0},{"not_picked":["Havoc","Dual Wield"],"picked":"Perfected Strike","floor":13.0},{"not_picked":["Clash","Clothesline"],"picked":"Barricade","floor":14.0},{"not_picked":["Offering","Exhume"],"picked":"Dark Embrace","floor":16.0},{"not_picked":["Infernal Blade","Armaments"],"picked":"Whirlwind+1","floor":18},{"not_picked":["Dual Wield","Cleave"],"picked":"Havoc","floor":19},{"not_picked":["Flex","Anger"],"picked":"Sweeping Beam+1","floor":22},{"not_picked":["Reckless Charge","Gash+1"],"picked":"After Image","floor":23},{"not_picked":["Go for the Eyes","Expertise"],"picked":"Outmaneuver+1","floor":25}],"player_experience":188042,"relics_obtained":[{"floor":6.0,"key":"Red Skull"},{"floor":8.0,"key":"Anchor"},{"floor":9.0,"key":"Tiny Chest"},{"floor":14.0,"key":"Bottled Flame"},{"floor":23,"key":"Frozen Egg 2"},{"floor":26,"key":"The Courier"}],"event_choices":[{"damage_healed":0.0,"max_hp_gain":0.0,"max_hp_loss":0.0,"gold_gain":0.0,"event_name":"Accursed Blacksmith","player_choice":"Forge","floor":4.0,"gold_loss":0.0,"damage_taken":0.0,"cards_upgraded":["Magnetism"]},{"cards_removed":["Havoc"],"damage_healed":5,"gold_gain":0,"player_choice":"Offered Common","damage_taken":0,"max_hp_gain":0,"max_hp_loss":0,"event_name":"Bonfire Elementals","floor":21,"gold_loss":0},{"cards_removed":["Havoc"],"damage_healed":5,"gold_gain":0,"player_choice":"Offered Special","damage_taken":0,"max_hp_gain":0,"max_hp_loss":0,"event_name":"Bonfire Elementals","floor":21,"gold_loss":0}],"is_beta":true,"boss_relics":[{"not_picked":["Runic Pyramid","Tiny House"],"picked":"Cursed Key"}],"items_purged_floors":[],"is_endless":false,"potions_floor_spawned":[2,11,13,16,18,22],"killed_by":"Slavers","ascension_level":9}