{"gold_per_floor":[109,109,29,29,49,49,64,96,96,96,108,108,108,125,125,125],"floor_reached":16,"playtime":612,"items_purged":[],"score":200,"play_id":"ef76fbb0-02d2-4459-9778-913d113d5c4e","local_time":"20190324200006","is_ascension_mode":true,"campfire_choices":[{"data":"Bash","floor":6.0,"key":"SMITH"},{"data":"Demon Form","floor":10.0,"key":"SMITH"},{"data":"Dual Wield","floor":15.0,"key":"SMITH"}],"neow_cost":"NONE","seed_source_timestamp":1006262359931566,"circlet_count":0,"master_deck":["AscendersBane","Strike_R","Strike_R","Strike_R","Strike_R","Defend_R","Defend_R","Defend_R","Defend_R","Bash+1","Power Through","Reaper","Evolve","Pommel Strike","Feel No Pain","Headbutt","Dual Wield+1","Demon Form+1","Sword Boomerang"],"special_seed":0,"relics":["Burning Blood","Sundial","Matryoshka","Ornamental Fan"],"potions_floor_usage":[16,16],"damage_taken":[{"damage":11.0,"enemies":"2 Louse","floor":1.0,"turns":3.0},{"damage":1.0,"enemies":"Cultist","floor":5.0,"turns":3.0},{"damage":26.0,"enemies":"Jaw Worm","floor":7.0,"turns":6.0},{"damage":32.0,"enemies":"Gremlin Nob","floor":8.0,"turns":4.0},{"damage":13.0,"enemies":"Red Slaver","floor":11.0,"turns":5.0},{"damage":16.0,"enemies":"Blue Slaver","floor":14.0,"turns":7.0},{"damage":21,"enemies":"The Guardian","floor":16,"turns":7}],"seed_played":"-3622018664352937187","potions_obtained":[{"floor":1.0,"key":"SpeedPotion"},{"floor":7.0,"key":"Explosive Potion"},{"floor":14.0,"key":"Weak Potion"}],"is_trial":false,"path_per_floor":["M","?","$","?","M","R","M","E","T","R","M","?","?","M","R","B"],"character_chosen":"IRONCLAD","items_purchased":["Feel No Pain"],"campfire_rested":0,"item_purchase_floors":[3],"current_hp_per_floor":[70,70,70,70,75,75,55,29,29,29,26,26,26,19,19,0],"gold":125,"neow_bonus":"TEN_PERCENT_HP_BONUS","is_prod":false,"is_daily":false,"chose_seed":false,"campfire_upgraded":3,"win_rate":0,"timestamp":1553472006,"path_taken":["M","?","?","?","?","R","M","E","T","R","M","?","?","M","R","BOSS"],"build_version":"2019-03-15","purchased_purges":0,"victory":false,"max_hp_per_floor":[82,82,82,82,82,82,82,82,82,82,82,82,82,82,82,82],"card_choices":[{"not_picked":["Entrench","Twin Strike"],"picked":"Power Through","floor":1.0},{"not_picked":["Anger","Rage"],"picked":"Dual Wield","floor":5.0},{"not_picked":["Anger","Perfected Strike","Flex"],"picked":"SKIP","floor":7.0},{"not_picked":["Pommel Strike","Warcry"],"picked":"Demon Form","floor":8.0},{"not_picked":["Dropkick","Cleave"],"picked":"Sword Boomerang","floor":11.0},{"not_picked":["Searing Blow","Thunderclap","Cleave"],"picked":"SKIP","floor":14.0}],"player_experience":1241513,"relics_obtained":[{"floor":8.0,"key":"Sundial"},{"floor":9.0,"key":"Matryoshka"}],"event_choices":[{"damage_healed":0.0,"max_hp_gain":0.0,"max_hp_loss":0.0,"gold_gain":0.0,"event_name":"Match and Keep!","player_choice":"3 cards matched","floor":2.0,"gold_loss":0.0,"damage_taken":0.0,"cards_obtained":["Reaper","Evolve","Pommel Strike"]},{"damage_healed":0.0,"max_hp_gain":0.0,"max_hp_loss":0.0,"gold_gain":0.0,"cards_transformed":["Strike_R"],"event_name":"Transmorgrifier","player_choice":"Transformed","floor":4.0,"gold_loss":0.0,"damage_taken":0.0,"cards_obtained":["Headbutt"]},{"damage_healed":0.0,"max_hp_gain":0.0,"max_hp_loss":0.0,"gold_gain":0.0,"event_name":"Dead Adventurer","player_choice":"Searched \u00271\u0027 times","floor":12.0,"gold_loss":0.0,"damage_taken":0.0,"relics_obtained":["Ornamental Fan"]},{"damage_healed":0.0,"max_hp_gain":0.0,"max_hp_loss":0.0,"gold_gain":0.0,"event_name":"Scrap Ooze","player_choice":"Fled","floor":13.0,"gold_loss":0.0,"damage_taken":0.0}],"is_beta":true,"boss_relics":[],"items_purged_floors":[],"is_endless":false,"potions_floor_spawned":[1,7,8,14],"killed_by":"The Guardian","ascension_level":20}