{"gold_per_floor":[114,39,39,55,75,102,102,27,27,46,46,46,64,95,95,166,166,143,159,74,74,84,84,96,96],"floor_reached":25,"playtime":1560,"items_purged":["Defend_R"],"score":451,"play_id":"b63e8465-aa76-4217-b2f9-78d472cc33c2","local_time":"20190219010951","is_ascension_mode":true,"campfire_choices":[{"data":"Searing Blow","floor":7.0,"key":"SMITH"},{"data":"Searing Blow+1","floor":12.0,"key":"SMITH"},{"data":"Searing Blow+2","floor":15.0,"key":"SMITH"},{"data":"Searing Blow+3","floor":23.0,"key":"SMITH"}],"neow_cost":"NONE","seed_source_timestamp":825193096630300,"circlet_count":0,"master_deck":["AscendersBane","Strike_R","Strike_R","Strike_R","Defend_R","Defend_R","Defend_R","Bash","Reaper","Flame Barrier","Armaments","Searing Blow+4","Metallicize","Parasite","Armaments","Disarm","Immolate","Shockwave","RitualDagger","Second Wind+1"],"special_seed":0,"relics":["Burning Blood","NeowsBlessing","Mango","Dead Branch","Strawberry","Eternal Feather","Blood Vial"],"potions_floor_usage":[25],"damage_taken":[{"damage":0.0,"enemies":"Jaw Worm","floor":1.0,"turns":1.0},{"damage":0.0,"enemies":"Small Slimes","floor":4.0,"turns":1.0},{"damage":0.0,"enemies":"Cultist","floor":5.0,"turns":1.0},{"damage":63.0,"enemies":"Gremlin Nob","floor":6.0,"turns":5.0},{"damage":36.0,"enemies":"Lots of Slimes","floor":10.0,"turns":7.0},{"damage":5.0,"enemies":"3 Louse","floor":13.0,"turns":5.0},{"damage":29.0,"enemies":"Lagavulin","floor":14.0,"turns":8.0},{"damage":26.0,"enemies":"Slime Boss","floor":16.0,"turns":8.0},{"damage":23.0,"enemies":"2 Thieves","floor":18.0,"turns":4.0},{"damage":15.0,"enemies":"Shell Parasite","floor":19.0,"turns":8.0},{"damage":32.0,"enemies":"Snake Plant","floor":22.0,"turns":4.0},{"damage":10.0,"enemies":"Centurion and Healer","floor":24.0,"turns":6.0},{"damage":43,"enemies":"Gremlin Leader","floor":25,"turns":4}],"seed_played":"-1268726208499655705","potions_obtained":[{"floor":1.0,"key":"Swift Potion"},{"floor":10.0,"key":"PowerPotion"},{"floor":19.0,"key":"SneckoOil"},{"floor":24.0,"key":"SkillPotion"}],"is_trial":false,"path_per_floor":["M","?","?","M","M","E","R","$","T","M","?","R","M","E","R","B",null,"M","M","?","?","M","R","M","E"],"character_chosen":"IRONCLAD","items_purchased":[],"campfire_rested":0,"item_purchase_floors":[],"current_hp_per_floor":[74,74,74,75,75,32,32,32,32,17,39,39,46,30,30,33,80,63,54,54,48,24,33,37,0],"gold":96,"neow_bonus":"THREE_ENEMY_KILL","is_prod":false,"is_daily":false,"chose_seed":false,"campfire_upgraded":4,"win_rate":0,"timestamp":1550556591,"path_taken":["M","?","?","?","M","E","R","?","T","M","?","R","M","E","R","BOSS","M","M","?","?","M","R","M","E"],"build_version":"2019-01-23","purchased_purges":1,"victory":false,"max_hp_per_floor":[75,75,75,75,75,89,89,89,89,89,89,89,89,96,96,96,96,96,96,96,96,96,96,96,96],"card_choices":[{"not_picked":["Spot Weakness","Intimidate","Iron Wave"],"picked":"SKIP","floor":1.0},{"not_picked":["Clash","Body Slam"],"picked":"Flame Barrier","floor":4.0},{"not_picked":["True Grit","Heavy Blade"],"picked":"Armaments","floor":5.0},{"not_picked":["Sentinel","Perfected Strike"],"picked":"Searing Blow","floor":6.0},{"not_picked":["Whirlwind","Combust"],"picked":"Metallicize","floor":10.0},{"not_picked":["Flex","Thunderclap"],"picked":"Armaments","floor":13.0},{"not_picked":["Pummel","Anger"],"picked":"Disarm","floor":14.0},{"not_picked":["Demon Form","Feed"],"picked":"Immolate","floor":16.0},{"not_picked":["Iron Wave+1","Anger"],"picked":"Shockwave","floor":18.0},{"not_picked":["Clothesline+1","Anger","Flex"],"picked":"SKIP","floor":19.0},{"not_picked":["Cleave","Warcry","Spot Weakness"],"picked":"SKIP","floor":22.0},{"not_picked":["Armaments","Infernal Blade"],"picked":"Second Wind+1","floor":24.0}],"player_experience":582241,"relics_obtained":[{"floor":6.0,"key":"Mango"},{"floor":9.0,"key":"Dead Branch"},{"floor":14.0,"key":"Strawberry"}],"event_choices":[{"cards_removed":["Strike_R"],"damage_healed":0.0,"max_hp_gain":0.0,"max_hp_loss":0.0,"gold_gain":0.0,"event_name":"The Cleric","player_choice":"Card Removal","floor":2.0,"gold_loss":75.0,"damage_taken":0.0},{"damage_healed":0.0,"max_hp_gain":0.0,"max_hp_loss":0.0,"gold_gain":0.0,"cards_transformed":["Strike_R"],"event_name":"Transmorgrifier","player_choice":"Transformed","floor":3.0,"gold_loss":0.0,"damage_taken":0.0,"cards_obtained":["Reaper"]},{"damage_healed":22.0,"max_hp_gain":0.0,"max_hp_loss":0.0,"gold_gain":0.0,"event_name":"Mushrooms","player_choice":"Healed and dodged fight","floor":11.0,"gold_loss":0.0,"damage_taken":0.0,"cards_obtained":["Parasite"]},{"damage_healed":0.0,"max_hp_gain":0.0,"max_hp_loss":0.0,"gold_gain":0.0,"event_name":"Addict","player_choice":"Obtained Relic","floor":20.0,"gold_loss":85.0,"damage_taken":0.0,"relics_obtained":["Blood Vial"]},{"damage_healed":0.0,"max_hp_gain":0.0,"max_hp_loss":0.0,"gold_gain":0.0,"event_name":"Nest","player_choice":"Joined the Cult","floor":21.0,"gold_loss":0.0,"damage_taken":6.0,"cards_obtained":["RitualDagger"]}],"is_beta":false,"boss_relics":[{"not_picked":["Runic Cube","Busted Crown"],"picked":"Eternal Feather"}],"items_purged_floors":[8],"is_endless":false,"potions_floor_spawned":[1,10,19,24],"killed_by":"Gremlin Leader","ascension_level":20}