{"gold_per_floor":[118,137,137,74,87,87,103,103,103,134,146,179,179,45,45,122,122,142,173,13,13,13,13,13],"floor_reached":24,"playtime":889,"items_purged":[],"score":404,"play_id":"2521c332-c200-412c-aab8-b92ff7b8aba0","local_time":"20181103215553","is_ascension_mode":true,"campfire_choices":[{"floor":6.0,"key":"REST"},{"floor":8.0,"key":"REST"},{"data":"Neutralize","floor":15.0,"key":"SMITH"},{"floor":23.0,"key":"REST"}],"neow_cost":"NONE","seed_source_timestamp":0,"circlet_count":0,"master_deck":["AscendersBane","Defend_G","Defend_G","Defend_G","Defend_G+1","Defend_G","Strike_G","Strike_G+1","Strike_G","Strike_G","Strike_G","Survivor","Neutralize+1","Deep Breath","Flying Knee","Deadly Poison","Acrobatics+1","Bouncing Flask+1","Footwork+1","Caltrops+1","Catalyst+1","Noxious Fumes+1","PiercingWail+1","Burst+1","PiercingWail+1","Shame"],"special_seed":0,"relics":["Ring of the Snake","Toxic Egg 2","Shuriken","Frozen Egg 2","Anchor","Busted Crown","Red Mask","Snake Skull","Juzu Bracelet"],"potions_floor_usage":[24],"damage_taken":[{"damage":0.0,"enemies":"2 Louse","floor":1.0,"turns":3.0},{"damage":9.0,"enemies":"Small Slimes","floor":2.0,"turns":4.0},{"damage":1.0,"enemies":"Cultist","floor":5.0,"turns":4.0},{"damage":14.0,"enemies":"Gremlin Gang","floor":7.0,"turns":6.0},{"damage":19.0,"enemies":"Lagavulin","floor":10.0,"turns":6.0},{"damage":3.0,"enemies":"Looter","floor":11.0,"turns":4.0},{"damage":11.0,"enemies":"Gremlin Nob","floor":12.0,"turns":3.0},{"damage":16.0,"enemies":"The Guardian","floor":16.0,"turns":7.0},{"damage":6.0,"enemies":"2 Thieves","floor":18.0,"turns":5.0},{"damage":36.0,"enemies":"Masked Bandits","floor":19.0,"turns":4.0},{"damage":0,"enemies":"Colosseum Slavers","floor":24,"turns":5},{"damage":37,"enemies":"Colosseum Nobs","floor":24,"turns":4}],"seed_played":"-5471372597794656165","potions_obtained":[{"floor":7.0,"key":"LiquidBronze"},{"floor":10.0,"key":"Poison Potion"},{"floor":12.0,"key":"EntropicBrew"},{"floor":16.0,"key":"Fruit Juice"},{"floor":18.0,"key":"SkillPotion"},{"floor":19.0,"key":"Block Potion"}],"is_trial":false,"path_per_floor":["M","M","?","?","M","R","M","R","T","E","M","E","?","$","R","B",null,"M","?","$","?","?","R","?"],"character_chosen":"THE_SILENT","items_purchased":["Noxious Fumes+1","PiercingWail+1","Snake Skull"],"campfire_rested":3,"item_purchase_floors":[14,14,20],"current_hp_per_floor":[59,50,30,30,29,48,34,53,53,34,31,20,20,20,20,4,51,45,14,14,14,14,35,0],"gold":13,"neow_bonus":"RANDOM_COLORLESS","is_prod":false,"is_daily":false,"chose_seed":false,"campfire_upgraded":1,"win_rate":0,"timestamp":1541296553,"path_taken":["M","M","?","?","?","R","?","R","T","E","M","E","?","?","R","BOSS","M","?","$","?","?","R","?"],"build_version":"2018-11-02","purchased_purges":0,"victory":false,"max_hp_per_floor":[66,66,66,66,66,66,66,66,66,66,66,66,66,66,66,66,66,66,71,71,71,71,71,71],"card_choices":[{"not_picked":["PiercingWail","Quick Slash"],"picked":"Flying Knee","floor":1.0},{"not_picked":["Dagger Throw","Bane"],"picked":"Deadly Poison","floor":2.0},{"not_picked":["Underhanded Strike","Eviscerate"],"picked":"Acrobatics+1","floor":5.0},{"not_picked":["Unload","Dodge and Roll+1"],"picked":"Bouncing Flask+1","floor":7.0},{"not_picked":["Adrenaline+1","Noxious Fumes"],"picked":"Footwork","floor":10.0},{"not_picked":["Deadly Poison+1","Bane"],"picked":"Caltrops+1","floor":11.0},{"not_picked":["Infinite Blades+1","Heel Hook"],"picked":"Catalyst+1","floor":12.0},{"not_picked":["Unload","Glass Knife"],"picked":"Burst+1","floor":16.0},{"not_picked":[],"picked":"PiercingWail+1","floor":18.0}],"player_experience":826344,"relics_obtained":[{"floor":9.0,"key":"Shuriken"},{"floor":10.0,"key":"Frozen Egg 2"},{"floor":12.0,"key":"Anchor"},{"floor":19.0,"key":"Red Mask"}],"event_choices":[{"damage_healed":0.0,"max_hp_gain":0.0,"max_hp_loss":0.0,"gold_gain":0.0,"event_name":"Shining Light","player_choice":"Entered Light","floor":3.0,"gold_loss":0.0,"damage_taken":20.0,"cards_upgraded":["Defend_G","Strike_G"]},{"damage_healed":0.0,"max_hp_gain":0.0,"max_hp_loss":0.0,"gold_gain":0.0,"event_name":"WeMeetAgain","player_choice":"Paid Gold","floor":4.0,"gold_loss":63.0,"damage_taken":0.0,"relics_obtained":["Toxic Egg 2"]},{"damage_healed":0.0,"max_hp_gain":0.0,"max_hp_loss":0.0,"gold_gain":0.0,"event_name":"Liars Game","player_choice":"Ignored","floor":13.0,"gold_loss":0.0,"damage_taken":0.0},{"damage_healed":0.0,"max_hp_gain":0.0,"max_hp_loss":0.0,"gold_gain":0.0,"event_name":"Masked Bandits","player_choice":"Fought Bandits","floor":19.0,"gold_loss":0.0,"damage_taken":0.0},{"damage_healed":0.0,"max_hp_gain":0.0,"max_hp_loss":0.0,"gold_gain":0.0,"event_name":"Addict","player_choice":"Stole Relic","floor":21.0,"gold_loss":0.0,"damage_taken":0.0,"relics_obtained":["Juzu Bracelet"],"cards_obtained":["Shame"]},{"damage_healed":0.0,"max_hp_gain":0.0,"max_hp_loss":0.0,"gold_gain":0.0,"event_name":"Cursed Tome","player_choice":"Ignored","floor":22.0,"gold_loss":0.0,"damage_taken":0.0},{"damage_healed":0,"gold_gain":0,"player_choice":"Fight","damage_taken":0,"max_hp_gain":0,"max_hp_loss":0,"event_name":"Colosseum","floor":24,"gold_loss":0},{"damage_healed":0,"gold_gain":0,"player_choice":"Fought Nobs","damage_taken":0,"max_hp_gain":0,"max_hp_loss":0,"event_name":"Colosseum","floor":24,"gold_loss":0}],"is_beta":true,"boss_relics":[{"not_picked":["Tiny House","HoveringKite"],"picked":"Busted Crown"}],"items_purged_floors":[],"is_endless":false,"potions_floor_spawned":[7,10,12,16,18,19,24],"killed_by":"Colosseum Nobs","ascension_level":20}