{"gold_per_floor":[368,388,388,401,123,158,158,190,241,241,89,89,164,181,181,281,281,294,294,310,328,6,6,17,17,17,17,36,36,36,68,68,172,172,184,134,154,82,100,128,0,112,124,136,148,177,189,201,213,225,237,249,8,43,43],"floor_reached":55,"playtime":4002,"items_purged":["Strike_B","Strike_B","Pain","Strike_B+1","Defend_B"],"score":1139,"play_id":"2f8bd432-fe27-452a-b400-e88b5e85af7e","local_time":"20181224191335","is_ascension_mode":true,"campfire_choices":[{"floor":7.0,"key":"REST"},{"floor":12.0,"key":"REST"},{"data":"Zap","floor":15.0,"key":"SMITH"},{"data":"Sunder","floor":23.0,"key":"SMITH"},{"data":"Hologram","floor":25.0,"key":"SMITH"},{"floor":29.0,"key":"REST"},{"floor":32.0,"key":"REST"},{"floor":45.0,"key":"RECALL"},{"floor":47.0,"key":"REST"},{"floor":49.0,"key":"REST"},{"floor":52.0,"key":"REST"}],"neow_cost":"TEN_PERCENT_HP_LOSS","seed_source_timestamp":0,"circlet_count":0,"master_deck":["AscendersBane","Defend_B","Defend_B","Defend_B","Zap+1","Dualcast+1","Sunder+1","Gash","Rebound","All For One","Hologram+1","Go for the Eyes","Gash","Gash","Gash","Machine Learning","Gash","Stack+1","Reprogram","Reinforced Body+1","Necronomicurse","All For One","Doom and Gloom+1","Gash","Coolheaded+1","Reprogram+1","Coolheaded+1","Madness","Madness","Flash of Steel","Violence","Go for the Eyes"],"special_seed":0,"relics":["Cracked Core","Meat on the Bone","Anchor","DataDisk","Philosopher\u0027s Stone","WarpedTongs","Medical Kit","Pear","Necronomicon","Smiling Mask","Fusion Hammer","MawBank","Red Mask","Calipers","Blood Vial","Bird Faced Urn"],"potions_floor_usage":[55,55,55],"damage_taken":[{"damage":4.0,"enemies":"Jaw Worm","floor":1.0,"turns":4.0},{"damage":7.0,"enemies":"Small Slimes","floor":2.0,"turns":3.0},{"damage":0.0,"enemies":"Cultist","floor":4.0,"turns":2.0},{"damage":30.0,"enemies":"3 Sentries","floor":6.0,"turns":7.0},{"damage":25.0,"enemies":"Lagavulin","floor":8.0,"turns":6.0},{"damage":0.0,"enemies":"Gremlin Gang","floor":14.0,"turns":3.0},{"damage":26.0,"enemies":"The Guardian","floor":16.0,"turns":7.0},{"damage":0.0,"enemies":"3 Byrds","floor":18.0,"turns":4.0},{"damage":6.0,"enemies":"Shell Parasite","floor":20.0,"turns":2.0},{"damage":18.0,"enemies":"3 Cultists","floor":21.0,"turns":4.0},{"damage":9.0,"enemies":"Centurion and Healer","floor":24.0,"turns":4.0},{"damage":27.0,"enemies":"Snecko","floor":28.0,"turns":4.0},{"damage":15.0,"enemies":"Book of Stabbing","floor":31.0,"turns":3.0},{"damage":41.0,"enemies":"Collector","floor":33.0,"turns":6.0},{"damage":7.0,"enemies":"Orb Walker","floor":35.0,"turns":3.0},{"damage":14.0,"enemies":"3 Darklings","floor":37.0,"turns":3.0},{"damage":31.0,"enemies":"Maw","floor":39.0,"turns":3.0},{"damage":0.0,"enemies":"Giant Head","floor":40.0,"turns":3.0},{"damage":0.0,"enemies":"Mind Bloom Boss Battle","floor":42.0,"turns":2.0},{"damage":0.0,"enemies":"Transient","floor":46.0,"turns":5.0},{"damage":49.0,"enemies":"Donu and Deca","floor":50.0,"turns":6.0},{"damage":18.0,"enemies":"Shield and Spear","floor":54.0,"turns":3.0},{"damage":65,"enemies":"The Heart","floor":55,"turns":5}],"seed_played":"2563217114710350248","potions_obtained":[{"floor":4.0,"key":"Swift Potion"},{"floor":14.0,"key":"SpeedPotion"},{"floor":16.0,"key":"Energy Potion"},{"floor":18.0,"key":"Energy Potion"},{"floor":20.0,"key":"SpeedPotion"},{"floor":21.0,"key":"Energy Potion"},{"floor":33.0,"key":"LiquidBronze"},{"floor":42.0,"key":"Swift Potion"},{"floor":54.0,"key":"Explosive Potion"}],"is_trial":false,"path_per_floor":["M","M","?","M","$","E","R","E","T","?","$","R","?","M","R","B",null,"M","?","M","M","$","R","M","R","T","$","M","R","?","E","R","B",null,"M","$","M","$","M","E","?","?","T","T","R","M","R","?","R","B",null,"R","$","E","B"],"character_chosen":"DEFECT","items_purchased":["All For One","Hologram","Gash","Medical Kit","Gash","Flash of Steel","Violence"],"campfire_rested":7,"item_purchase_floors":[5,5,11,22,38,53,53],"current_hp_per_floor":[64,57,43,43,43,13,33,20,20,13,13,33,22,34,34,20,56,56,56,50,44,44,44,35,35,45,45,30,53,37,34,57,28,66,59,59,45,45,26,38,38,50,50,50,50,52,75,65,78,41,69,78,78,60,0],"gold":43,"neow_bonus":"TWO_FIFTY_GOLD","is_prod":false,"is_daily":false,"chose_seed":false,"campfire_upgraded":3,"win_rate":0,"timestamp":1545696815,"path_taken":["M","M","?","M","$","E","R","E","T","?","$","R","?","M","R","BOSS","M","?","M","?","$","R","?","R","T","$","M","R","?","E","R","BOSS","M","$","M","$","M","E","?","?","T","?","R","M","R","?","R","BOSS","R","$","E","BOSS"],"build_version":"2018-12-20","purchased_purges":5,"victory":false,"max_hp_per_floor":[68,68,68,68,68,68,68,68,68,68,68,68,68,68,68,68,68,68,68,68,68,68,68,68,68,78,78,78,78,78,78,78,78,78,78,78,78,78,78,78,78,78,78,78,78,78,78,78,78,78,78,78,78,78,78],"card_choices":[{"not_picked":["Streamline","Turbo"],"picked":"Sunder","floor":1.0},{"not_picked":["Ball Lightning","Hologram"],"picked":"Gash","floor":2.0},{"not_picked":["Chill","Redo"],"picked":"Rebound","floor":4.0},{"not_picked":["Streamline","Thunder Strike"],"picked":"Go for the Eyes","floor":6.0},{"not_picked":["Hologram","Steam"],"picked":"Gash","floor":8.0},{"not_picked":["Static Discharge","Hologram"],"picked":"Gash","floor":14.0},{"not_picked":["Reboot","Amplify"],"picked":"Machine Learning","floor":16.0},{"not_picked":["Streamline","Compile Driver","Redo"],"picked":"SKIP","floor":18.0},{"not_picked":["Leap","Sweeping Beam+1"],"picked":"Gash","floor":20.0},{"not_picked":["Sweeping Beam","Barrage+1"],"picked":"Stack+1","floor":21.0},{"not_picked":["Aggregate","Coolheaded"],"picked":"Reprogram","floor":24.0},{"not_picked":["Steam","Beam Cell"],"picked":"Reinforced Body+1","floor":28.0},{"not_picked":["Tempest","Redo","Multi-Cast"],"picked":"SKIP","floor":31.0},{"not_picked":["Buffer","Seek"],"picked":"All For One","floor":33.0},{"not_picked":["Genetic Algorithm+1","Lockon","Redo"],"picked":"SKIP","floor":35.0},{"not_picked":["Turbo+1","Doom and Gloom+1","Aggregate"],"picked":"SKIP","floor":37.0},{"not_picked":["Turbo+1","Aggregate"],"picked":"Doom and Gloom+1","floor":37.0},{"not_picked":["Steam","Redo"],"picked":"Coolheaded+1","floor":39.0},{"not_picked":["Steam Power","Conserve Battery+1"],"picked":"Reprogram+1","floor":40.0},{"not_picked":["Redo","Consume"],"picked":"Coolheaded+1","floor":46.0},{"not_picked":["Stack+1","Loop"],"picked":"Go for the Eyes","floor":54.0}],"player_experience":339627,"relics_obtained":[{"floor":6.0,"key":"Meat on the Bone"},{"floor":8.0,"key":"Anchor"},{"floor":9.0,"key":"DataDisk"},{"floor":26.0,"key":"Pear"},{"floor":30.0,"key":"Necronomicon"},{"floor":31.0,"key":"Smiling Mask"},{"floor":40.0,"key":"MawBank"},{"floor":42.0,"key":"Calipers"},{"floor":44.0,"key":"Blood Vial"},{"floor":54.0,"key":"Bird Faced Urn"}],"event_choices":[{"damage_healed":0.0,"max_hp_gain":0.0,"max_hp_loss":0.0,"gold_gain":0.0,"event_name":"Shining Light","player_choice":"Entered Light","floor":3.0,"gold_loss":0.0,"damage_taken":14.0,"cards_upgraded":["Dualcast","Strike_B"]},{"cards_removed":["Strike_B"],"damage_healed":0.0,"max_hp_gain":0.0,"max_hp_loss":0.0,"gold_gain":0.0,"event_name":"Golden Wing","player_choice":"Card Removal","floor":10.0,"gold_loss":0.0,"damage_taken":7.0},{"damage_healed":0.0,"max_hp_gain":0.0,"max_hp_loss":0.0,"gold_gain":75.0,"event_name":"World of Goop","player_choice":"Gather Gold","floor":13.0,"gold_loss":0.0,"damage_taken":11.0},{"damage_healed":0.0,"max_hp_gain":0.0,"max_hp_loss":0.0,"gold_gain":0.0,"event_name":"Accursed Blacksmith","player_choice":"Rummage","floor":19.0,"gold_loss":0.0,"damage_taken":0.0,"relics_obtained":["WarpedTongs"],"cards_obtained":["Pain"]},{"damage_healed":0.0,"max_hp_gain":0.0,"max_hp_loss":0.0,"gold_gain":0.0,"event_name":"Cursed Tome","player_choice":"Obtained Book","floor":30.0,"gold_loss":0.0,"damage_taken":16.0},{"damage_healed":0.0,"max_hp_gain":0.0,"max_hp_loss":0.0,"gold_gain":0.0,"event_name":"Tomb of Lord Red Mask","player_choice":"Paid","floor":41.0,"gold_loss":140.0,"damage_taken":0.0,"relics_obtained":["Red Mask"]},{"damage_healed":0.0,"max_hp_gain":0.0,"max_hp_loss":0.0,"gold_gain":0.0,"event_name":"MindBloom","player_choice":"Fight","floor":42.0,"gold_loss":0.0,"damage_taken":0.0},{"damage_healed":0.0,"max_hp_gain":0.0,"max_hp_loss":0.0,"gold_gain":0.0,"event_name":"Winding Halls","player_choice":"Embrace Madness","floor":48.0,"gold_loss":0.0,"damage_taken":10.0,"cards_obtained":["Madness","Madness"]}],"is_beta":false,"boss_relics":[{"not_picked":["Inserter","Astrolabe"],"picked":"Philosopher\u0027s Stone"},{"not_picked":["Velvet Choker","Runic Pyramid"],"picked":"Fusion Hammer"}],"items_purged_floors":[5,11,22,36,38],"is_endless":false,"potions_floor_spawned":[4,14,16,18,20,21,28,33,39,40,42,54],"killed_by":"The Heart","ascension_level":10}