{"path_per_floor":["M","$","M","M","$","R","M","M","T","R","M","M","M","?","R","B",null,"M","$","M","M","M","R"],"character_chosen":"DEFECT","items_purchased":["Compile Driver","Cold Snap","Bronze Scales"],"gold_per_floor":[114,14,26,39,15,15,34,50,74,74,88,106,117,117,117,237,237,232,87,100,118,141,141,141],"floor_reached":24,"campfire_rested":1,"playtime":824,"item_purchase_floors":[2,5,19],"current_hp_per_floor":[75,75,73,72,72,72,64,64,64,64,52,38,27,9,31,9,75,65,65,75,54,59,59,0],"items_purged":["Strike_B"],"gold":141,"score":194,"play_id":"8691a2cd-e446-4f3f-a9bf-a9fa22d1c9bb","local_time":"20180609055522","is_prod":false,"is_daily":false,"chose_seed":false,"is_ascension_mode":false,"campfire_upgraded":3,"win_rate":0.0,"timestamp":1528548922,"campfire_choices":[{"data":"Streamline","floor":6,"key":"SMITH"},{"data":"Melter","floor":10,"key":"SMITH"},{"floor":15,"key":"REST"},{"data":"Static Discharge","floor":23,"key":"SMITH"}],"path_taken":["M","$","M","M","$","R","M","M","T","R","M","M","M","?","R","BOSS","M","$","M","M","M","R","M"],"build_version":"2018-06-07v3","seed_source_timestamp":1489221915133010,"purchased_purges":1,"victory":false,"master_deck":["Strike_B","Defend_B","Defend_B","Defend_B","Zap","Dualcast","Melter+1","Compile Driver","Streamline+1","Cold Snap","Defragment","Static Discharge+1","Thunder Strike","Buffer","Self Repair+1","Rainbow+1","Buffer+1","Hologram+1","Ball Lightning+1","Ball Lightning+1"],"max_hp_per_floor":[75,75,75,75,75,75,75,75,75,75,75,75,75,75,75,75,75,75,75,75,75,75,75,75],"relics":["Cracked Core","Happy Flower","Golden Idol","Astrolabe","Bronze Scales"],"card_choices":[{"not_picked":["Stack","Barrage"],"picked":"Melter","floor":1},{"not_picked":["Steam","Leap","Stack"],"picked":"SKIP","floor":3},{"not_picked":["Steam","Stack"],"picked":"Streamline","floor":4},{"not_picked":["Conserve Battery","Thunder Strike","Skim"],"picked":"SKIP","floor":7},{"not_picked":["Leap","Self Repair"],"picked":"Defragment","floor":8},{"not_picked":["Barrage","Go for the Eyes","Coolheaded"],"picked":"SKIP","floor":11},{"not_picked":["Chill","Streamline"],"picked":"Static Discharge","floor":12},{"not_picked":["Loop","Ball Lightning"],"picked":"Thunder Strike","floor":13},{"not_picked":["Core Surge","Rainbow"],"picked":"Buffer","floor":16},{"not_picked":["Turbo+1","Conserve Battery+1"],"picked":"Hologram+1","floor":18},{"not_picked":["Stack","Go for the Eyes"],"picked":"Ball Lightning+1","floor":20},{"not_picked":["Consume","Hello World+1"],"picked":"Ball Lightning+1","floor":21},{"not_picked":["Sweeping Beam+1","Compile Driver","Coolheaded"],"picked":"SKIP","floor":22}],"player_experience":166617,"potions_floor_usage":[12,12,21,22],"damage_taken":[{"damage":0,"enemies":"2 Louse","floor":1,"turns":3},{"damage":2,"enemies":"Small Slimes","floor":3,"turns":4},{"damage":1,"enemies":"Jaw Worm","floor":4,"turns":2},{"damage":8,"enemies":"Exordium Thugs","floor":7,"turns":4},{"damage":0,"enemies":"Large Slime","floor":8,"turns":3},{"damage":12,"enemies":"Blue Slaver","floor":11,"turns":2},{"damage":14,"enemies":"Exordium Thugs","floor":12,"turns":2},{"damage":11,"enemies":"3 Louse","floor":13,"turns":3},{"damage":22,"enemies":"Slime Boss","floor":16,"turns":8},{"damage":20,"enemies":"2 Thieves","floor":18,"turns":4},{"damage":0,"enemies":"Chosen","floor":20,"turns":6},{"damage":21,"enemies":"Snake Plant","floor":21,"turns":2},{"damage":5,"enemies":"Centurion and Healer","floor":22,"turns":6},{"damage":59,"enemies":"Slaver and Parasite","floor":24,"turns":3}],"relics_obtained":[{"floor":9,"key":"Happy Flower"}],"event_choices":[{"event_name":"Golden Idol","player_choice":"Take Damage","floor":14,"damage_taken":0}],"boss_relics":[{"not_picked":["Velvet Choker","White Beast Statue"],"picked":"Astrolabe"}],"items_purged_floors":[2],"potions_floor_spawned":[1,8,11,20,21],"seed_played":"7319572632180052360","killed_by":"Slaver and Parasite","ascension_level":0,"potions_obtained":[{"floor":1,"key":"Dexterity Potion"},{"floor":8,"key":"FocusPotion"},{"floor":11,"key":"Explosive Potion"},{"floor":20,"key":"Fire Potion"},{"floor":21,"key":"AttackPotion"}],"is_trial":false}