{"gold_per_floor":[115,3,3,16,16,16,48,48,98,110,172,172,183,200,200,277,277,297,12,42,42,53,53,1,1,1,14,31,49,49,59,59,133,133,147,160,178,198,198,198,198,198,198,216,234,246,14,30,30,30],"floor_reached":51,"playtime":4822,"items_purged":["Strike_B","Strike_B"],"score":1255,"play_id":"ec438241-bedf-4552-9180-f7bbee4a1da4","local_time":"20190114225638","is_ascension_mode":true,"campfire_choices":[{"data":"Zap","floor":6.0,"key":"SMITH"},{"data":"Dualcast","floor":8.0,"key":"SMITH"},{"data":"Coolheaded","floor":12.0,"key":"SMITH"},{"data":"Darkness","floor":15.0,"key":"SMITH"},{"data":"Hologram","floor":23.0,"key":"SMITH"},{"data":"Hologram","floor":25.0,"key":"SMITH"},{"floor":30.0,"key":"REST"},{"data":"Coolheaded","floor":32.0,"key":"SMITH"},{"data":"Hologram","floor":40.0,"key":"SMITH"},{"data":"Tempest","floor":41.0,"key":"SMITH"},{"floor":42.0,"key":"REST"},{"floor":49,"key":"REST"}],"neow_cost":"NONE","seed_source_timestamp":0,"circlet_count":0,"master_deck":["AscendersBane","Defend_B","Defend_B","Defend_B","Defend_B","Zap+1","Dualcast+1","Doom and Gloom","BootSequence","FTL","Coolheaded+1","Tempest+1","Darkness+1","Hyperbeam","Coolheaded+1","Apotheosis","Conserve Battery","Hologram+1","Hologram+1","Coolheaded+1","Redo+1","Rebound+1","Core Surge","Sunder+1","Hologram+1","Conserve Battery+1","Sweeping Beam+1","Core Surge","Reinforced Body+1","Loop","Coolheaded+1"],"special_seed":0,"relics":["Cracked Core","NeowsBlessing","Strawberry","Pen Nib","WingedGreaves","Snecko Eye","Red Mask","Mercury Hourglass","Gremlin Horn","Philosopher\u0027s Stone","Gambling Chip","Chemical X"],"potions_floor_usage":[48,50],"damage_taken":[{"damage":0.0,"enemies":"Jaw Worm","floor":1.0,"turns":1.0},{"damage":0.0,"enemies":"Cultist","floor":4.0,"turns":1.0},{"damage":0.0,"enemies":"Gremlin Nob","floor":7.0,"turns":1.0},{"damage":0.0,"enemies":"2 Louse","floor":10.0,"turns":2.0},{"damage":20.0,"enemies":"Lagavulin Event","floor":11.0,"turns":5.0},{"damage":0.0,"enemies":"Large Slime","floor":13.0,"turns":4.0},{"damage":1.0,"enemies":"Blue Slaver","floor":14.0,"turns":3.0},{"damage":18.0,"enemies":"The Guardian","floor":16.0,"turns":8.0},{"damage":26.0,"enemies":"Chosen","floor":18.0,"turns":7.0},{"damage":2.0,"enemies":"Masked Bandits","floor":20.0,"turns":2.0},{"damage":0.0,"enemies":"3 Byrds","floor":22.0,"turns":3.0},{"damage":0.0,"enemies":"Centurion and Healer","floor":27.0,"turns":3.0},{"damage":5.0,"enemies":"Snecko","floor":28.0,"turns":4.0},{"damage":10.0,"enemies":"Cultist and Chosen","floor":29.0,"turns":5.0},{"damage":3.0,"enemies":"Shelled Parasite and Fungi","floor":31.0,"turns":2.0},{"damage":13.0,"enemies":"Champ","floor":33.0,"turns":7.0},{"damage":0.0,"enemies":"3 Shapes","floor":35.0,"turns":3.0},{"damage":0.0,"enemies":"3 Darklings","floor":36.0,"turns":2.0},{"damage":1.0,"enemies":"4 Shapes","floor":37.0,"turns":3.0},{"damage":38.0,"enemies":"Transient","floor":38.0,"turns":5.0},{"damage":60,"enemies":"Writhing Mass","floor":44,"turns":4},{"damage":0,"enemies":"3 Darklings","floor":45,"turns":2},{"damage":0,"enemies":"Spire Growth","floor":46,"turns":4},{"damage":0,"enemies":"Transient","floor":48,"turns":5},{"damage":0,"enemies":"Awakened One","floor":50,"turns":8}],"seed_played":"-5990582659827188771","potions_obtained":[{"floor":4.0,"key":"Energy Potion"},{"floor":13.0,"key":"SmokeBomb"},{"floor":18.0,"key":"EssenceOfSteel"},{"floor":27.0,"key":"Explosive Potion"},{"floor":31.0,"key":"Poison Potion"},{"floor":33.0,"key":"FearPotion"},{"floor":35.0,"key":"Regen Potion"},{"floor":44,"key":"SpeedPotion"},{"floor":48,"key":"AttackPotion"}],"is_trial":false,"path_per_floor":["M","$","?","M","?","R","E","R","T","M","?","R","M","M","R","B",null,"M","$","?","?","M","R","$","R","T","M","M","M","R","M","R","B",null,"M","M","M","M","?","R","R","R","T","M","M","M","$","M","R","B",null],"character_chosen":"DEFECT","items_purchased":["Doom and Gloom","Apotheosis","Hologram","Chemical X","Loop"],"campfire_rested":3,"item_purchase_floors":[2,19,24,47,47],"current_hp_per_floor":[64,64,64,64,57,57,64,64,64,64,44,44,44,43,43,25,65,39,39,37,37,37,37,37,37,37,37,32,22,45,42,42,29,66,66,66,65,42,42,42,42,65,65,5,5,5,5,5,28,28],"gold":30,"neow_bonus":"THREE_ENEMY_KILL","is_prod":false,"is_daily":false,"chose_seed":false,"campfire_upgraded":9,"win_rate":0,"timestamp":1547524598,"path_taken":["M","$","?","?","?","R","E","R","T","M","?","R","M","M","R","BOSS","M","$","?","?","M","R","$","R","T","M","M","?","R","M","R","BOSS","M","M","M","M","?","R","R","R","T","M","M","M","$","?","R","BOSS"],"build_version":"2019-01-10","purchased_purges":2,"victory":true,"max_hp_per_floor":[71,71,71,71,71,71,78,78,78,78,78,78,78,78,78,78,78,78,78,78,78,78,78,78,78,78,78,78,78,78,78,78,78,78,78,78,78,78,78,78,78,78,78,78,78,78,78,78,78,78],"card_choices":[{"not_picked":["Compile Driver","Stack","Consume"],"picked":"SKIP","floor":1.0},{"not_picked":["Compile Driver","Streamline"],"picked":"BootSequence","floor":4.0},{"not_picked":["Steam","Aggregate"],"picked":"FTL","floor":7.0},{"not_picked":["Consume","Beam Cell","Heatsinks"],"picked":"SKIP","floor":10.0},{"not_picked":["Steam","Storm"],"picked":"Coolheaded","floor":11.0},{"not_picked":["Conserve Battery","Scrape"],"picked":"Tempest","floor":13.0},{"not_picked":["Melter","Beam Cell"],"picked":"Darkness","floor":14.0},{"not_picked":["Amplify","Thunder Strike"],"picked":"Hyperbeam","floor":16.0},{"not_picked":["Cold Snap","Blizzard"],"picked":"Coolheaded+1","floor":18.0},{"not_picked":["Force Field","Stack"],"picked":"Conserve Battery","floor":20.0},{"not_picked":["Heatsinks","Beam Cell"],"picked":"Hologram","floor":22.0},{"not_picked":["Leap","Static Discharge"],"picked":"Coolheaded","floor":27.0},{"not_picked":["Barrage","Auto Shields","Beam Cell"],"picked":"SKIP","floor":28.0},{"not_picked":["Rebound","Conserve Battery"],"picked":"Redo+1","floor":29.0},{"not_picked":["Gash","Rebound+1","Double Energy"],"picked":"SKIP","floor":31.0},{"not_picked":["Gash","Double Energy"],"picked":"Rebound+1","floor":31.0},{"not_picked":["Biased Cognition","Buffer"],"picked":"Core Surge","floor":33.0},{"not_picked":["Streamline","Blizzard"],"picked":"Sunder+1","floor":35.0},{"not_picked":["Gash","Steam+1"],"picked":"Hologram","floor":36.0},{"not_picked":["Leap","BootSequence","Hello World"],"picked":"SKIP","floor":37.0},{"not_picked":["Undo","Ball Lightning"],"picked":"Conserve Battery+1","floor":38.0},{"not_picked":["Undo+1","Turbo+1"],"picked":"Sweeping Beam+1","floor":44},{"not_picked":["Rebound","Reprogram"],"picked":"Core Surge","floor":45},{"not_picked":["Coolheaded","Cold Snap"],"picked":"Reinforced Body+1","floor":46},{"not_picked":["Barrage","Electrodynamics"],"picked":"Coolheaded+1","floor":48}],"player_experience":428837,"relics_obtained":[{"floor":7.0,"key":"Strawberry"},{"floor":9.0,"key":"Pen Nib"},{"floor":11.0,"key":"WingedGreaves"},{"floor":20.0,"key":"Red Mask"},{"floor":26.0,"key":"Gremlin Horn"},{"floor":43.0,"key":"Gambling Chip"}],"event_choices":[{"cards_removed":["Strike_B"],"damage_healed":0.0,"max_hp_gain":0.0,"max_hp_loss":0.0,"gold_gain":0.0,"event_name":"Bonfire Elementals","player_choice":"Offered Basic","floor":3.0,"gold_loss":0.0,"damage_taken":0.0},{"cards_removed":["Strike_B"],"damage_healed":0.0,"max_hp_gain":0.0,"max_hp_loss":0.0,"gold_gain":0.0,"event_name":"Golden Wing","player_choice":"Card Removal","floor":5.0,"gold_loss":0.0,"damage_taken":7.0},{"damage_healed":0.0,"max_hp_gain":0.0,"max_hp_loss":0.0,"gold_gain":0.0,"event_name":"Dead Adventurer","player_choice":"Searched \u00272\u0027 times","floor":11.0,"gold_loss":0.0,"damage_taken":0.0},{"damage_healed":0.0,"max_hp_gain":0.0,"max_hp_loss":0.0,"gold_gain":0.0,"event_name":"Masked Bandits","player_choice":"Fought Bandits","floor":20.0,"gold_loss":0.0,"damage_taken":0.0},{"damage_healed":0.0,"max_hp_gain":0.0,"max_hp_loss":0.0,"gold_gain":0.0,"event_name":"WeMeetAgain","player_choice":"Gave Potion","floor":21.0,"gold_loss":0.0,"damage_taken":0.0,"relics_obtained":["Mercury Hourglass"]},{"damage_healed":0.0,"max_hp_gain":0.0,"max_hp_loss":0.0,"gold_gain":0.0,"event_name":"SecretPortal","player_choice":"Ignored","floor":39.0,"gold_loss":0.0,"damage_taken":0.0}],"is_beta":false,"boss_relics":[{"not_picked":["Coffee Dripper","Pandora\u0027s Box"],"picked":"Snecko Eye"},{"not_picked":["Astrolabe","Runic Pyramid"],"picked":"Philosopher\u0027s Stone"}],"items_purged_floors":[2,19],"is_endless":false,"potions_floor_spawned":[4,13,14,18,27,29,31,33,35,44,48],"ascension_level":15}