{"path_per_floor":["M","M","M","M","$","E","M","E","T","M","M","M","?","T","R","B",null,"M","M","$","M","$","R","E","?","T","M","M","E","R","M","R","B",null,"M","?","M","M","M","E","M","R","T","?","R","M","M","M","R","B"],"character_chosen":"IRONCLAD","items_purchased":["Vajra","Thinking Ahead","Armaments","Explosive Potion"],"gold_per_floor":[114,126,137,156,8,41,59,91,91,107,125,136,136,136,136,264,264,287,307,63,88,36,36,70,70,70,88,102,133,133,157,157,281,281,302,302,318,336,356,397,420,420,420,420,420,434,455,479,479,479],"floor_reached":51,"campfire_rested":0,"playtime":4379,"current_hp_per_floor":[65,70,72,65,65,43,32,19,33,51,55,53,32,32,32,43,86,52,54,54,50,50,58,44,44,44,35,37,40,50,61,71,23,86,69,69,75,66,59,46,46,58,58,58,70,77,65,60,74,29],"items_purged":[],"gold":479,"play_id":"79eef2c6-ce51-45d1-af70-cc4ab353908d","is_prod":false,"is_daily":false,"is_ascension_mode":false,"campfire_upgraded":7,"path_taken":["M","M","M","M","$","E","M","E","T","M","M","?","?","?","R","BOSS","M","?","$","M","?","R","E","?","T","M","?","E","R","M","R","BOSS","M","?","M","?","M","E","M","R","T","?","R","M","?","?","R","BOSS"],"build_version":"2018-01-30-BETA1","purchased_purges":2,"victory":true,"master_deck":["Strike_R","Strike_R","Strike_R","Strike_R","Strike_R","Defend_R","Defend_R","Defend_R","Defend_R","Bash+1","Cleave","Perfected Strike","Twin Strike","Flex+1","Limit Break+1","Brutality+1","Warcry+1","Brutality+1","Infernal Blade+1","Rupture+1","Thinking Ahead+1","Armaments+1","Intimidate+1","Seeing Red+1","Headbutt+1","Blood for Blood+1","Metallicize+1","Berserk+1","Warcry+1","Blood for Blood+1","Bloodletting+1","Perfected Strike+1","Thunderclap+1","Shrug It Off+1","Dark Embrace+1","Headbutt+1"],"max_hp_per_floor":[72,72,72,72,72,72,72,72,86,86,86,86,86,86,86,86,86,86,86,86,86,86,86,86,86,86,86,86,86,86,86,86,86,86,86,86,86,86,86,86,86,86,86,86,86,86,86,86,86,86],"relics":["Burning Blood","Gambling Chip","Vajra","Frozen Egg 2","Meat on the Bone","Mango","Golden Idol","Bird Faced Urn","Eternal Feather","Toxic Egg 2","Charon\u0027s Ashes","Darkstone Periapt","Sozu","Molten Egg 2","Unceasing Top"],"card_choices":[{"not_picked":["Heavy Blade","Twin Strike"],"picked":"Cleave"},{"not_picked":["Body Slam","Pummel"],"picked":"Perfected Strike"},{"not_picked":["Thunderclap","Iron Wave"],"picked":"Twin Strike"},{"not_picked":["Dual Wield","Cleave"],"picked":"Flex"},{"not_picked":["Iron Wave","Sword Boomerang"],"picked":"Limit Break"},{"not_picked":["Twin Strike","Clothesline"],"picked":"Brutality"},{"not_picked":["Heavy Blade","Anger"],"picked":"Warcry"},{"not_picked":["Impervious","Fiend Fire"],"picked":"Brutality"},{"not_picked":["Clothesline","Iron Wave"],"picked":"Infernal Blade"},{"not_picked":["Spot Weakness","Dropkick"],"picked":"Rupture"},{"not_picked":["Twin Strike","Sever Soul"],"picked":"Intimidate"},{"not_picked":["Iron Wave","Impervious"],"picked":"Seeing Red"},{"not_picked":["Iron Wave","Rampage"],"picked":"Headbutt"},{"not_picked":["Anger","Combust"],"picked":"Blood for Blood"},{"not_picked":["Pommel Strike","Sever Soul"],"picked":"Metallicize"},{"not_picked":["Impervious","Limit Break"],"picked":"Berserk"},{"not_picked":["Heavy Blade","Pommel Strike"],"picked":"Warcry"},{"not_picked":["Cleave","Corruption"],"picked":"Blood for Blood"},{"not_picked":["Clothesline","Headbutt"],"picked":"Bloodletting"},{"not_picked":["Hemokinesis","Cleave"],"picked":"Perfected Strike"},{"not_picked":["Rampage","Twin Strike"],"picked":"Thunderclap"},{"not_picked":["Warcry","Bloodletting"],"picked":"Shrug It Off"},{"not_picked":["Flex","Disarm"],"picked":"Dark Embrace"},{"not_picked":["Sword Boomerang","Iron Wave"],"picked":"Headbutt"}],"player_experience":17642,"potions_floor_usage":[8,8,12,18,21,21,21,28,29],"damage_taken":[{"damage":13,"enemies":"Blue Slaver","floor":1,"turns":6},{"damage":1,"enemies":"Jaw Worm","floor":2,"turns":4},{"damage":0,"enemies":"Small Slimes","floor":3,"turns":2},{"damage":13,"enemies":"Exordium Wildlife","floor":4,"turns":7},{"damage":28,"enemies":"Gremlin Nob","floor":6,"turns":4},{"damage":17,"enemies":"Gremlin Gang","floor":7,"turns":3},{"damage":19,"enemies":"3 Sentries","floor":8,"turns":4},{"damage":0,"enemies":"Lots of Slimes","floor":10,"turns":1},{"damage":2,"enemies":"3 Louse","floor":11,"turns":3},{"damage":8,"enemies":"Exordium Wildlife","floor":12,"turns":3},{"damage":9,"enemies":"Slime Boss","floor":16,"turns":6},{"damage":44,"enemies":"2 Thieves","floor":18,"turns":5},{"damage":20,"enemies":"Spheric Guardian","floor":19,"turns":4},{"damage":16,"enemies":"Snake Plant","floor":21,"turns":4},{"damage":38,"enemies":"Book of Stabbing","floor":24,"turns":4},{"damage":33,"enemies":"Cultist and Chosen","floor":27,"turns":5},{"damage":20,"enemies":"Chosen and Byrds","floor":28,"turns":5},{"damage":21,"enemies":"Gremlin Leader","floor":29,"turns":5},{"damage":11,"enemies":"Snake Plant","floor":31,"turns":2},{"damage":74,"enemies":"Collector","floor":33,"turns":7},{"damage":27,"enemies":"3 Shapes","floor":35,"turns":5},{"damage":10,"enemies":"Orb Walker","floor":37,"turns":3},{"damage":25,"enemies":"Flame Bruiser 2 Orb","floor":38,"turns":4},{"damage":23,"enemies":"Sphere and 2 Shapes","floor":39,"turns":6},{"damage":39,"enemies":"2 Orb Walkers","floor":40,"turns":4},{"damage":26,"enemies":"3 Darklings","floor":41,"turns":3},{"damage":7,"enemies":"Flame Bruiser 2 Orb","floor":46,"turns":3},{"damage":28,"enemies":"Spire Growth","floor":47,"turns":3},{"damage":23,"enemies":"Maw","floor":48,"turns":5},{"damage":75,"enemies":"Donu and Deca","floor":50,"turns":6}],"event_choices":[{"event_name":"Golden Idol","player_choice":"Take Damage","floor":13,"damage_taken":0},{"event_name":"Beggar","player_choice":"Ignored","floor":25,"damage_taken":0},{"event_name":"Upgrade Shrine","player_choice":"Upgraded","floor":36,"damage_taken":0},{"event_name":"The Woman in Blue","player_choice":"Bought 0 Potions","floor":44,"damage_taken":0}],"boss_relics":[{"not_picked":["Question Card","Runic Cube"],"picked":"Eternal Feather"},{"not_picked":["Mark of Pain","Lizard Tail"],"picked":"Sozu"}],"potions_floor_spawned":[6,7,8,10,11,16,19,27,28,29,37,47],"seed_played":"-2202626839220864683","ascension_level":0,"is_trial":false}