{"gold_per_floor":[119,119,138,138,138,168,181,181,181,181,215,215,215,228,228,228],"floor_reached":16,"playtime":455,"items_purged":[],"score":215,"play_id":"afea28bb-88f0-4423-b83e-9d3b026727ad","local_time":"20180921232308","is_ascension_mode":true,"campfire_choices":[{"data":"Fusion","floor":8,"key":"SMITH"},{"data":"Streamline","floor":10,"key":"SMITH"},{"data":"Hologram","floor":12,"key":"SMITH"},{"data":"Sweeping Beam","floor":15,"key":"SMITH"}],"neow_cost":"CURSE","seed_source_timestamp":743504571161159,"circlet_count":0,"master_deck":["Strike_B","Strike_B","Strike_B","Strike_B","Defend_B","Defend_B","Defend_B","Defend_B","Zap","Dualcast","AscendersBane","Streamline+1","Hologram+1","Sweeping Beam+1","Fusion+1","Conserve Battery","BootSequence"],"special_seed":0,"relics":["Cracked Core","Bird Faced Urn","Spirit Poop","Gremlin Horn","Dodecahedron","Omamori","Shuriken"],"potions_floor_usage":[6,11,11,16,16],"damage_taken":[{"damage":12.0,"enemies":"Small Slimes","floor":1.0,"turns":4.0},{"damage":0.0,"enemies":"Cultist","floor":3.0,"turns":3.0},{"damage":6,"enemies":"Gremlin Nob","floor":6,"turns":3},{"damage":11,"enemies":"Jaw Worm","floor":7,"turns":3},{"damage":17,"enemies":"Lagavulin","floor":11,"turns":5},{"damage":0,"enemies":"3 Louse","floor":14,"turns":2},{"damage":20,"enemies":"The Guardian","floor":16,"turns":9}],"seed_played":"-3955520496968899381","potions_obtained":[{"floor":2.0,"key":"AttackPotion"},{"floor":2.0,"key":"FearPotion"},{"floor":7,"key":"Regen Potion"},{"floor":11,"key":"FocusPotion"},{"floor":14,"key":"AttackPotion"}],"is_trial":false,"path_per_floor":["M","?","M","?","$","E","M","R","T","R","E","R","?","M","R"],"character_chosen":"DEFECT","items_purchased":[],"campfire_rested":0,"item_purchase_floors":[],"current_hp_per_floor":[52,52,52,52,52,46,35,35,35,35,32,32,27,27,27,7],"gold":228,"neow_bonus":"ONE_RARE_RELIC","is_prod":false,"is_daily":false,"chose_seed":false,"campfire_upgraded":4,"win_rate":0,"timestamp":1537586588,"path_taken":["M","?","M","?","?","E","M","R","T","R","E","R","?","M","R","BOSS"],"build_version":"2018-09-20","purchased_purges":0,"victory":false,"max_hp_per_floor":[71,71,71,71,71,71,71,71,71,71,71,71,71,71,71,71],"card_choices":[{"not_picked":["Ball Lightning","Defragment"],"picked":"Streamline","floor":1.0},{"not_picked":["Blizzard","Coolheaded"],"picked":"Hologram","floor":3.0},{"not_picked":["Compile Driver","Double Energy"],"picked":"Sweeping Beam","floor":6},{"not_picked":["Cold Snap","Gash"],"picked":"Fusion","floor":7},{"not_picked":["Steam Power","Stack"],"picked":"Conserve Battery","floor":11},{"not_picked":["Beam Cell","Chaos"],"picked":"BootSequence","floor":14}],"player_experience":881724,"relics_obtained":[{"floor":6,"key":"Gremlin Horn"},{"floor":9,"key":"Dodecahedron"},{"floor":11,"key":"Omamori"}],"event_choices":[{"event_name":"The Lab","player_choice":"Got Potions","floor":2.0,"damage_taken":0.0},{"event_name":"Bonfire Elementals","player_choice":"CURSE","floor":4.0,"damage_taken":0.0},{"event_name":"Scrap Ooze","player_choice":"success","floor":13,"damage_taken":5}],"is_beta":false,"boss_relics":[],"items_purged_floors":[],"is_endless":false,"potions_floor_spawned":[7,11,14],"killed_by":"The Guardian","ascension_level":20}