{"gold_per_floor":[366,283,300,312,292,318,318,334,412,445,445,463,463,496,496,496],"floor_reached":16,"playtime":601,"items_purged":[],"score":240,"play_id":"ac74b488-a980-4f79-a41b-740cd05d3607","local_time":"20181104090257","is_ascension_mode":true,"campfire_choices":[{"floor":7,"key":"REST"},{"floor":11,"key":"REST"},{"floor":15,"key":"REST"}],"neow_cost":"PERCENT_DAMAGE","seed_source_timestamp":86964212788461,"circlet_count":0,"master_deck":["AscendersBane","Defend_G","Defend_G","Defend_G","Defend_G","Defend_G","Strike_G+1","Strike_G","Strike_G+1","Strike_G","Strike_G","Survivor","Neutralize","Calculated Gamble","Noxious Fumes","Dagger Spray","Masterful Stab","After Image","Deflect","Predator","Blur"],"relics":["Ring of the Snake","Bottled Flame","Tiny Chest","Whetstone","WingedGreaves"],"potions_floor_usage":[6,10,14,14],"damage_taken":[{"damage":1,"enemies":"2 Louse","floor":1,"turns":5},{"damage":8,"enemies":"Cultist","floor":3,"turns":5},{"damage":7,"enemies":"Small Slimes","floor":4,"turns":4},{"damage":26,"enemies":"Gremlin Nob","floor":6,"turns":4},{"damage":3,"enemies":"2 Fungi Beasts","floor":8,"turns":3},{"damage":10,"enemies":"Lagavulin","floor":10,"turns":9},{"damage":3,"enemies":"Looter","floor":12,"turns":3},{"damage":17,"enemies":"Gremlin Nob","floor":14,"turns":4},{"damage":30,"enemies":"Hexaghost","floor":16,"turns":9}],"seed_played":"261996203886523420","potions_obtained":[{"floor":4,"key":"Fire Potion"},{"floor":5,"key":"Energy Potion"},{"floor":6,"key":"GhostInAJar"},{"floor":10,"key":"Poison Potion"}],"is_trial":false,"path_per_floor":["M","$","M","M","?","E","R","M","T","E","R","M","?","E","R","B"],"character_chosen":"THE_SILENT","items_purchased":["Noxious Fumes"],"campfire_rested":3,"item_purchase_floors":[2],"current_hp_per_floor":[43,43,35,28,28,2,21,18,18,8,27,24,24,7,26,0],"gold":496,"neow_bonus":"TWO_FIFTY_GOLD","is_prod":false,"is_daily":false,"chose_seed":false,"campfire_upgraded":0,"win_rate":0,"timestamp":1541340177,"path_taken":["M","$","M","M","?","E","R","?","T","E","R","M","?","E","R","BOSS"],"build_version":"2018-11-02","purchased_purges":0,"victory":false,"max_hp_per_floor":[66,66,66,66,66,66,66,66,66,66,66,66,66,66,66,66],"card_choices":[{"not_picked":["Deflect","Setup"],"picked":"Calculated Gamble","floor":1},{"not_picked":["Deadly Poison","Sucker Punch"],"picked":"Dagger Spray","floor":3},{"not_picked":["Underhanded Strike","Deflect"],"picked":"Masterful Stab","floor":4},{"not_picked":["Outmaneuver","Infinite Blades"],"picked":"After Image","floor":6},{"not_picked":["Acrobatics","Quick Slash"],"picked":"Deflect","floor":8},{"not_picked":["Quick Slash","Outmaneuver"],"picked":"Predator","floor":10},{"not_picked":["Eviscerate","Calculated Gamble","Prepared"],"picked":"SKIP","floor":12},{"not_picked":["Acrobatics","Flying Knee"],"picked":"Blur","floor":14}],"player_experience":834297,"relics_obtained":[{"floor":6,"key":"Bottled Flame"},{"floor":9,"key":"Tiny Chest"},{"floor":10,"key":"Whetstone"},{"floor":14,"key":"WingedGreaves"}],"event_choices":[{"damage_healed":0,"gold_gain":0,"player_choice":"Bought 1 Potion","damage_taken":0,"max_hp_gain":0,"max_hp_loss":0,"event_name":"The Woman in Blue","floor":5,"gold_loss":0},{"damage_healed":0,"gold_gain":0,"player_choice":"Ignored","damage_taken":0,"max_hp_gain":0,"max_hp_loss":0,"event_name":"Liars Game","floor":13,"gold_loss":0}],"is_beta":true,"boss_relics":[],"items_purged_floors":[],"is_endless":false,"potions_floor_spawned":[4,6,10],"killed_by":"Hexaghost","ascension_level":20}