{"gold_per_floor":[116,116,191,45,45,75,75,40,120,120,132,146,181,195,195,300,300,319,319,319,338,356,356],"floor_reached":23,"playtime":682,"items_purged":[],"score":209,"play_id":"eb4f018a-d023-4bfa-9a3a-f5c2f69311e9","local_time":"20190221044704","is_ascension_mode":true,"campfire_choices":[{"floor":7,"key":"REST"},{"floor":15,"key":"REST"}],"neow_cost":"NONE","seed_source_timestamp":46223217020634,"circlet_count":0,"master_deck":["Defend_G+1","Defend_G+1","Defend_G+1","Defend_G+1","Defend_G+1","Strike_G+1","Strike_G+1","Strike_G+1","Strike_G+1","Strike_G+1","Survivor","Neutralize","Glass Knife","Deadly Poison","Dagger Spray","Grand Finale","Deadly Poison","PiercingWail+1","Backstab"],"relics":["Ring of the Snake","Regal Pillow","Omamori","Boot","Matryoshka","Torii","Black Star","Strawberry","Kunai"],"potions_floor_usage":[6,13,16,16,23],"damage_taken":[{"damage":0,"enemies":"Jaw Worm","floor":1,"turns":3},{"damage":35,"enemies":"Lagavulin","floor":6,"turns":6},{"damage":0,"enemies":"2 Louse","floor":11,"turns":2},{"damage":5,"enemies":"Small Slimes","floor":12,"turns":2},{"damage":24,"enemies":"Gremlin Nob","floor":13,"turns":4},{"damage":7,"enemies":"3 Louse","floor":14,"turns":2},{"damage":54,"enemies":"The Guardian","floor":16,"turns":14},{"damage":32,"enemies":"Shell Parasite","floor":18,"turns":8},{"damage":21,"enemies":"2 Thieves","floor":21,"turns":3},{"damage":13,"enemies":"3 Cultists","floor":22,"turns":7},{"damage":27,"enemies":"Slavers","floor":23,"turns":1}],"seed_played":"-4378120042456918243","potions_obtained":[{"floor":1,"key":"EssenceOfSteel"},{"floor":6,"key":"Explosive Potion"},{"floor":13,"key":"SpeedPotion"},{"floor":14,"key":"Block Potion"},{"floor":22,"key":"LiquidBronze"}],"is_trial":false,"path_per_floor":["M","?","?","$","?","E","R","?","T","?","M","M","E","M","R","B",null,"M","?","T","M","M","E"],"character_chosen":"THE_SILENT","items_purchased":["Omamori"],"campfire_rested":2,"item_purchase_floors":[4],"current_hp_per_floor":[70,58,47,47,52,17,54,72,72,57,57,52,28,21,58,4,75,43,43,50,29,16,0],"gold":356,"neow_bonus":"ONE_RANDOM_RARE_CARD","is_prod":false,"is_daily":false,"chose_seed":false,"campfire_upgraded":0,"win_rate":0,"timestamp":1550753224,"path_taken":["M","?","?","?","?","E","R","?","T","?","M","M","E","M","R","BOSS","M","?","?","M","M","E"],"build_version":"2019-01-23","purchased_purges":0,"victory":false,"max_hp_per_floor":[70,70,70,70,75,75,75,75,75,75,75,75,75,75,75,75,75,75,75,82,82,82,82],"card_choices":[{"not_picked":["Terror","Prepared"],"picked":"Deadly Poison","floor":1},{"not_picked":["Finisher","Backflip","PiercingWail"],"picked":"SKIP","floor":6},{"not_picked":["Flying Knee","Dodge and Roll","Tools of the Trade"],"picked":"SKIP","floor":11},{"not_picked":["PiercingWail","Bane"],"picked":"Dagger Spray","floor":12},{"not_picked":["Dagger Throw","Well Laid Plans","Blade Dance"],"picked":"SKIP","floor":13},{"not_picked":["Bane","Eviscerate","All Out Attack"],"picked":"SKIP","floor":14},{"not_picked":["Tools of the Trade","Malaise"],"picked":"Grand Finale","floor":16},{"not_picked":["Well Laid Plans","Backflip+1"],"picked":"Deadly Poison","floor":18},{"not_picked":["Expertise","Caltrops"],"picked":"PiercingWail+1","floor":21},{"not_picked":["Flying Knee+1","Dodge and Roll+1"],"picked":"Backstab","floor":22}],"player_experience":260676,"relics_obtained":[{"floor":6,"key":"Boot"},{"floor":9,"key":"Matryoshka"},{"floor":13,"key":"Torii"},{"floor":20,"key":"Strawberry"},{"floor":20,"key":"Kunai"}],"event_choices":[{"damage_healed":0,"gold_gain":0,"player_choice":"Success","damage_taken":12,"relics_obtained":["Regal Pillow"],"max_hp_gain":0,"max_hp_loss":0,"event_name":"Scrap Ooze","floor":2,"gold_loss":0},{"damage_healed":0,"gold_gain":75,"player_choice":"Gather Gold","damage_taken":11,"max_hp_gain":0,"max_hp_loss":0,"event_name":"World of Goop","floor":3,"gold_loss":0},{"damage_healed":0,"gold_gain":0,"player_choice":"Donut","damage_taken":0,"max_hp_gain":5,"max_hp_loss":0,"event_name":"Big Fish","floor":5,"gold_loss":0},{"damage_healed":18,"gold_gain":0,"player_choice":"Healed","damage_taken":0,"max_hp_gain":0,"max_hp_loss":0,"event_name":"The Cleric","floor":8,"gold_loss":35},{"damage_healed":0,"gold_gain":0,"player_choice":"Entered Light","damage_taken":15,"max_hp_gain":0,"max_hp_loss":0,"event_name":"Shining Light","floor":10,"gold_loss":0,"cards_upgraded":["Defend_G","Strike_G"]},{"damage_healed":0,"gold_gain":0,"player_choice":"Simplicity","damage_taken":0,"max_hp_gain":0,"max_hp_loss":0,"event_name":"Back to Basics","floor":19,"gold_loss":0,"cards_upgraded":["Defend_G","Defend_G","Defend_G","Defend_G","Strike_G","Strike_G","Strike_G","Strike_G"]}],"is_beta":false,"boss_relics":[{"not_picked":["Coffee Dripper","Pandora\u0027s Box"],"picked":"Black Star"}],"items_purged_floors":[],"is_endless":false,"potions_floor_spawned":[1,6,13,14,22],"killed_by":"Slavers","ascension_level":1}