{"gold_per_floor":[115,131,131,281,298,327,327,337,337,337,351,366,21,54,54,131,131,143,153,170,170,184,199,229,229,280,205,175,100,100,100,100,100],"floor_reached":33,"playtime":1616,"items_purged":["Strike_B"],"score":558,"play_id":"54f17ea1-62b1-43e4-9fe9-d827d312e8a8","local_time":"20180921224656","is_ascension_mode":true,"campfire_choices":[{"floor":7.0,"key":"REST"},{"data":"Dualcast","floor":10.0,"key":"SMITH"},{"floor":15.0,"key":"DIG"},{"floor":25,"key":"DIG"},{"data":"1","floor":30,"key":"LIFT"},{"floor":32,"key":"REST"}],"neow_cost":"NONE","seed_source_timestamp":740145479138710,"circlet_count":0,"master_deck":["Strike_B","Strike_B","Strike_B","Defend_B","Defend_B","Defend_B","Defend_B","Zap","Dualcast+1","AscendersBane","FTL","Ball Lightning","Self Repair","Rebound","Echo Form","Turbo","Conserve Battery","Cold Snap","Conserve Battery","Electrodynamics","Conserve Battery+1","Beam Cell+1","Streamline","Streamline","Stack+1","Stack+1","Reinforced Body+1","Rainbow+1"],"special_seed":0,"relics":["Cracked Core","Anchor","Pocketwatch","WingedGreaves","Prayer Wheel","Shovel","StoneCalendar","Toxic Egg 2","Velvet Choker","Pear","Girya","Pen Nib"],"potions_floor_usage":[22,22,24,31,33],"damage_taken":[{"damage":0.0,"enemies":"Small Slimes","floor":1.0,"turns":4.0},{"damage":0.0,"enemies":"Jaw Worm","floor":2.0,"turns":3.0},{"damage":0.0,"enemies":"2 Louse","floor":5.0,"turns":2.0},{"damage":14.0,"enemies":"Gremlin Nob","floor":6.0,"turns":3.0},{"damage":3.0,"enemies":"Blue Slaver","floor":8.0,"turns":4.0},{"damage":0.0,"enemies":"3 Louse","floor":11.0,"turns":2.0},{"damage":8.0,"enemies":"Exordium Wildlife","floor":12.0,"turns":4.0},{"damage":15.0,"enemies":"3 Sentries","floor":14.0,"turns":6.0},{"damage":48.0,"enemies":"The Guardian","floor":16.0,"turns":12.0},{"damage":0.0,"enemies":"Spheric Guardian","floor":18.0,"turns":3.0},{"damage":2.0,"enemies":"Chosen","floor":19.0,"turns":5.0},{"damage":12.0,"enemies":"3 Cultists","floor":20.0,"turns":3.0},{"damage":6,"enemies":"Snecko","floor":22,"turns":5},{"damage":8,"enemies":"Centurion and Healer","floor":23,"turns":6},{"damage":37,"enemies":"Book of Stabbing","floor":24,"turns":4},{"damage":0,"enemies":"Sentry and Sphere","floor":31,"turns":3},{"damage":44,"enemies":"Collector","floor":33,"turns":6}],"seed_played":"4654104013315830932","potions_obtained":[{"floor":5.0,"key":"PowerPotion"},{"floor":12.0,"key":"SpeedPotion"},{"floor":19.0,"key":"Regen Potion"},{"floor":20.0,"key":"PowerPotion"},{"floor":23,"key":"SteroidPotion"},{"floor":28,"key":"Energy Potion"},{"floor":28,"key":"SmokeBomb"}],"is_trial":false,"path_per_floor":["M","M","?","?","M","E","R","M","T","R","M","M","$","E","R","B",null,"M","M","M","?","M","M","E","R","T","?","?","$","R","M","R"],"character_chosen":"DEFECT","items_purchased":["Shovel"],"campfire_rested":2,"item_purchase_floors":[13],"current_hp_per_floor":[64,64,46,46,46,39,60,64,64,64,64,63,63,62,62,21,59,59,64,52,32,33,39,19,19,19,19,19,19,19,19,44,0],"gold":100,"neow_bonus":"RANDOM_COMMON_RELIC","is_prod":false,"is_daily":false,"chose_seed":false,"campfire_upgraded":1,"win_rate":0,"timestamp":1537584416,"path_taken":["M","M","?","?","?","E","R","M","T","R","M","M","$","E","R","BOSS","M","M","M","?","M","?","E","R","T","?","?","$","R","M","R","BOSS"],"build_version":"2018-09-20","purchased_purges":1,"victory":false,"max_hp_per_floor":[71,71,71,71,71,71,71,71,71,71,71,71,71,71,71,71,71,71,71,71,76,76,76,86,86,86,86,86,86,86,86,86,86],"card_choices":[{"not_picked":["Barrage","Go for the Eyes"],"picked":"FTL","floor":1.0},{"not_picked":["Steam","Compile Driver"],"picked":"Ball Lightning","floor":2.0},{"not_picked":["Reprogram","Hologram"],"picked":"Self Repair","floor":5.0},{"not_picked":["Redo","Compile Driver","Recycle"],"picked":"SKIP","floor":6.0},{"not_picked":["Hologram","Hello World"],"picked":"Rebound","floor":8.0},{"not_picked":["Defragment","Ball Lightning"],"picked":"Echo Form","floor":11.0},{"not_picked":["Redo","Rebound"],"picked":"Turbo","floor":11.0},{"not_picked":["Leap","Stack"],"picked":"Conserve Battery","floor":12.0},{"not_picked":["Self Repair","Darkness"],"picked":"Cold Snap","floor":12.0},{"not_picked":["Barrage","Coolheaded"],"picked":"Conserve Battery","floor":14.0},{"not_picked":["Machine Learning","Buffer"],"picked":"Electrodynamics","floor":16.0},{"not_picked":["Self Repair","Consume+1"],"picked":"Conserve Battery+1","floor":18.0},{"not_picked":["Beam Cell+1","Go for the Eyes","Steam+1"],"picked":"SKIP","floor":18.0},{"not_picked":["Go for the Eyes","Steam+1"],"picked":"Beam Cell+1","floor":18.0},{"not_picked":["Go for the Eyes","Cold Snap"],"picked":"Streamline","floor":19.0},{"not_picked":["Gash","Coolheaded+1","Go for the Eyes"],"picked":"SKIP","floor":19.0},{"not_picked":["Rebound","Gash"],"picked":"Streamline","floor":20.0},{"not_picked":["Sunder","Ball Lightning"],"picked":"Stack+1","floor":20.0},{"not_picked":["Conserve Battery+1","Loop"],"picked":"Stack+1","floor":22},{"not_picked":["Blizzard","Tempest+1","Machine Learning"],"picked":"SKIP","floor":22},{"not_picked":["Steam+1","Go for the Eyes"],"picked":"Reinforced Body+1","floor":23},{"not_picked":["Beam Cell","Compile Driver","Streamline"],"picked":"SKIP","floor":23},{"not_picked":["Aggregate+1","Beam Cell"],"picked":"Rainbow+1","floor":24}],"player_experience":878501,"relics_obtained":[{"floor":6.0,"key":"WingedGreaves"},{"floor":9.0,"key":"Prayer Wheel"},{"floor":14.0,"key":"StoneCalendar"},{"floor":15.0,"key":"Toxic Egg 2"},{"floor":24,"key":"Pear"},{"floor":25,"key":"Girya"},{"floor":26,"key":"Pen Nib"}],"event_choices":[{"event_name":"Scrap Ooze","player_choice":"success","floor":3.0,"damage_taken":18.0},{"event_name":"Liars Game","player_choice":"agreed","floor":4.0,"damage_taken":0.0},{"event_name":"Forgotten Altar","player_choice":"Shed Blood","floor":21.0,"damage_taken":0.0},{"event_name":"Beggar","player_choice":"Gave Gold","floor":27,"damage_taken":0},{"event_name":"The Woman in Blue","player_choice":"Bought 2 Potions","floor":28,"damage_taken":0}],"is_beta":false,"boss_relics":[{"not_picked":["White Beast Statue","Runic Pyramid"],"picked":"Velvet Choker"}],"items_purged_floors":[29],"is_endless":false,"potions_floor_spawned":[5,12,19,20,23,31],"killed_by":"Collector","ascension_level":20}