{"gold_per_floor":[110,110,110,122,139,139,168,168,168,187,120,147,160,175,175,253,253,271,271,271,284,301,37,66,66,66,98,98,132,132,132,132,206,206,225,225,47,59,59,88,88,88],"floor_reached":42,"playtime":1904,"items_purged":[],"score":1134,"play_id":"67ff0d09-f6e3-4768-bbbb-c70d05934eb0","local_time":"20181111170949","is_ascension_mode":true,"campfire_choices":[{"data":"Go for the Eyes","floor":6,"key":"SMITH"},{"data":"Streamline","floor":8,"key":"SMITH"},{"data":"Zap","floor":15,"key":"SMITH"},{"floor":25,"key":"REST"},{"floor":30,"key":"REST"},{"data":"Loop","floor":32,"key":"SMITH"}],"neow_cost":"NONE","seed_source_timestamp":719666970449299,"circlet_count":0,"master_deck":["AscendersBane","Strike_B+1","Strike_B+1","Strike_B+1","Defend_B","Defend_B","Defend_B","Defend_B","Zap+1","Dualcast","Sweeping Beam+1","Streamline+1","Go for the Eyes+1","White Noise","Auto Shields","Glacier","Conserve Battery","All For One","Capacitor","Loop+1","Turbo","Conserve Battery","Buffer","Hologram","Reinforced Body+1","Stack+1","All For One","Hologram+1","HandOfGreed"],"relics":["Cracked Core","Whetstone","Thread and Needle","The Courier","Regal Pillow","Snecko Eye","Enchiridion","Kunai","Shuriken","Ginger","Dream Catcher","Black Star","OrangePellets","Pear","Mercury Hourglass"],"potions_floor_usage":[7,16,21,24,27,27,42],"damage_taken":[{"damage":7,"enemies":"Jaw Worm","floor":1,"turns":2},{"damage":0,"enemies":"Small Slimes","floor":4,"turns":2},{"damage":0,"enemies":"Cultist","floor":5,"turns":2},{"damage":10,"enemies":"3 Sentries","floor":7,"turns":3},{"damage":9,"enemies":"Lots of Slimes","floor":10,"turns":3},{"damage":2,"enemies":"Gremlin Nob","floor":12,"turns":3},{"damage":3,"enemies":"2 Fungi Beasts","floor":13,"turns":3},{"damage":0,"enemies":"Looter","floor":14,"turns":3},{"damage":2,"enemies":"Hexaghost","floor":16,"turns":9},{"damage":1,"enemies":"2 Thieves","floor":18,"turns":3},{"damage":6,"enemies":"Shell Parasite","floor":21,"turns":6},{"damage":15,"enemies":"Shelled Parasite and Fungi","floor":22,"turns":4},{"damage":10,"enemies":"Slavers","floor":24,"turns":6},{"damage":15,"enemies":"Book of Stabbing","floor":27,"turns":6},{"damage":21,"enemies":"Slavers","floor":29,"turns":3},{"damage":0,"enemies":"Automaton","floor":33,"turns":8},{"damage":0,"enemies":"3 Shapes","floor":35,"turns":4},{"damage":13,"enemies":"Orb Walker","floor":38,"turns":4},{"damage":0,"enemies":"Nemesis","floor":40,"turns":9},{"damage":19,"enemies":"Giant Head","floor":42,"turns":6}],"seed_played":"-5385962481712161057","potions_obtained":[{"floor":4,"key":"AttackPotion"},{"floor":7,"key":"EssenceOfSteel"},{"floor":16,"key":"FearPotion"},{"floor":24,"key":"Fire Potion"},{"floor":35,"key":"EssenceOfSteel"}],"is_trial":false,"path_per_floor":["M","?","?","M","M","R","E","R","T","M","$","E","M","M","R","B",null,"M","?","?","M","M","$","E","R","T","E","?","E","R","$","R","B",null,"M","?","$","M","?","E","$","E"],"character_chosen":"DEFECT","items_purchased":["LiquidBronze","Kunai","Block Potion","OrangePellets"],"campfire_rested":2,"item_purchase_floors":[11,23,23,37],"current_hp_per_floor":[57,36,36,36,36,36,26,26,26,17,17,15,12,12,12,10,56,55,34,34,28,13,13,3,39,39,24,24,3,39,39,39,39,63,63,63,63,50,40,50,50,31],"gold":88,"neow_bonus":"RANDOM_COMMON_RELIC","is_prod":false,"is_daily":false,"chose_seed":false,"campfire_upgraded":4,"win_rate":0,"timestamp":1541974189,"path_taken":["M","?","?","?","?","R","E","R","T","M","?","E","M","M","R","BOSS","M","?","?","M","M","$","E","R","T","E","?","E","R","?","R","BOSS","M","?","$","M","?","E","$","E"],"build_version":"2018-11-08","purchased_purges":0,"victory":false,"max_hp_per_floor":[71,71,71,71,71,71,71,71,71,71,71,71,71,71,71,71,71,71,71,71,71,71,71,71,71,71,71,71,71,71,71,71,71,71,71,67,67,67,67,77,77,77],"card_choices":[{"not_picked":["Rebound","Self Repair"],"picked":"Sweeping Beam","floor":1},{"not_picked":["Heatsinks","Static Discharge"],"picked":"Streamline","floor":4},{"not_picked":["Streamline","Compile Driver"],"picked":"Go for the Eyes","floor":5},{"not_picked":["Compile Driver","Rip and Tear"],"picked":"White Noise","floor":7},{"not_picked":["Leap","Gash"],"picked":"Auto Shields","floor":10},{"not_picked":["Doom and Gloom","Steam"],"picked":"Glacier","floor":12},{"not_picked":["Hologram","Go for the Eyes"],"picked":"Conserve Battery","floor":13},{"not_picked":["Cold Snap","Chill"],"picked":"FTL","floor":14},{"not_picked":["Amplify","Creative AI"],"picked":"All For One","floor":16},{"not_picked":["Go for the Eyes","Steam"],"picked":"Capacitor","floor":18},{"not_picked":["Heatsinks","Stack","Sweeping Beam"],"picked":"SKIP","floor":21},{"not_picked":["Go for the Eyes","Leap"],"picked":"Conserve Battery","floor":22},{"not_picked":["Fusion","Turbo"],"picked":"Buffer","floor":24},{"not_picked":["Redo+1","Ball Lightning"],"picked":"Hologram","floor":27},{"not_picked":["Chaos","Genetic Algorithm"],"picked":"Reinforced Body+1","floor":29},{"not_picked":["Auto Shields","Go for the Eyes"],"picked":"Stack+1","floor":30},{"not_picked":["Fission","Multi-Cast"],"picked":"All For One","floor":33},{"not_picked":["Leap","Capacitor"],"picked":"Hologram+1","floor":35},{"not_picked":["Undo","Chaos","Compile Driver"],"picked":"SKIP","floor":38},{"not_picked":["Discovery","Swift Strike"],"picked":"HandOfGreed","floor":39},{"not_picked":["Multi-Cast","Rip and Tear","Steam"],"picked":"SKIP","floor":40}],"player_experience":867343,"relics_obtained":[{"floor":7,"key":"Thread and Needle"},{"floor":9,"key":"The Courier"},{"floor":12,"key":"Regal Pillow"},{"floor":19,"key":"Enchiridion"},{"floor":24,"key":"Shuriken"},{"floor":27,"key":"Ginger"},{"floor":29,"key":"Dream Catcher"},{"floor":40,"key":"Pear"},{"floor":40,"key":"Mercury Hourglass"}],"event_choices":[{"damage_healed":0,"gold_gain":0,"player_choice":"Entered Light","damage_taken":21,"max_hp_gain":0,"max_hp_loss":0,"event_name":"Shining Light","floor":2,"gold_loss":0,"cards_upgraded":["Strike_B","Sweeping Beam"]},{"damage_healed":0,"gold_gain":0,"player_choice":"Ignored","damage_taken":0,"max_hp_gain":0,"max_hp_loss":0,"event_name":"Liars Game","floor":3,"gold_loss":0},{"damage_healed":0,"gold_gain":0,"player_choice":"Obtained Book","damage_taken":21,"max_hp_gain":0,"max_hp_loss":0,"event_name":"Cursed Tome","floor":19,"gold_loss":0},{"damage_healed":0,"gold_gain":0,"cards_transformed":["Strike_B","FTL"],"player_choice":"Became Test Subject","damage_taken":0,"max_hp_gain":0,"max_hp_loss":0,"event_name":"Drug Dealer","floor":20,"gold_loss":0,"cards_obtained":["Loop","Turbo"]},{"damage_healed":0,"gold_gain":0,"player_choice":"Ignored","damage_taken":0,"max_hp_gain":0,"max_hp_loss":0,"event_name":"Ghosts","floor":28,"gold_loss":0},{"damage_healed":0,"gold_gain":0,"player_choice":"Max HP","damage_taken":0,"max_hp_gain":0,"max_hp_loss":4,"event_name":"Winding Halls","floor":36,"gold_loss":0},{"damage_healed":0,"gold_gain":0,"player_choice":"Memory 3","damage_taken":10,"max_hp_gain":0,"max_hp_loss":0,"event_name":"SensoryStone","floor":39,"gold_loss":0}],"is_beta":true,"boss_relics":[{"not_picked":["FrozenCore","Lizard Tail"],"picked":"Snecko Eye"},{"not_picked":["Coffee Dripper","Runic Pyramid"],"picked":"Black Star"}],"items_purged_floors":[],"is_endless":false,"potions_floor_spawned":[4,7,12,16,18,24,35],"killed_by":"Giant Head","ascension_level":20}