{"gold_per_floor":[109,109,125,141,3,3,15,47,47,47,65,79,2,30,42,131,143,166,178,220,242,266,278,290],"floor_reached":24,"playtime":1056,"items_purged":[],"score":516,"play_id":"54774fc9-0e52-47a8-b1d9-fd43f9594281","local_time":"20190318192736","is_ascension_mode":true,"campfire_choices":[{"data":"Deadly Poison","floor":6,"key":"SMITH"},{"data":"Bouncing Flask","floor":10,"key":"SMITH"},{"data":"Neutralize","floor":15,"key":"SMITH"},{"floor":23,"key":"REST"}],"neow_cost":"NONE","seed_source_timestamp":485649997855438,"circlet_count":0,"master_deck":["AscendersBane","Defend_G","Defend_G","Defend_G","Defend_G","Defend_G","Survivor","Neutralize+1","Deadly Poison+1","Cloak And Dagger","Dash","Bouncing Flask+1","Well Laid Plans","Catalyst","Caltrops","Footwork","Glass Knife","Malaise","Flechettes","Storm of Steel","Backflip","Bouncing Flask","Deadly Poison"],"relics":["Ring of the Snake","Dream Catcher","Strawberry","Shovel","Paper Crane","MawBank","Empty Cage","Tiny Chest"],"potions_floor_usage":[14,14,16,21],"damage_taken":[{"damage":6,"enemies":"Jaw Worm","floor":1,"turns":6},{"damage":1,"enemies":"Cultist","floor":3,"turns":4},{"damage":1,"enemies":"Small Slimes","floor":4,"turns":5},{"damage":7,"enemies":"Exordium Thugs","floor":7,"turns":5},{"damage":18,"enemies":"3 Sentries","floor":8,"turns":10},{"damage":2,"enemies":"Exordium Wildlife","floor":11,"turns":3},{"damage":5,"enemies":"Gremlin Gang","floor":12,"turns":5},{"damage":12,"enemies":"Gremlin Nob","floor":14,"turns":4},{"damage":0,"enemies":"The Guardian","floor":16,"turns":7},{"damage":8,"enemies":"3 Byrds","floor":18,"turns":5},{"damage":1,"enemies":"Spheric Guardian","floor":21,"turns":4},{"damage":25,"enemies":"Chosen and Byrds","floor":22,"turns":6},{"damage":45,"enemies":"Book of Stabbing","floor":24,"turns":4}],"seed_played":"902488265356967258","potions_obtained":[{"floor":8,"key":"Block Potion"},{"floor":11,"key":"Poison Potion"},{"floor":14,"key":"EssenceOfSteel"},{"floor":16,"key":"GhostInAJar"},{"floor":22,"key":"Ancient Potion"}],"is_trial":false,"path_per_floor":["M","?","M","M","?","R","M","E","T","R","M","M","$","E","R","B",null,"M","?","T","M","M","R","E"],"character_chosen":"THE_SILENT","items_purchased":["Footwork"],"campfire_rested":1,"item_purchase_floors":[13],"current_hp_per_floor":[53,53,52,51,58,58,51,33,33,33,31,26,26,14,14,14,58,50,50,50,49,24,45,0],"gold":290,"neow_bonus":"RANDOM_COMMON_RELIC","is_prod":false,"is_daily":false,"chose_seed":false,"campfire_upgraded":3,"win_rate":0,"timestamp":1552951656,"path_taken":["M","?","?","?","?","R","M","E","T","R","M","M","?","E","R","BOSS","M","?","?","?","M","R","E"],"build_version":"2019-03-15","purchased_purges":0,"victory":false,"max_hp_per_floor":[66,66,66,66,73,73,73,73,73,73,73,73,73,73,73,73,73,73,73,73,73,73,73,73],"card_choices":[{"not_picked":["Flying Knee","Tactician"],"picked":"Deadly Poison","floor":1},{"not_picked":["Underhanded Strike","Acrobatics"],"picked":"Cloak And Dagger","floor":3},{"not_picked":["Finisher","Slice"],"picked":"Dash","floor":4},{"not_picked":["Flechettes","Quick Slash"],"picked":"Bouncing Flask","floor":7},{"not_picked":["Dagger Spray","Flechettes"],"picked":"Well Laid Plans","floor":8},{"not_picked":["Well Laid Plans","Deflect"],"picked":"Catalyst","floor":11},{"not_picked":["Backflip","Concentrate"],"picked":"Caltrops","floor":12},{"not_picked":["Dagger Spray","Well Laid Plans"],"picked":"Glass Knife","floor":14},{"not_picked":["Venomology","Unload"],"picked":"Malaise","floor":16},{"not_picked":["Flying Knee","Quick Slash","Acrobatics"],"picked":"SKIP","floor":18},{"not_picked":["Bane","Grand Finale"],"picked":"Backflip","floor":21},{"not_picked":["Underhanded Strike","Slice"],"picked":"Bouncing Flask","floor":22},{"not_picked":["Poisoned Stab","Accuracy"],"picked":"Deadly Poison","floor":23}],"player_experience":1136864,"relics_obtained":[{"floor":8,"key":"Shovel"},{"floor":9,"key":"Paper Crane"},{"floor":14,"key":"MawBank"},{"floor":20,"key":"Tiny Chest"}],"event_choices":[{"cards_removed":["Strike_G"],"damage_healed":0,"gold_gain":0,"player_choice":"Offered Basic","damage_taken":0,"max_hp_gain":0,"max_hp_loss":0,"event_name":"Bonfire Elementals","floor":2,"gold_loss":0},{"damage_healed":0,"gold_gain":0,"player_choice":"Paid Gold","damage_taken":0,"relics_obtained":["Strawberry"],"max_hp_gain":0,"max_hp_loss":0,"event_name":"WeMeetAgain","floor":5,"gold_loss":138},{"damage_healed":0,"gold_gain":0,"cards_transformed":["Strike_G","Strike_G"],"player_choice":"Became Test Subject","damage_taken":0,"max_hp_gain":0,"max_hp_loss":0,"event_name":"Drug Dealer","floor":19,"gold_loss":0,"cards_obtained":["Flechettes","Storm of Steel"]}],"is_beta":true,"boss_relics":[{"not_picked":["Ectoplasm","Runic Pyramid"],"picked":"Empty Cage"}],"items_purged_floors":[],"is_endless":false,"potions_floor_spawned":[8,11,14,16,22],"killed_by":"Book of Stabbing","ascension_level":20}