{"gold_per_floor":[118,133,208,208,220,255,255,281,281,281,293,309,342,367,367,444,444,456,18,35,85,85,120,139,158,158,191,191,226,238,284,296,387,399,430,1441,1453,1479,813,842,842,870,870,895,463,480,500,510,510,510,510,510,510,6,37,37],"floor_reached":57,"playtime":4442,"items_purged":["Strike_R","Normality","Normality","Strike_R+1"],"score":3226,"play_id":"da8a5f4d-5f19-4770-8c6f-a5872be1a2a1","local_time":"20190326101625","is_ascension_mode":true,"campfire_choices":[{"data":"Bash","floor":7.0,"key":"SMITH"},{"data":"Bludgeon","floor":10.0,"key":"SMITH"},{"data":"Shockwave","floor":15.0,"key":"SMITH"},{"data":"Immolate","floor":32,"key":"SMITH"},{"floor":41,"key":"RECALL"},{"floor":49,"key":"REST"},{"data":"Spot Weakness","floor":53,"key":"SMITH"}],"neow_cost":"NONE","seed_source_timestamp":1140251688463027,"circlet_count":0,"master_deck":["AscendersBane","Strike_R+1","Strike_R+1","Defend_R+1","Defend_R+1","Defend_R+1","Defend_R+1","Bash+1","Armaments","Spot Weakness+1","Bludgeon+1","Impervious","Shockwave+1","Armaments","Shrug It Off","Carnage","Immolate+1","Corruption+1","Anger","Feel No Pain+1","Ghostly Armor","Warcry+1","Feed","Metallicize+1","True Grit+1","Shrug It Off+1","Intimidate+1","Double Tap+1","Impervious+1"],"special_seed":0,"relics":["Burning Blood","Paper Frog","The Courier","Frozen Egg 2","Odd Mushroom","Busted Crown","Bronze Scales","Self Forming Clay","Nloth\u0027s Gift","WingedGreaves","Toxic Egg 2","Mercury Hourglass","MawBank","Red Skull","Runic Dome","Pantograph","Centennial Puzzle","Pocketwatch","Vajra","Potion Belt","Happy Flower","Dead Branch","Bag of Preparation","Anchor","Shuriken"],"potions_floor_usage":[29,31,56,56],"damage_taken":[{"damage":6.0,"enemies":"Small Slimes","floor":1.0,"turns":4.0},{"damage":9.0,"enemies":"Jaw Worm","floor":2.0,"turns":6.0},{"damage":4.0,"enemies":"2 Louse","floor":5.0,"turns":4.0},{"damage":8.0,"enemies":"Gremlin Nob","floor":6.0,"turns":3.0},{"damage":30.0,"enemies":"3 Sentries","floor":8.0,"turns":8.0},{"damage":0.0,"enemies":"2 Fungi Beasts","floor":11.0,"turns":4.0},{"damage":0.0,"enemies":"Red Slaver","floor":12.0,"turns":2.0},{"damage":8.0,"enemies":"Lagavulin","floor":13.0,"turns":9.0},{"damage":14.0,"enemies":"The Mushroom Lair","floor":14.0,"turns":6.0},{"damage":17.0,"enemies":"Hexaghost","floor":16.0,"turns":7.0},{"damage":5.0,"enemies":"Shell Parasite","floor":18.0,"turns":3.0},{"damage":0.0,"enemies":"3 Byrds","floor":20.0,"turns":4.0},{"damage":20.0,"enemies":"Slavers","floor":23.0,"turns":3.0},{"damage":8.0,"enemies":"Snecko","floor":24.0,"turns":3.0},{"damage":4,"enemies":"Chosen and Byrds","floor":25,"turns":3},{"damage":0,"enemies":"Book of Stabbing","floor":27,"turns":5},{"damage":9,"enemies":"Slavers","floor":29,"turns":4},{"damage":0,"enemies":"Book of Stabbing","floor":31,"turns":4},{"damage":54,"enemies":"Collector","floor":33,"turns":9},{"damage":0,"enemies":"Orb Walker","floor":35,"turns":5},{"damage":14,"enemies":"3 Darklings","floor":38,"turns":4},{"damage":1,"enemies":"Nemesis","floor":40,"turns":5},{"damage":14,"enemies":"Giant Head","floor":42,"turns":7},{"damage":0,"enemies":"Nemesis","floor":44,"turns":7},{"damage":1,"enemies":"Transient","floor":46,"turns":6},{"damage":18,"enemies":"Jaw Worm Horde","floor":47,"turns":2},{"damage":22,"enemies":"4 Shapes","floor":48,"turns":4},{"damage":3,"enemies":"Donu and Deca","floor":50,"turns":9},{"damage":25,"enemies":"Time Eater","floor":51,"turns":14},{"damage":3,"enemies":"Shield and Spear","floor":55,"turns":4},{"damage":37,"enemies":"The Heart","floor":56,"turns":6}],"seed_played":"4419488960079282506","potions_obtained":[{"floor":8.0,"key":"SteroidPotion"},{"floor":11.0,"key":"Fruit Juice"},{"floor":12.0,"key":"Explosive Potion"},{"floor":13.0,"key":"SkillPotion"},{"floor":16.0,"key":"FearPotion"},{"floor":25,"key":"Explosive Potion"},{"floor":29,"key":"Block Potion"},{"floor":38,"key":"SpeedPotion"}],"is_trial":false,"path_per_floor":["M","M","?","?","M","E","R","E","T","R","M","M","E","?","R","B",null,"M","$","M","?","?","E","M","M","T","E","?","E","?","E","R","B",null,"M","?","?","M","$","E","R","E","T","E","$","M","M","M","R","B","B",null,"R","$","E","B",null],"character_chosen":"IRONCLAD","items_purchased":["Corruption+1","Bronze Scales","Self Forming Clay","Shrug It Off+1","Pantograph","Centennial Puzzle","Pocketwatch","Dead Branch","LiquidBronze","Bag of Preparation","Anchor","FairyPotion","PowerPotion"],"campfire_rested":1,"item_purchase_floors":[19,19,19,39,39,39,39,45,45,54,54,54,54],"current_hp_per_floor":[75,72,61,54,56,54,54,30,30,30,36,47,45,37,37,26,72,73,73,79,79,79,65,63,65,65,71,71,68,68,74,74,26,72,78,78,78,70,70,75,75,70,70,79,79,84,72,60,89,100,85,99,99,99,102,73],"gold":37,"neow_bonus":"TEN_PERCENT_HP_BONUS","is_prod":false,"is_daily":false,"chose_seed":false,"campfire_upgraded":5,"win_rate":0,"timestamp":1553609785,"path_taken":["M","M","?","?","M","E","R","E","T","R","M","M","E","?","R","BOSS","M","$","M","?","?","E","?","M","T","E","?","E","?","E","R","BOSS","M","?","?","M","$","E","R","E","T","E","$","?","M","M","R","BOSS","BOSS","R","$","E","BOSS"],"build_version":"2019-03-15","purchased_purges":4,"victory":true,"max_hp_per_floor":[82,82,82,82,82,82,82,82,82,82,82,87,87,87,87,87,87,87,87,87,87,87,87,87,87,87,87,87,87,87,87,87,87,87,87,87,87,87,87,87,87,90,90,93,93,93,93,97,97,100,104,104,104,104,104,104],"card_choices":[{"not_picked":["Headbutt","Sword Boomerang"],"picked":"Armaments","floor":1.0},{"not_picked":["Flex","Rage"],"picked":"Spot Weakness","floor":2.0},{"not_picked":["Wild Strike","Warcry"],"picked":"Bludgeon","floor":5.0},{"not_picked":["Bloodletting","Searing Blow","Entrench"],"picked":"SKIP","floor":6.0},{"not_picked":["Armaments","Warcry"],"picked":"Impervious","floor":8.0},{"not_picked":["Pommel Strike","Wild Strike"],"picked":"Shockwave","floor":11.0},{"not_picked":["Heavy Blade","Twin Strike"],"picked":"Armaments","floor":12.0},{"not_picked":["Wild Strike","Headbutt"],"picked":"Shrug It Off","floor":13.0},{"not_picked":["Clash","Dual Wield"],"picked":"Carnage","floor":14.0},{"not_picked":["Dark Embrace+1","Berserk+1"],"picked":"Immolate","floor":16.0},{"not_picked":["Twin Strike"],"picked":"SKIP","floor":18.0},{"not_picked":["Second Wind"],"picked":"SKIP","floor":20.0},{"not_picked":[],"picked":"Anger","floor":23.0},{"not_picked":[],"picked":"Feel No Pain+1","floor":24.0},{"not_picked":[],"picked":"Ghostly Armor","floor":25},{"not_picked":[],"picked":"Warcry+1","floor":27},{"not_picked":[],"picked":"Feed","floor":29},{"not_picked":["Berserk+1"],"picked":"SKIP","floor":31},{"not_picked":[],"picked":"True Grit+1","floor":35},{"not_picked":["Twin Strike"],"picked":"SKIP","floor":38},{"not_picked":[],"picked":"Intimidate+1","floor":40},{"not_picked":["Intimidate+1"],"picked":"SKIP","floor":42},{"not_picked":["Bludgeon"],"picked":"SKIP","floor":44},{"not_picked":["Anger"],"picked":"SKIP","floor":46},{"not_picked":[],"picked":"Double Tap+1","floor":47},{"not_picked":["Body Slam+1"],"picked":"SKIP","floor":48},{"not_picked":[],"picked":"Impervious+1","floor":55}],"player_experience":1287889,"relics_obtained":[{"floor":6.0,"key":"Paper Frog"},{"floor":8.0,"key":"The Courier"},{"floor":9.0,"key":"Frozen Egg 2"},{"floor":13.0,"key":"Blue Candle"},{"floor":14.0,"key":"Odd Mushroom"},{"floor":23.0,"key":"WingedGreaves"},{"floor":26,"key":"Toxic Egg 2"},{"floor":27,"key":"Mercury Hourglass"},{"floor":29,"key":"MawBank"},{"floor":31,"key":"Red Skull"},{"floor":40,"key":"Vajra"},{"floor":42,"key":"Potion Belt"},{"floor":44,"key":"Happy Flower"},{"floor":55,"key":"Shuriken"}],"event_choices":[{"damage_healed":0.0,"max_hp_gain":0.0,"max_hp_loss":0.0,"gold_gain":75.0,"event_name":"World of Goop","player_choice":"Gather Gold","floor":3.0,"gold_loss":0.0,"damage_taken":11.0},{"cards_removed":["Strike_R"],"damage_healed":0.0,"max_hp_gain":0.0,"max_hp_loss":0.0,"gold_gain":0.0,"event_name":"Golden Wing","player_choice":"Card Removal","floor":4.0,"gold_loss":0.0,"damage_taken":7.0},{"damage_healed":0.0,"max_hp_gain":0.0,"max_hp_loss":0.0,"gold_gain":0.0,"event_name":"Mushrooms","player_choice":"Fought Mushrooms","floor":14.0,"gold_loss":0.0,"damage_taken":0.0},{"damage_healed":0.0,"max_hp_gain":0.0,"max_hp_loss":0.0,"gold_gain":50.0,"event_name":"Nest","player_choice":"Stole From Cult","floor":21.0,"gold_loss":0.0,"damage_taken":0.0},{"damage_healed":0.0,"max_hp_gain":0.0,"max_hp_loss":0.0,"gold_gain":0.0,"event_name":"N\u0027loth","player_choice":"Traded Relic","floor":22.0,"relics_lost":["Blue Candle"],"gold_loss":0.0,"damage_taken":0.0,"relics_obtained":["Nloth\u0027s Gift"]},{"damage_healed":0,"gold_gain":0,"player_choice":"Simplicity","damage_taken":0,"max_hp_gain":0,"max_hp_loss":0,"event_name":"Back to Basics","floor":28,"gold_loss":0,"cards_upgraded":["Strike_R","Strike_R","Strike_R","Defend_R","Defend_R","Defend_R","Defend_R"]},{"damage_healed":0,"gold_gain":0,"player_choice":"Read","damage_taken":0,"max_hp_gain":0,"max_hp_loss":0,"event_name":"The Library","floor":30,"gold_loss":0,"cards_obtained":["Metallicize"]},{"damage_healed":0,"gold_gain":999,"player_choice":"Gold","damage_taken":0,"max_hp_gain":0,"max_hp_loss":0,"event_name":"MindBloom","floor":36,"gold_loss":0,"cards_obtained":["Normality","Normality"]},{"damage_healed":0,"gold_gain":0,"player_choice":"Ignored","damage_taken":0,"max_hp_gain":0,"max_hp_loss":0,"event_name":"SecretPortal","floor":37,"gold_loss":0}],"is_beta":true,"boss_relics":[{"not_picked":["Empty Cage","White Beast Statue"],"picked":"Busted Crown"},{"not_picked":["Runic Cube","Philosopher\u0027s Stone"],"picked":"Runic Dome"}],"items_purged_floors":[19,39,45,54],"is_endless":false,"potions_floor_spawned":[8,11,12,13,16,25,29,38],"ascension_level":20}