{"gold_per_floor":[119,139,149,149,1,32,50,82,82,112,112,128,140,157,157,257,257,276,288,288,308,11,44,44,18,18,37,49,49,84,97,97,194,194,206,206,53,63,63,63,96,96,144,144,155,165,0,20,20,20],"floor_reached":50,"playtime":4184,"items_purged":["Pain"],"score":698,"play_id":"e6ce64db-f946-4a6f-9f82-3410c878ae53","local_time":"20181223035013","is_ascension_mode":true,"campfire_choices":[{"data":"Noxious Fumes","floor":11,"key":"SMITH"},{"data":"Tactician","floor":15,"key":"SMITH"},{"data":"1","floor":24,"key":"LIFT"},{"data":"Tactician","floor":29,"key":"SMITH"},{"floor":32,"key":"REST"},{"data":"2","floor":40,"key":"LIFT"},{"data":"3","floor":42,"key":"LIFT"},{"data":"Acrobatics","floor":44,"key":"SMITH"},{"floor":49,"key":"RECALL"}],"neow_cost":"NONE","seed_source_timestamp":137626952313891,"circlet_count":0,"master_deck":["Survivor","Neutralize+1","Noxious Fumes+1","Backflip","Crippling Poison","Tactician+1","Leg Sweep","Acrobatics","Dodge and Roll","Infinite Blades","Backflip","Malaise","Poisoned Stab","All Out Attack","Noxious Fumes","Storm of Steel","Finisher","Glass Knife","Bouncing Flask","Well Laid Plans","Bullet Time","Calculated Gamble+1","Reflex","PiercingWail+1","Prepared","Acrobatics","Acrobatics+1","Calculated Gamble","Tactician+1","Outmaneuver","Underhanded Strike","Grand Finale","Prepared","Well Laid Plans","Grand Finale","Dagger Throw+1","Reflex+1","Expertise"],"relics":["Ring of the Snake","Bag of Marbles","Mercury Hourglass","Matryoshka","Sundial","Whetstone","Lantern","Pandora\u0027s Box","Letter Opener","Girya","Art of War","Darkstone Periapt","Bottled Lightning","Coffee Dripper","WarpedTongs","Boot","Red Mask"],"potions_floor_usage":[6,6,10,18,31,33,33,41,48,50,50],"damage_taken":[{"damage":0,"enemies":"Small Slimes","floor":1,"turns":4},{"damage":2,"enemies":"Cultist","floor":2,"turns":5},{"damage":4,"enemies":"Jaw Worm","floor":3,"turns":6},{"damage":10,"enemies":"3 Sentries","floor":6,"turns":6},{"damage":0,"enemies":"3 Louse","floor":7,"turns":2},{"damage":26,"enemies":"Gremlin Nob","floor":8,"turns":5},{"damage":5,"enemies":"3 Sentries","floor":10,"turns":5},{"damage":3,"enemies":"Gremlin Gang","floor":12,"turns":3},{"damage":0,"enemies":"Large Slime","floor":13,"turns":5},{"damage":2,"enemies":"Blue Slaver","floor":14,"turns":4},{"damage":16,"enemies":"Slime Boss","floor":16,"turns":8},{"damage":11,"enemies":"Chosen","floor":18,"turns":5},{"damage":22,"enemies":"3 Byrds","floor":19,"turns":3},{"damage":15,"enemies":"Shelled Parasite and Fungi","floor":21,"turns":6},{"damage":0,"enemies":"Gremlin Leader","floor":23,"turns":6},{"damage":15,"enemies":"Snake Plant","floor":27,"turns":4},{"damage":12,"enemies":"Cultist and Chosen","floor":28,"turns":5},{"damage":8,"enemies":"Book of Stabbing","floor":30,"turns":5},{"damage":6,"enemies":"Shelled Parasite and Fungi","floor":31,"turns":5},{"damage":23,"enemies":"Collector","floor":33,"turns":8},{"damage":8,"enemies":"3 Darklings","floor":35,"turns":3},{"damage":1,"enemies":"3 Shapes","floor":38,"turns":3},{"damage":14,"enemies":"Nemesis","floor":41,"turns":7},{"damage":0,"enemies":"Maw","floor":45,"turns":6},{"damage":6,"enemies":"4 Shapes","floor":46,"turns":3},{"damage":6,"enemies":"Transient","floor":48,"turns":5},{"damage":61,"enemies":"Awakened One","floor":50,"turns":10}],"seed_played":"7378650084669035564","potions_obtained":[{"floor":4,"key":"EssenceOfSteel"},{"floor":4,"key":"Energy Potion"},{"floor":4,"key":"FairyPotion"},{"floor":6,"key":"Regen Potion"},{"floor":10,"key":"Strength Potion"},{"floor":13,"key":"Ancient Potion"},{"floor":14,"key":"Swift Potion"},{"floor":18,"key":"EssenceOfSteel"},{"floor":31,"key":"LiquidBronze"},{"floor":45,"key":"AttackPotion"},{"floor":46,"key":"SneckoOil"}],"is_trial":false,"path_per_floor":["M","M","M","?","$","E","M","E","T","E","R","M","M","M","R","B",null,"M","M","?","M","$","E","R","$","T","M","M","R","E","M","R","B",null,"M","?","$","M","?","R","E","R","T","R","M","M","?","M","R","B"],"character_chosen":"THE_SILENT","items_purchased":["Bag of Marbles","Letter Opener","Prepared","Acrobatics","Regen Potion"],"campfire_rested":1,"item_purchase_floors":[5,22,22,25,37],"current_hp_per_floor":[70,68,64,64,64,54,54,28,28,38,38,35,35,33,33,17,70,59,37,60,45,45,45,45,45,45,30,18,18,10,4,25,2,70,62,68,68,67,67,67,67,67,67,67,67,61,61,55,55,0],"gold":20,"neow_bonus":"REMOVE_CARD","is_prod":false,"is_daily":false,"chose_seed":false,"campfire_upgraded":4,"win_rate":0,"timestamp":1545555013,"path_taken":["M","M","M","?","$","E","M","E","T","E","R","?","M","M","R","BOSS","M","M","?","M","$","E","R","?","T","M","M","R","E","M","R","BOSS","M","?","$","?","?","R","E","R","T","R","M","M","?","M","R","BOSS"],"build_version":"2018-12-20","purchased_purges":1,"victory":false,"max_hp_per_floor":[70,70,70,70,70,70,70,70,70,70,70,70,70,70,70,70,70,70,70,70,70,70,70,70,70,70,70,70,70,70,70,70,70,70,70,76,76,76,76,76,76,76,76,76,76,76,76,76,76,76],"card_choices":[{"not_picked":["Underhanded Strike","Dagger Throw"],"picked":"Noxious Fumes","floor":1},{"not_picked":["Prepared","Quick Slash"],"picked":"Backflip","floor":2},{"not_picked":["Escape Plan","Concentrate"],"picked":"Crippling Poison","floor":3},{"not_picked":["Storm of Steel","Infinite Blades"],"picked":"Tactician","floor":6},{"not_picked":["Flying Knee","Blade Dance"],"picked":"Poisoned Stab","floor":7},{"not_picked":["Blade Dance","Dagger Throw"],"picked":"Leg Sweep","floor":8},{"not_picked":["Blade Dance","Choke"],"picked":"Acrobatics","floor":10},{"not_picked":["Cloak And Dagger","Dash"],"picked":"Dodge and Roll","floor":12},{"not_picked":["Deflect","Skewer"],"picked":"Infinite Blades","floor":13},{"not_picked":["PiercingWail","Sucker Punch"],"picked":"Backflip","floor":14},{"not_picked":["Wraith Form v2","Adrenaline"],"picked":"Malaise","floor":16},{"not_picked":["Acrobatics","Poisoned Stab"],"picked":"Calculated Gamble+1","floor":18},{"not_picked":["PiercingWail","Dagger Throw"],"picked":"Reflex","floor":19},{"not_picked":["Deadly Poison","Masterful Stab"],"picked":"PiercingWail+1","floor":21},{"not_picked":["Choke+1","Die Die Die"],"picked":"Acrobatics","floor":23},{"not_picked":["Infinite Blades+1","Sucker Punch+1"],"picked":"Calculated Gamble","floor":27},{"not_picked":["Infinite Blades","Cloak And Dagger"],"picked":"Tactician","floor":28},{"not_picked":["Endless Agony","Poisoned Stab"],"picked":"Outmaneuver","floor":30},{"not_picked":["Poisoned Stab","Deadly Poison"],"picked":"Underhanded Strike","floor":31},{"not_picked":["After Image","Bullet Time"],"picked":"Grand Finale","floor":33},{"not_picked":["Eviscerate+1","Sucker Punch"],"picked":"Prepared","floor":35},{"not_picked":["Deadly Poison","Quick Slash"],"picked":"Well Laid Plans","floor":38},{"not_picked":["Corpse Explosion","Slice+1"],"picked":"Grand Finale","floor":41},{"not_picked":["Poisoned Stab+1","Quick Slash+1"],"picked":"Dagger Throw+1","floor":45},{"not_picked":["Cloak And Dagger","Bane+1"],"picked":"Reflex+1","floor":46},{"not_picked":["Sucker Punch","Underhanded Strike"],"picked":"Expertise","floor":48}],"player_experience":163100,"relics_obtained":[{"floor":6,"key":"Mercury Hourglass"},{"floor":8,"key":"Matryoshka"},{"floor":9,"key":"Sundial"},{"floor":9,"key":"Whetstone"},{"floor":10,"key":"Lantern"},{"floor":23,"key":"Girya"},{"floor":26,"key":"Art of War"},{"floor":26,"key":"Darkstone Periapt"},{"floor":30,"key":"Bottled Lightning"},{"floor":41,"key":"Boot"}],"event_choices":[{"damage_healed":0,"gold_gain":0,"player_choice":"Got Potions","damage_taken":0,"max_hp_gain":0,"max_hp_loss":0,"event_name":"Lab","floor":4,"gold_loss":0},{"damage_healed":23,"gold_gain":0,"player_choice":"Heal","damage_taken":0,"max_hp_gain":0,"max_hp_loss":0,"event_name":"The Library","floor":20,"gold_loss":0},{"damage_healed":0,"gold_gain":0,"player_choice":"Rummage","damage_taken":0,"relics_obtained":["WarpedTongs"],"max_hp_gain":0,"max_hp_loss":0,"event_name":"Accursed Blacksmith","floor":36,"gold_loss":0,"cards_obtained":["Pain"]},{"cards_removed":["Poisoned Stab"],"damage_healed":0,"gold_gain":0,"player_choice":"Removed Attack","damage_taken":0,"max_hp_gain":0,"max_hp_loss":0,"event_name":"Falling","floor":39,"gold_loss":0},{"damage_healed":0,"gold_gain":0,"player_choice":"Paid","damage_taken":0,"relics_obtained":["Red Mask"],"max_hp_gain":0,"max_hp_loss":0,"event_name":"Tomb of Lord Red Mask","floor":47,"gold_loss":165}],"is_beta":true,"boss_relics":[{"not_picked":["Eternal Feather","Lizard Tail"],"picked":"Pandora\u0027s Box"},{"not_picked":["HoveringKite","White Beast Statue"],"picked":"Coffee Dripper"}],"items_purged_floors":[37],"is_endless":false,"potions_floor_spawned":[6,10,13,14,18,21,31,45,46],"killed_by":"Awakened One","ascension_level":4}