{"gold_per_floor":[112,112,112,135,148,191,29,73,99,99,99],"floor_reached":11,"playtime":337,"items_purged":[],"score":162,"play_id":"b027a651-b37f-4a96-a1f6-24c3d1b279ae","local_time":"20190224114603","is_ascension_mode":true,"campfire_choices":[],"neow_cost":"NONE","seed_source_timestamp":139601578979060,"circlet_count":0,"master_deck":["AscendersBane","Strike_R","Strike_R","Strike_R","Strike_R","Strike_R","Defend_R","Defend_R","Defend_R","Defend_R","Bash","Armaments+1","Intimidate","Flame Barrier","Twin Strike"],"relics":["Burning Blood","NeowsBlessing","Golden Idol","Regal Pillow","Red Skull","Boot","Art of War"],"potions_floor_usage":[8,11],"damage_taken":[{"damage":0,"enemies":"Small Slimes","floor":1,"turns":1},{"damage":0,"enemies":"2 Louse","floor":4,"turns":1},{"damage":0,"enemies":"Cultist","floor":5,"turns":1},{"damage":53,"enemies":"Gremlin Nob","floor":6,"turns":6},{"damage":8,"enemies":"Lagavulin","floor":8,"turns":9},{"damage":12,"enemies":"3 Sentries","floor":11,"turns":6}],"seed_played":"6941950137575374345","potions_obtained":[{"floor":1,"key":"Explosive Potion"},{"floor":6,"key":"Swift Potion"}],"is_trial":false,"path_per_floor":["M","?","?","M","M","E","$","E","T","$","E"],"character_chosen":"IRONCLAD","items_purchased":["Red Skull"],"campfire_rested":0,"item_purchase_floors":[7],"current_hp_per_floor":[74,48,48,54,60,13,13,11,11,11,0],"gold":99,"neow_bonus":"THREE_ENEMY_KILL","is_prod":false,"is_daily":false,"chose_seed":false,"campfire_upgraded":0,"win_rate":0,"timestamp":1551026763,"path_taken":["M","?","?","M","?","E","?","E","T","$","E"],"build_version":"2019-02-06","purchased_purges":0,"victory":false,"max_hp_per_floor":[75,75,75,75,75,75,75,75,75,75,75],"card_choices":[{"not_picked":["Sentinel","Anger"],"picked":"Armaments","floor":1},{"not_picked":["Anger","Clash"],"picked":"Intimidate","floor":4},{"not_picked":["Wild Strike","Rupture"],"picked":"Flame Barrier","floor":5},{"not_picked":["Dropkick","Sword Boomerang"],"picked":"Twin Strike","floor":6},{"not_picked":["Heavy Blade","Body Slam","Anger"],"picked":"SKIP","floor":8}],"player_experience":994299,"relics_obtained":[{"floor":6,"key":"Regal Pillow"},{"floor":8,"key":"Boot"},{"floor":9,"key":"Art of War"}],"event_choices":[{"damage_healed":0,"gold_gain":0,"player_choice":"Take Damage","damage_taken":26,"relics_obtained":["Golden Idol"],"max_hp_gain":0,"max_hp_loss":0,"event_name":"Golden Idol","floor":2,"gold_loss":0},{"damage_healed":0,"gold_gain":0,"player_choice":"Upgraded","damage_taken":0,"max_hp_gain":0,"max_hp_loss":0,"event_name":"Upgrade Shrine","floor":3,"gold_loss":0,"cards_upgraded":["Armaments"]}],"is_beta":true,"boss_relics":[],"items_purged_floors":[],"is_endless":false,"potions_floor_spawned":[1,6],"killed_by":"3 Sentries","ascension_level":20}