{"gold_per_floor":[116,127,146,146,158,158,177,177,248,86,111,111,111,121,121,199,199,171,221,64,81,106,131,131,162,187,187,199,230,155,155,155,226,226,236,236,247,272,372,398,398,432,508,508,508,521,359,386,386,386,386,386,386,47,80,80],"floor_reached":56,"playtime":3164,"items_purged":["Strike_G","Strike_G"],"score":2163,"play_id":"49a13b97-dd9f-4bb4-950e-e3bee407d9d5","local_time":"20181104142450","is_ascension_mode":true,"campfire_choices":[{"data":"Bouncing Flask","floor":6.0,"key":"SMITH"},{"data":"Well Laid Plans","floor":8.0,"key":"SMITH"},{"floor":12.0,"key":"REST"},{"data":"Leg Sweep","floor":15.0,"key":"SMITH"},{"floor":24.0,"key":"REST"},{"data":"Leg Sweep","floor":27.0,"key":"SMITH"},{"data":"Backflip","floor":32,"key":"SMITH"},{"data":"After Image","floor":41,"key":"SMITH"},{"data":"Catalyst","floor":44,"key":"SMITH"},{"floor":49,"key":"RECALL"},{"data":"Backflip","floor":53,"key":"SMITH"}],"neow_cost":"NONE","seed_source_timestamp":0,"circlet_count":0,"master_deck":["AscendersBane","Defend_G+1","Defend_G","Defend_G","Defend_G+1","Defend_G","Strike_G","Strike_G","Survivor","Neutralize","Dagger Spray","Dodge and Roll+1","Bouncing Flask+1","Noxious Fumes+1","Well Laid Plans+1","PiercingWail","Leg Sweep+1","Calculated Gamble","Cloak And Dagger","Leg Sweep+1","Backflip+1","Dodge and Roll+1","After Image+1","Bouncing Flask+1","Backflip+1","Catalyst+1","Corpse Explosion","Infinite Blades","Tools of the Trade"],"special_seed":0,"relics":["Ring of the Snake","Gremlin Horn","Snake Skull","Turnip","Eternal Feather","Happy Flower","Bronze Scales","Strawberry","Peace Pipe","War Paint","Oddly Smooth Stone","Sozu","PreservedInsect","Du-Vu Doll","Lantern","Art of War","Bag of Marbles","Mummified Hand","Bag of Preparation","Potion Belt"],"potions_floor_usage":[33,50],"damage_taken":[{"damage":3.0,"enemies":"Cultist","floor":1.0,"turns":4.0},{"damage":1.0,"enemies":"Small Slimes","floor":2.0,"turns":4.0},{"damage":2.0,"enemies":"2 Louse","floor":3.0,"turns":4.0},{"damage":17.0,"enemies":"Lots of Slimes","floor":5.0,"turns":4.0},{"damage":2.0,"enemies":"Exordium Thugs","floor":7.0,"turns":4.0},{"damage":28.0,"enemies":"Gremlin Nob","floor":11.0,"turns":4.0},{"damage":0.0,"enemies":"Large Slime","floor":14.0,"turns":5.0},{"damage":3.0,"enemies":"The Guardian","floor":16.0,"turns":8.0},{"damage":0.0,"enemies":"2 Thieves","floor":18.0,"turns":4.0},{"damage":0.0,"enemies":"Spheric Guardian","floor":21.0,"turns":3.0},{"damage":23.0,"enemies":"Book of Stabbing","floor":23.0,"turns":6.0},{"damage":8.0,"enemies":"Gremlin Leader","floor":25.0,"turns":5.0},{"damage":0.0,"enemies":"Shelled Parasite and Fungi","floor":28.0,"turns":5.0},{"damage":35,"enemies":"Book of Stabbing","floor":29,"turns":7},{"damage":31,"enemies":"Champ","floor":33,"turns":12},{"damage":4,"enemies":"3 Shapes","floor":35,"turns":6},{"damage":0,"enemies":"Orb Walker","floor":37,"turns":4},{"damage":0,"enemies":"Mind Bloom Boss Battle","floor":39,"turns":7},{"damage":6,"enemies":"Nemesis","floor":40,"turns":7},{"damage":42,"enemies":"Reptomancer","floor":42,"turns":6},{"damage":1,"enemies":"3 Darklings","floor":46,"turns":4},{"damage":5,"enemies":"Giant Head","floor":48,"turns":6},{"damage":0,"enemies":"Donu and Deca","floor":50,"turns":5},{"damage":42,"enemies":"Awakened One","floor":51,"turns":22},{"damage":20,"enemies":"Shield and Spear","floor":55,"turns":5},{"damage":48,"enemies":"The Heart","floor":56,"turns":5}],"seed_played":"7022162396327221314","potions_obtained":[{"floor":2.0,"key":"Dexterity Potion"},{"floor":3.0,"key":"Block Potion"},{"floor":7.0,"key":"Block Potion"},{"floor":14.0,"key":"Block Potion"},{"floor":18.0,"key":"Swift Potion"},{"floor":29,"key":"SkillPotion"},{"floor":33,"key":"Swift Potion"}],"is_trial":false,"path_per_floor":["M","M","M","?","M","R","M","R","T","$","E","R","?","M","R","B",null,"M","?","$","M","T","E","R","E","T","R","M","E","$","?","R","B",null,"M","?","M","T","?","E","R","E","T","R","$","M","$","E","R","B","B",null,"R","$","E","B"],"character_chosen":"THE_SILENT","items_purchased":["Snake Skull","Happy Flower","Bag of Marbles","Bag of Preparation","Infinite Blades"],"campfire_rested":2,"item_purchase_floors":[10,20,47,54,54],"current_hp_per_floor":[56,55,53,53,36,36,34,34,34,34,6,25,25,25,25,22,55,55,49,49,49,49,33,66,58,58,70,70,35,35,35,47,16,59,55,55,55,55,55,49,64,22,22,37,37,36,36,31,46,46,4,53,68,68,48,0],"gold":80,"neow_bonus":"THREE_CARDS","is_prod":false,"is_daily":false,"chose_seed":false,"campfire_upgraded":8,"win_rate":0,"timestamp":1541359490,"path_taken":["M","?","M","?","?","R","M","R","T","$","E","R","?","?","R","BOSS","M","?","$","?","?","E","R","E","T","R","M","E","?","?","R","BOSS","M","?","M","?","?","E","R","E","T","R","?","M","$","E","R","BOSS","BOSS","R","$","E","BOSS"],"build_version":"2018-11-02","purchased_purges":2,"victory":false,"max_hp_per_floor":[66,66,66,66,66,66,66,66,66,66,66,66,66,66,66,66,66,66,66,66,66,66,73,73,73,73,73,73,73,73,73,73,73,73,73,69,69,69,69,69,69,69,69,69,69,69,69,69,69,69,69,69,69,69,69,69],"card_choices":[{"not_picked":["Skewer","Backflip"],"picked":"Dagger Spray","floor":0.0},{"not_picked":["Quick Slash","Heel Hook"],"picked":"Dodge and Roll","floor":1.0},{"not_picked":["Prepared","Heel Hook"],"picked":"Bouncing Flask","floor":2.0},{"not_picked":["Outmaneuver","Prepared"],"picked":"Noxious Fumes","floor":3.0},{"not_picked":["Acrobatics","Deadly Poison"],"picked":"Well Laid Plans","floor":5.0},{"not_picked":["Reflex","Accuracy"],"picked":"PiercingWail","floor":7.0},{"not_picked":["Die Die Die","Sucker Punch"],"picked":"Leg Sweep","floor":11.0},{"not_picked":["Dagger Throw","Blade Dance"],"picked":"Calculated Gamble","floor":14.0},{"not_picked":["Well Laid Plans+1","Underhanded Strike"],"picked":"Cloak And Dagger","floor":18.0},{"not_picked":["Dodge and Roll","Cloak And Dagger"],"picked":"Leg Sweep","floor":21.0},{"not_picked":["Sucker Punch","Distraction"],"picked":"Backflip","floor":23.0},{"not_picked":["Bane","Deflect","Underhanded Strike"],"picked":"SKIP","floor":25.0},{"not_picked":["Sucker Punch","Deadly Poison"],"picked":"Dodge and Roll+1","floor":28.0},{"not_picked":["Flying Knee","Reflex","Blade Dance"],"picked":"SKIP","floor":29},{"not_picked":["Venomology","Adrenaline"],"picked":"After Image","floor":33},{"not_picked":["Bane+1","Masterful Stab"],"picked":"Bouncing Flask+1","floor":35},{"not_picked":["Dash","Dagger Throw"],"picked":"Backflip","floor":37},{"not_picked":["PiercingWail","Dagger Throw"],"picked":"Catalyst","floor":39},{"not_picked":["Cloak And Dagger","Poisoned Stab","Heel Hook"],"picked":"SKIP","floor":40},{"not_picked":["Concentrate","Sucker Punch+1","Deadly Poison"],"picked":"SKIP","floor":42},{"not_picked":["Terror+1","Acrobatics","Poisoned Stab+1"],"picked":"SKIP","floor":46},{"not_picked":["Dagger Spray","Dagger Throw"],"picked":"Corpse Explosion","floor":48},{"not_picked":["Choke+1","Riddle With Holes+1"],"picked":"Tools of the Trade","floor":55}],"player_experience":841020,"relics_obtained":[{"floor":9.0,"key":"Gremlin Horn"},{"floor":11.0,"key":"Turnip"},{"floor":22.0,"key":"Bronze Scales"},{"floor":23.0,"key":"Strawberry"},{"floor":25.0,"key":"Peace Pipe"},{"floor":26.0,"key":"War Paint"},{"floor":29,"key":"Oddly Smooth Stone"},{"floor":38,"key":"PreservedInsect"},{"floor":39,"key":"Du-Vu Doll"},{"floor":40,"key":"Lantern"},{"floor":42,"key":"Art of War"},{"floor":48,"key":"Mummified Hand"},{"floor":55,"key":"Potion Belt"}],"event_choices":[{"cards_removed":["Strike_G"],"damage_healed":0.0,"max_hp_gain":0.0,"max_hp_loss":0.0,"gold_gain":0.0,"event_name":"Bonfire Elementals","player_choice":"Offered Basic","floor":4.0,"gold_loss":0.0,"damage_taken":0.0},{"damage_healed":0.0,"max_hp_gain":0.0,"max_hp_loss":0.0,"gold_gain":0.0,"event_name":"Accursed Blacksmith","player_choice":"Forge","floor":13.0,"gold_loss":0.0,"damage_taken":0.0,"cards_upgraded":["Noxious Fumes"]},{"damage_healed":0.0,"max_hp_gain":0.0,"max_hp_loss":0.0,"gold_gain":50.0,"event_name":"FaceTrader","player_choice":"Touch","floor":19.0,"gold_loss":0.0,"damage_taken":6.0},{"damage_healed":0,"gold_gain":0,"player_choice":"Upgraded","damage_taken":0,"max_hp_gain":0,"max_hp_loss":0,"event_name":"Upgrade Shrine","floor":31,"gold_loss":0,"cards_upgraded":["Dodge and Roll"]},{"damage_healed":0,"gold_gain":0,"player_choice":"Max HP","damage_taken":0,"max_hp_gain":0,"max_hp_loss":4,"event_name":"Winding Halls","floor":36,"gold_loss":0},{"damage_healed":0,"gold_gain":0,"player_choice":"Fight","damage_taken":0,"max_hp_gain":0,"max_hp_loss":0,"event_name":"MindBloom","floor":39,"gold_loss":0}],"is_beta":true,"boss_relics":[{"not_picked":["Philosopher\u0027s Stone","Runic Dome"],"picked":"Eternal Feather"},{"not_picked":["Busted Crown","Black Star"],"picked":"Sozu"}],"items_purged_floors":[30,54],"is_endless":false,"potions_floor_spawned":[2,3,7,14,18,21,29,33,37,42,48],"killed_by":"The Heart","ascension_level":20}