{"gold_per_floor":[113,15,15,68,18,18,32,32,32,50,50,62,17,31,31,134,134,145,145,145,156,1,1,20,20,20,20,20,34,34,53,53,157,157,175,175,1,16,36,36,36,136,136,136,136,151,169,169,169,169],"floor_reached":51,"playtime":1456,"items_purged":["Strike_B","Strike_B"],"score":664,"play_id":"ba9af98e-7d83-4e9c-91c3-0bc747b15d5a","local_time":"20190129040344","is_ascension_mode":false,"campfire_choices":[{"data":"1","floor":6,"key":"LIFT"},{"data":"2","floor":8,"key":"LIFT"},{"data":"3","floor":15,"key":"LIFT"},{"data":"Gash","floor":23,"key":"SMITH"},{"data":"Gash","floor":25,"key":"SMITH"},{"data":"Defragment","floor":28,"key":"SMITH"},{"data":"Machine Learning","floor":32,"key":"SMITH"},{"data":"Zap","floor":40,"key":"SMITH"},{"data":"Go for the Eyes","floor":45,"key":"SMITH"},{"floor":49,"key":"REST"}],"neow_cost":"NONE","seed_source_timestamp":161431485063211,"circlet_count":0,"master_deck":["Strike_B","Defend_B+1","Defend_B+1","Defend_B","Defend_B","Zap+1","Dualcast","Gash+1","Gash+1","Go for the Eyes+1","Defragment+1","Gash+1","Gash+1","Machine Learning+1","Gash+1","Sunder+1","Machine Learning+1","Defragment+1","Static Discharge+1"],"relics":["FrozenCore","Girya","Anchor","Molten Egg 2","MutagenicStrength","Oddly Smooth Stone","Frozen Egg 2","Busted Crown","Pocketwatch","Symbiotic Virus"],"potions_floor_usage":[16,27,30,42,47,50],"damage_taken":[{"damage":2,"enemies":"2 Louse","floor":1,"turns":3},{"damage":0,"enemies":"Jaw Worm","floor":7,"turns":3},{"damage":0,"enemies":"Small Slimes","floor":10,"turns":2},{"damage":0,"enemies":"Exordium Wildlife","floor":12,"turns":3},{"damage":0,"enemies":"Red Slaver","floor":14,"turns":4},{"damage":29,"enemies":"Hexaghost","floor":16,"turns":6},{"damage":0,"enemies":"3 Byrds","floor":18,"turns":5},{"damage":0,"enemies":"Spheric Guardian","floor":21,"turns":3},{"damage":8,"enemies":"Snecko","floor":24,"turns":4},{"damage":0,"enemies":"Chosen and Byrds","floor":27,"turns":1},{"damage":0,"enemies":"Centurion and Healer","floor":29,"turns":5},{"damage":0,"enemies":"Snecko","floor":30,"turns":1},{"damage":0,"enemies":"3 Cultists","floor":31,"turns":5},{"damage":37,"enemies":"Automaton","floor":33,"turns":9},{"damage":5,"enemies":"3 Shapes","floor":35,"turns":5},{"damage":0,"enemies":"Orb Walker","floor":38,"turns":3},{"damage":8,"enemies":"4 Shapes","floor":39,"turns":4},{"damage":0,"enemies":"Mind Bloom Boss Battle","floor":42,"turns":3},{"damage":24,"enemies":"Spire Growth","floor":46,"turns":4},{"damage":11,"enemies":"Sphere and 2 Shapes","floor":47,"turns":3},{"damage":18,"enemies":"Time Eater","floor":50,"turns":7}],"seed_played":"-574087973865534735","potions_obtained":[{"floor":0,"key":"SmokeBomb"},{"floor":0,"key":"Ancient Potion"},{"floor":0,"key":"Dexterity Potion"},{"floor":1,"key":"SteroidPotion"},{"floor":12,"key":"SmokeBomb"},{"floor":39,"key":"AttackPotion"},{"floor":42,"key":"Strength Potion"},{"floor":46,"key":"Poison Potion"}],"is_trial":false,"path_per_floor":["M","$","?","T","?","R","M","R","T","M","?","M","$","M","R","B",null,"M","?","?","M","$","R","M","R","T","M","R","M","M","M","R","B",null,"M","?","$","M","M","R","$","?","T","?","R","M","M","?","R","B",null],"character_chosen":"DEFECT","items_purchased":["Gash","Gash+1","Oddly Smooth Stone","Defragment+1"],"campfire_rested":1,"item_purchase_floors":[2,13,22,37],"current_hp_per_floor":[73,73,61,61,61,61,61,61,61,61,46,46,46,46,46,17,75,75,75,75,75,75,75,67,67,67,67,67,67,67,67,67,30,75,70,70,70,70,62,62,62,62,62,62,62,38,27,27,49,31],"gold":169,"neow_bonus":"THREE_SMALL_POTIONS","is_prod":false,"is_daily":false,"chose_seed":false,"campfire_upgraded":6,"win_rate":0.0,"timestamp":1548763424,"path_taken":["M","$","?","?","?","R","M","R","T","M","?","M","$","M","R","BOSS","M","?","?","M","$","R","M","R","T","?","R","M","M","M","R","BOSS","M","?","$","M","M","R","$","?","T","?","R","M","M","?","R","BOSS"],"build_version":"2019-01-23","purchased_purges":2,"victory":true,"max_hp_per_floor":[75,75,75,75,75,75,75,75,75,75,75,75,75,75,75,75,75,75,75,75,75,75,75,75,75,75,75,75,75,75,75,75,75,75,75,75,75,75,75,75,75,75,75,75,75,75,75,75,75,75],"card_choices":[{"not_picked":["Ball Lightning","Chaos"],"picked":"Gash","floor":1},{"not_picked":["Redo","Static Discharge"],"picked":"Go for the Eyes","floor":7},{"not_picked":["Hologram","Leap","Reprogram"],"picked":"SKIP","floor":10},{"not_picked":["Compile Driver+1","Capacitor"],"picked":"Defragment","floor":12},{"not_picked":["Barrage+1","Leap"],"picked":"Gash+1","floor":14},{"not_picked":["Echo Form","Amplify"],"picked":"Machine Learning","floor":16},{"not_picked":["Redo+1","Compile Driver+1"],"picked":"Gash+1","floor":18},{"not_picked":["Aggregate","Steam","Stack"],"picked":"SKIP","floor":21},{"not_picked":["Reinforced Body","Hologram","Conserve Battery"],"picked":"SKIP","floor":24},{"not_picked":["Rebound+1","Undo"],"picked":"Sunder+1","floor":29},{"not_picked":["Barrage+1","Fusion"],"picked":"Redo+1","floor":31},{"not_picked":["Electrodynamics+1","Seek"],"picked":"Machine Learning+1","floor":33},{"not_picked":["Stack+1"],"picked":"SKIP","floor":35},{"not_picked":["Barrage+1"],"picked":"SKIP","floor":38},{"not_picked":[],"picked":"Static Discharge+1","floor":39},{"not_picked":["Rebound+1"],"picked":"SKIP","floor":46},{"not_picked":["Streamline+1"],"picked":"SKIP","floor":47}],"player_experience":214320,"relics_obtained":[{"floor":4,"key":"Anchor"},{"floor":9,"key":"Molten Egg 2"},{"floor":26,"key":"Frozen Egg 2"},{"floor":42,"key":"Pocketwatch"},{"floor":43,"key":"Symbiotic Virus"}],"event_choices":[{"damage_healed":0,"gold_gain":0,"player_choice":"Success","damage_taken":12,"relics_obtained":["Girya"],"max_hp_gain":0,"max_hp_loss":0,"event_name":"Scrap Ooze","floor":3,"gold_loss":0},{"cards_removed":["Strike_B"],"damage_healed":0,"gold_gain":0,"player_choice":"Card Removal","damage_taken":0,"max_hp_gain":0,"max_hp_loss":0,"event_name":"The Cleric","floor":5,"gold_loss":50},{"damage_healed":0,"gold_gain":0,"player_choice":"Entered Light","damage_taken":15,"max_hp_gain":0,"max_hp_loss":0,"event_name":"Shining Light","floor":11,"gold_loss":0,"cards_upgraded":["Defend_B","Defend_B"]},{"damage_healed":0,"gold_gain":0,"player_choice":"Inject Mutagens","damage_taken":0,"relics_obtained":["MutagenicStrength"],"max_hp_gain":0,"max_hp_loss":0,"event_name":"Drug Dealer","floor":19,"gold_loss":0},{"damage_healed":0,"gold_gain":0,"player_choice":"Ignored","damage_taken":0,"max_hp_gain":0,"max_hp_loss":0,"event_name":"N\u0027loth","floor":20,"gold_loss":0},{"damage_healed":0,"gold_gain":0,"player_choice":"Memory 1","damage_taken":0,"max_hp_gain":0,"max_hp_loss":0,"event_name":"SensoryStone","floor":36,"gold_loss":0},{"damage_healed":0,"gold_gain":0,"player_choice":"Fight","damage_taken":0,"max_hp_gain":0,"max_hp_loss":0,"event_name":"MindBloom","floor":42,"gold_loss":0},{"cards_removed":["Redo"],"damage_healed":0,"gold_gain":0,"player_choice":"Removed Skill","damage_taken":0,"max_hp_gain":0,"max_hp_loss":0,"event_name":"Falling","floor":44,"gold_loss":0},{"damage_healed":0,"gold_gain":0,"player_choice":"Ignored","damage_taken":0,"max_hp_gain":0,"max_hp_loss":0,"event_name":"Mysterious Sphere","floor":48,"gold_loss":0}],"is_beta":false,"boss_relics":[{"not_picked":["Snecko Eye","Black Star"],"picked":"FrozenCore"},{"not_picked":["Tiny House","Sozu"],"picked":"Busted Crown"}],"items_purged_floors":[2,37],"is_endless":false,"potions_floor_spawned":[1,12,14,27,30,39,42,46],"ascension_level":0}