{"gold_per_floor":[11,11,31,31,45,45,57,82,82,15,40,60,80,110,110,214,214,234,33,52,52,66,66,82,101,101,101,101,101,2,15,15,15],"floor_reached":33,"playtime":1349,"items_purged":["True Grit"],"score":321,"play_id":"effce815-00be-42fe-82d9-0b5cc9f2445a","local_time":"20190322012725","is_ascension_mode":true,"campfire_choices":[{"data":"Infernal Blade","floor":6,"key":"SMITH"},{"data":"Carnage","floor":15,"key":"SMITH"},{"floor":23,"key":"REST"},{"floor":27,"key":"REST"},{"floor":29,"key":"RECALL"},{"data":"Enlightenment","floor":32,"key":"SMITH"}],"neow_cost":"NO_GOLD","seed_source_timestamp":119982593235980,"circlet_count":0,"master_deck":["Defend_R","Defend_R","Defend_R","Defend_R","Bash","Disarm","Headbutt","Infernal Blade+1","Clothesline","Carnage+1","Enlightenment+1","Feed","True Grit","Thunderclap","Reaper","Pummel","Ghostly Armor","Feed","Iron Wave+1","Heavy Blade+1","Cleave+1","Shrug It Off+1","Bite","Bite","Bite","Bite","Bite","Armaments","Warcry"],"relics":["Burning Blood","Charon\u0027s Ashes","Peace Pipe","Paper Frog","The Courier","Gambling Chip","Vajra","Orrery","Shuriken"],"potions_floor_usage":[8,14,14,18,22,24,33],"damage_taken":[{"damage":6,"enemies":"Jaw Worm","floor":1,"turns":5},{"damage":11,"enemies":"Small Slimes","floor":3,"turns":3},{"damage":0,"enemies":"Cultist","floor":5,"turns":3},{"damage":3,"enemies":"3 Louse","floor":7,"turns":3},{"damage":24,"enemies":"Lagavulin","floor":8,"turns":5},{"damage":14,"enemies":"Gremlin Nob","floor":11,"turns":3},{"damage":2,"enemies":"2 Fungi Beasts","floor":12,"turns":3},{"damage":0,"enemies":"Looter","floor":13,"turns":2},{"damage":11,"enemies":"3 Sentries","floor":14,"turns":4},{"damage":22,"enemies":"Hexaghost","floor":16,"turns":6},{"damage":7,"enemies":"Shell Parasite","floor":18,"turns":4},{"damage":1,"enemies":"Chosen","floor":20,"turns":4},{"damage":29,"enemies":"Centurion and Healer","floor":22,"turns":5},{"damage":24,"enemies":"Snecko","floor":24,"turns":4},{"damage":37,"enemies":"Shelled Parasite and Fungi","floor":25,"turns":6},{"damage":12,"enemies":"Chosen and Byrds","floor":31,"turns":6},{"damage":112,"enemies":"Champ","floor":33,"turns":10}],"seed_played":"8833389277384681087","potions_obtained":[{"floor":3,"key":"Energy Potion"},{"floor":12,"key":"Strength Potion"},{"floor":13,"key":"Block Potion"},{"floor":14,"key":"Fire Potion"},{"floor":20,"key":"EssenceOfSteel"},{"floor":22,"key":"Block Potion"},{"floor":31,"key":"Regen Potion"}],"is_trial":false,"path_per_floor":["M","?","M","?","M","R","M","E","T","$","E","M","M","E","R","B",null,"M","$","M","?","M","R","M","M","T","R","?","R","$","M","R","B"],"character_chosen":"IRONCLAD","items_purchased":["Enlightenment","Shuriken","Armaments"],"campfire_rested":2,"item_purchase_floors":[10,19,30],"current_hp_per_floor":[80,73,68,61,67,67,70,52,52,52,44,48,54,49,49,36,83,85,85,86,69,46,73,55,27,27,55,55,55,55,64,64,0],"gold":15,"neow_bonus":"ONE_RARE_RELIC","is_prod":false,"is_daily":false,"chose_seed":false,"campfire_upgraded":3,"win_rate":0,"timestamp":1553243245,"path_taken":["M","?","M","?","M","R","M","E","T","$","E","M","M","E","R","BOSS","M","$","M","?","M","R","M","M","T","R","?","R","$","M","R","BOSS"],"build_version":"2019-01-23","purchased_purges":1,"victory":false,"max_hp_per_floor":[80,80,80,80,80,80,80,80,80,80,80,80,80,80,80,83,83,86,86,86,91,91,91,91,94,94,94,65,65,65,68,68,68],"card_choices":[{"not_picked":["True Grit","Shrug It Off"],"picked":"Disarm","floor":1},{"not_picked":["Body Slam","True Grit"],"picked":"Headbutt","floor":3},{"not_picked":["True Grit","Sword Boomerang"],"picked":"Infernal Blade","floor":5},{"not_picked":["Rage","Heavy Blade"],"picked":"Clothesline","floor":7},{"not_picked":["Clash","Immolate"],"picked":"Carnage","floor":8},{"not_picked":["Rampage","Sword Boomerang"],"picked":"Feed","floor":11},{"not_picked":["Twin Strike","Headbutt"],"picked":"True Grit","floor":12},{"not_picked":["Cleave","Carnage"],"picked":"Thunderclap","floor":13},{"not_picked":["Cleave","Iron Wave","Immolate"],"picked":"SKIP","floor":14},{"not_picked":["Barricade","Impervious"],"picked":"Reaper","floor":16},{"not_picked":["Anger","Cleave"],"picked":"Pummel","floor":17},{"not_picked":["Body Slam","Heavy Blade"],"picked":"Ghostly Armor","floor":17},{"not_picked":["Pommel Strike","Heavy Blade"],"picked":"True Grit","floor":17},{"not_picked":["Whirlwind","Thunderclap+1"],"picked":"Feed","floor":18},{"not_picked":["Sword Boomerang+1","Reckless Charge"],"picked":"Iron Wave+1","floor":20},{"not_picked":["Uppercut","Clothesline+1"],"picked":"Heavy Blade+1","floor":22},{"not_picked":["Perfected Strike","Sword Boomerang+1"],"picked":"Cleave+1","floor":24},{"not_picked":["Cleave","Headbutt"],"picked":"Shrug It Off+1","floor":25},{"not_picked":["Iron Wave","Dark Embrace"],"picked":"Warcry","floor":31}],"player_experience":376770,"relics_obtained":[{"floor":8,"key":"Paper Frog"},{"floor":9,"key":"The Courier"},{"floor":11,"key":"Gambling Chip"},{"floor":14,"key":"Vajra"}],"event_choices":[{"damage_healed":0,"gold_gain":0,"player_choice":"Success","damage_taken":7,"relics_obtained":["Peace Pipe"],"max_hp_gain":0,"max_hp_loss":0,"event_name":"Scrap Ooze","floor":2,"gold_loss":0},{"cards_removed":["Strike_R"],"damage_healed":0,"gold_gain":0,"player_choice":"Card Removal","damage_taken":7,"max_hp_gain":0,"max_hp_loss":0,"event_name":"Golden Wing","floor":4,"gold_loss":0},{"damage_healed":0,"gold_gain":0,"player_choice":"Shed Blood","damage_taken":22,"max_hp_gain":5,"max_hp_loss":0,"event_name":"Forgotten Altar","floor":21,"gold_loss":0},{"damage_healed":0,"gold_gain":0,"player_choice":"Became a vampire","damage_taken":0,"max_hp_gain":0,"max_hp_loss":29,"event_name":"Vampires","floor":28,"gold_loss":0,"cards_obtained":["Bite","Bite","Bite","Bite","Bite"]}],"is_beta":false,"boss_relics":[{"not_picked":["Black Star","Runic Pyramid"],"picked":"Orrery"}],"items_purged_floors":[30],"is_endless":false,"potions_floor_spawned":[3,12,13,14,20,22,31],"killed_by":"Champ","ascension_level":2}