{"gold_per_floor":[117,33,33,33,33,69,84,84,107,219,231,266,278,19,19,138,138,158,151,151,167,167],"floor_reached":22,"playtime":883,"items_purged":[],"score":371,"play_id":"e85e4675-c8d1-4dc6-a565-c8f3dad52c87","local_time":"20190205194252","is_ascension_mode":true,"campfire_choices":[{"data":"Inflame","floor":8,"key":"SMITH"},{"data":"Double Tap","floor":13,"key":"SMITH"},{"data":"Finesse","floor":15,"key":"SMITH"}],"neow_cost":"NONE","seed_source_timestamp":137647996614825,"circlet_count":0,"master_deck":["AscendersBane","Strike_R","Strike_R","Defend_R","Defend_R","Defend_R","Defend_R","Bash","Seeing Red","Inflame+1","Finesse+1","Heavy Blade","Pommel Strike","Double Tap+1","Iron Wave","Panacea","Dark Embrace","Havoc","Feel No Pain","Rage"],"relics":["Burning Blood","Golden Idol","Matryoshka","Juzu Bracelet","MawBank","Bronze Scales","Runic Pyramid"],"potions_floor_usage":[12,16,16,19],"damage_taken":[{"damage":10,"enemies":"Cultist","floor":1,"turns":5},{"damage":37,"enemies":"Gremlin Nob","floor":6,"turns":5},{"damage":0,"enemies":"2 Louse","floor":7,"turns":2},{"damage":12,"enemies":"Small Slimes","floor":12,"turns":5},{"damage":0,"enemies":"Hexaghost","floor":16,"turns":6},{"damage":20,"enemies":"Spheric Guardian","floor":18,"turns":5},{"damage":15,"enemies":"2 Thieves","floor":19,"turns":4},{"damage":29,"enemies":"Shelled Parasite and Fungi","floor":21,"turns":8},{"damage":32,"enemies":"Colosseum Slavers","floor":22,"turns":3}],"seed_played":"-650687199304670502","potions_obtained":[{"floor":6,"key":"PowerPotion"},{"floor":11,"key":"Regen Potion"},{"floor":12,"key":"AttackPotion"},{"floor":18,"key":"Dexterity Potion"}],"is_trial":false,"path_per_floor":["M","$","?","?","$","E","M","R","T","?","?","M","R","$","R","B",null,"M","M","?","M","?"],"character_chosen":"IRONCLAD","items_purchased":["Finesse","Bronze Scales","Iron Wave","Panacea"],"campfire_rested":0,"item_purchase_floors":[2,14,14,14],"current_hp_per_floor":[68,68,61,41,41,10,16,16,16,16,16,24,24,24,24,30,68,54,45,45,22,0],"gold":167,"neow_bonus":"TRANSFORM_CARD","is_prod":false,"is_daily":false,"chose_seed":false,"campfire_upgraded":3,"win_rate":0,"timestamp":1549413772,"path_taken":["M","?","?","?","$","E","M","R","T","?","?","M","R","?","R","BOSS","M","M","?","M","?"],"build_version":"2019-01-23","purchased_purges":0,"victory":false,"max_hp_per_floor":[80,80,80,80,80,80,80,80,80,80,80,80,80,80,80,80,80,80,80,80,80,80],"card_choices":[{"not_picked":["Shrug It Off","Dual Wield"],"picked":"Inflame","floor":1},{"not_picked":["Sword Boomerang","Perfected Strike"],"picked":"Heavy Blade","floor":6},{"not_picked":["Twin Strike","Anger"],"picked":"Pommel Strike","floor":7},{"not_picked":["Twin Strike","Thunderclap"],"picked":"Double Tap","floor":12},{"not_picked":["Impervious","Brutality"],"picked":"Dark Embrace","floor":16},{"not_picked":["Thunderclap","Rampage"],"picked":"Havoc","floor":18},{"not_picked":["Headbutt","Cleave"],"picked":"Feel No Pain","floor":19},{"not_picked":["Carnage","Armaments"],"picked":"Rage","floor":21}],"player_experience":358679,"relics_obtained":[{"floor":6,"key":"Matryoshka"},{"floor":9,"key":"Juzu Bracelet"},{"floor":9,"key":"MawBank"}],"event_choices":[{"cards_removed":["Strike_R"],"damage_healed":0,"gold_gain":0,"player_choice":"Card Removal","damage_taken":7,"max_hp_gain":0,"max_hp_loss":0,"event_name":"Golden Wing","floor":3,"gold_loss":0},{"damage_healed":0,"gold_gain":0,"player_choice":"Take Damage","damage_taken":20,"relics_obtained":["Golden Idol"],"max_hp_gain":0,"max_hp_loss":0,"event_name":"Golden Idol","floor":4,"gold_loss":0},{"damage_healed":0,"gold_gain":100,"player_choice":"Pray","damage_taken":0,"max_hp_gain":0,"max_hp_loss":0,"event_name":"Golden Shrine","floor":10,"gold_loss":0},{"damage_healed":0,"gold_gain":0,"player_choice":"Got Potions","damage_taken":0,"max_hp_gain":0,"max_hp_loss":0,"event_name":"Lab","floor":11,"gold_loss":0},{"cards_removed":["Strike_R"],"damage_healed":0,"gold_gain":0,"player_choice":"Purged","damage_taken":0,"max_hp_gain":0,"max_hp_loss":0,"event_name":"Purifier","floor":20,"gold_loss":0},{"damage_healed":0,"gold_gain":0,"player_choice":"Fight","damage_taken":0,"max_hp_gain":0,"max_hp_loss":0,"event_name":"Colosseum","floor":22,"gold_loss":0}],"is_beta":true,"boss_relics":[{"not_picked":["Cursed Key","Astrolabe"],"picked":"Runic Pyramid"}],"items_purged_floors":[],"is_endless":false,"potions_floor_spawned":[6,12,18],"killed_by":"Colosseum Slavers","ascension_level":12}