{"gold_per_floor":[109,34,34,34,51,51,81,81,81,137,163,174,185,45,45,145,145,162,172,25,25,37,64,64,64,89,14,14],"floor_reached":28,"playtime":677,"items_purged":["Strike_R"],"score":294,"play_id":"db715455-c949-47d4-a41e-9a7453932b95","local_time":"20190203035522","is_ascension_mode":false,"campfire_choices":[{"data":"Bash","floor":6,"key":"SMITH"},{"data":"Limit Break","floor":8,"key":"SMITH"},{"data":"Bludgeon","floor":15,"key":"SMITH"},{"floor":24,"key":"REST"}],"neow_cost":"NONE","seed_source_timestamp":593752692125135,"circlet_count":0,"master_deck":["Strike_R+1","Strike_R","Strike_R","Strike_R+1","Defend_R","Defend_R","Defend_R","Bash+1","Flex","Limit Break+1","Bludgeon+1","Feed","Flex"],"relics":["Black Blood","NeowsBlessing","Thread and Needle","Whetstone","Tiny Chest","PreservedInsect","Vajra","Strawberry","The Courier","Smiling Mask"],"potions_floor_usage":[10,12,13,18,23],"damage_taken":[{"damage":0,"enemies":"Cultist","floor":1,"turns":1},{"damage":0,"enemies":"Small Slimes","floor":5,"turns":1},{"damage":0,"enemies":"Lagavulin","floor":7,"turns":2},{"damage":21,"enemies":"3 Sentries","floor":10,"turns":8},{"damage":0,"enemies":"2 Louse","floor":12,"turns":2},{"damage":19,"enemies":"Exordium Wildlife","floor":13,"turns":4},{"damage":15,"enemies":"Slime Boss","floor":16,"turns":9},{"damage":35,"enemies":"3 Byrds","floor":18,"turns":6},{"damage":6,"enemies":"Chosen","floor":19,"turns":3},{"damage":14,"enemies":"Snake Plant","floor":22,"turns":3},{"damage":38,"enemies":"Book of Stabbing","floor":23,"turns":4},{"damage":74,"enemies":"Gremlin Leader","floor":28,"turns":5}],"seed_played":"1457894421869350490","potions_obtained":[{"floor":1,"key":"Energy Potion"},{"floor":7,"key":"Ancient Potion"},{"floor":10,"key":"AttackPotion"},{"floor":12,"key":"Weak Potion"},{"floor":19,"key":"Fire Potion"}],"is_trial":false,"path_per_floor":["M","$","?","?","M","R","E","R","T","E","T","M","M","$","R","B",null,"M","M","$","?","M","E","R","?","T","?","E"],"character_chosen":"IRONCLAD","items_purchased":["Bludgeon","Vajra"],"campfire_rested":1,"item_purchase_floors":[14,20],"current_hp_per_floor":[80,80,85,85,85,85,85,85,85,70,70,76,63,63,63,54,85,63,67,67,74,70,45,74,74,74,74,0],"gold":14,"neow_bonus":"THREE_ENEMY_KILL","is_prod":false,"is_daily":false,"chose_seed":false,"campfire_upgraded":3,"win_rate":0,"timestamp":1549194922,"path_taken":["M","$","?","?","M","R","E","R","T","E","?","M","?","?","R","BOSS","M","M","$","?","M","E","R","?","T","?","E"],"build_version":"2019-01-23","purchased_purges":1,"victory":false,"max_hp_per_floor":[80,80,85,85,85,85,85,85,85,85,85,85,85,85,85,85,85,88,88,88,95,95,98,98,98,98,98,98],"card_choices":[{"not_picked":["Seeing Red","Clash","Thunderclap"],"picked":"SKIP","floor":1},{"not_picked":["Clothesline","Evolve"],"picked":"Flex","floor":5},{"not_picked":["Dropkick","Body Slam"],"picked":"Limit Break","floor":7},{"not_picked":["Ghostly Armor","Power Through","Shrug It Off"],"picked":"SKIP","floor":10},{"not_picked":["Armaments","Carnage","Iron Wave"],"picked":"SKIP","floor":12},{"not_picked":["Havoc","Infernal Blade","Perfected Strike"],"picked":"SKIP","floor":13},{"not_picked":["Bludgeon","Dark Embrace"],"picked":"Feed","floor":16},{"not_picked":["Shrug It Off","True Grit","Sever Soul"],"picked":"SKIP","floor":18},{"not_picked":["Iron Wave+1","Pommel Strike+1","Heavy Blade"],"picked":"SKIP","floor":19},{"not_picked":["Headbutt+1","Sword Boomerang+1"],"picked":"Flex","floor":22},{"not_picked":["Second Wind","Cleave+1","Armaments"],"picked":"SKIP","floor":23}],"player_experience":231543,"relics_obtained":[{"floor":7,"key":"Thread and Needle"},{"floor":9,"key":"Whetstone"},{"floor":10,"key":"Tiny Chest"},{"floor":11,"key":"PreservedInsect"},{"floor":23,"key":"The Courier"},{"floor":26,"key":"Smiling Mask"}],"event_choices":[{"damage_healed":0,"gold_gain":0,"player_choice":"Donut","damage_taken":0,"max_hp_gain":5,"max_hp_loss":0,"event_name":"Big Fish","floor":3,"gold_loss":0},{"damage_healed":0,"gold_gain":0,"player_choice":"Leave","damage_taken":0,"max_hp_gain":0,"max_hp_loss":0,"event_name":"The Cleric","floor":4,"gold_loss":0},{"damage_healed":0,"gold_gain":0,"player_choice":"Opened","damage_taken":0,"relics_obtained":["Strawberry"],"max_hp_gain":0,"max_hp_loss":0,"event_name":"The Mausoleum","floor":21,"gold_loss":0},{"cards_removed":["Defend_R"],"damage_healed":0,"gold_gain":0,"player_choice":"Gave Gold","damage_taken":0,"max_hp_gain":0,"max_hp_loss":0,"event_name":"Beggar","floor":27,"gold_loss":75}],"is_beta":false,"boss_relics":[{"not_picked":["Pandora\u0027s Box","Black Star"],"picked":"Black Blood"}],"items_purged_floors":[2],"is_endless":false,"potions_floor_spawned":[1,7,10,12,19],"killed_by":"Gremlin Leader","ascension_level":0}