{"gold_per_floor":[112,112,131,204,204,204,214,230,230,244,275,275,303,321,321,417,417,434,446,446,461,143,143,143,161,186,186],"floor_reached":27,"playtime":765,"items_purged":["Strike_R"],"score":298,"play_id":"be502cb2-8080-46d4-82c6-fe0ebb550a7c","local_time":"20190318055821","is_ascension_mode":true,"campfire_choices":[{"data":"Enlightenment","floor":6,"key":"SMITH"},{"data":"Demon Form","floor":12,"key":"SMITH"},{"data":"Immolate","floor":15,"key":"SMITH"},{"data":"Feed","floor":24,"key":"SMITH"}],"neow_cost":"NONE","seed_source_timestamp":162861713646188,"circlet_count":0,"master_deck":["Strike_R","Strike_R","Strike_R","Strike_R","Defend_R","Defend_R","Defend_R","Defend_R","Bash+1","Flame Barrier","Immolate+1","Enlightenment+1","Demon Form+1","Clothesline","Double Tap","Feed+1","Armaments+1","RitualDagger"],"relics":["Burning Blood","Matryoshka","Blue Candle","Strawberry","Singing Bowl","Charon\u0027s Ashes","Orrery","Ornamental Fan","Mercury Hourglass","Blood Vial"],"potions_floor_usage":[13,13,14,21,25],"damage_taken":[{"damage":7,"enemies":"Small Slimes","floor":1,"turns":3},{"damage":0,"enemies":"2 Louse","floor":3,"turns":2},{"damage":10,"enemies":"Cultist","floor":7,"turns":4},{"damage":16,"enemies":"Gremlin Gang","floor":8,"turns":3},{"damage":3,"enemies":"3 Louse","floor":10,"turns":2},{"damage":13,"enemies":"Lagavulin","floor":11,"turns":5},{"damage":13,"enemies":"Gremlin Nob","floor":13,"turns":4},{"damage":4,"enemies":"Blue Slaver","floor":14,"turns":2},{"damage":42,"enemies":"Hexaghost","floor":16,"turns":7},{"damage":43,"enemies":"Spheric Guardian","floor":18,"turns":5},{"damage":20,"enemies":"Shell Parasite","floor":19,"turns":5},{"damage":21,"enemies":"Snake Plant","floor":21,"turns":5},{"damage":34,"enemies":"Centurion and Healer","floor":25,"turns":5},{"damage":70,"enemies":"Gremlin Leader","floor":27,"turns":6}],"seed_played":"8251558263712534158","potions_obtained":[{"floor":7,"key":"SteroidPotion"},{"floor":10,"key":"EssenceOfSteel"},{"floor":13,"key":"SkillPotion"},{"floor":16,"key":"SneckoOil"},{"floor":18,"key":"Regen Potion"},{"floor":19,"key":"Block Potion"},{"floor":21,"key":"LiquidBronze"}],"is_trial":false,"path_per_floor":["M","?","M","?","?","R","M","M","T","M","E","R","E","M","R","B",null,"M","M","?","M","$","?","R","M","T","E"],"character_chosen":"IRONCLAD","items_purchased":["Ornamental Fan"],"campfire_rested":0,"item_purchase_floors":[22],"current_hp_per_floor":[79,76,80,80,80,80,76,66,73,76,69,69,64,68,68,32,101,66,55,90,80,80,74,74,64,64,0],"gold":186,"neow_bonus":"UPGRADE_CARD","is_prod":false,"is_daily":false,"chose_seed":false,"campfire_upgraded":4,"win_rate":0,"timestamp":1552913901,"path_taken":["M","?","M","?","?","R","?","M","T","?","E","R","E","M","R","BOSS","M","?","?","M","$","?","R","M","T","E"],"build_version":"2019-01-23","purchased_purges":1,"victory":false,"max_hp_per_floor":[80,80,80,80,80,80,80,80,87,87,87,87,89,91,91,91,101,103,106,106,111,111,111,111,117,117,117],"card_choices":[{"not_picked":["Heavy Blade","Sever Soul"],"picked":"Flame Barrier","floor":1},{"not_picked":["Wild Strike","Heavy Blade"],"picked":"Immolate","floor":3},{"not_picked":["Spot Weakness","Inflame"],"picked":"Clothesline","floor":7},{"not_picked":["Corruption","Perfected Strike","Bloodletting"],"picked":"SKIP","floor":8},{"not_picked":["Iron Wave","Corruption","Heavy Blade"],"picked":"SKIP","floor":10},{"not_picked":["Entrench","Evolve"],"picked":"Double Tap","floor":11},{"not_picked":["True Grit","Intimidate","Cleave"],"picked":"Singing Bowl","floor":13},{"not_picked":["Reckless Charge","Shrug It Off","Whirlwind"],"picked":"Singing Bowl","floor":14},{"not_picked":["Offering","Fiend Fire"],"picked":"Feed","floor":16},{"not_picked":["Dual Wield","Spot Weakness","Heavy Blade"],"picked":"Singing Bowl","floor":17},{"not_picked":["Evolve","Uppercut","Flex"],"picked":"Singing Bowl","floor":17},{"not_picked":["True Grit","Headbutt","Shrug It Off"],"picked":"Singing Bowl","floor":17},{"not_picked":["Blood for Blood","Intimidate","True Grit"],"picked":"Singing Bowl","floor":17},{"not_picked":["Second Wind","Flex","Body Slam"],"picked":"Singing Bowl","floor":17},{"not_picked":["Berserk","Iron Wave","Hemokinesis"],"picked":"Singing Bowl","floor":18},{"not_picked":["Iron Wave","Warcry"],"picked":"Armaments+1","floor":19},{"not_picked":["Perfected Strike","Wild Strike+1","Thunderclap+1"],"picked":"Singing Bowl","floor":21},{"not_picked":["Twin Strike","Flex","Shrug It Off+1"],"picked":"Singing Bowl","floor":25}],"player_experience":359406,"relics_obtained":[{"floor":9,"key":"Blue Candle"},{"floor":9,"key":"Strawberry"},{"floor":11,"key":"Singing Bowl"},{"floor":13,"key":"Charon\u0027s Ashes"},{"floor":26,"key":"Mercury Hourglass"},{"floor":26,"key":"Blood Vial"}],"event_choices":[{"damage_healed":0,"gold_gain":0,"player_choice":"Success","damage_taken":3,"relics_obtained":["Matryoshka"],"max_hp_gain":0,"max_hp_loss":0,"event_name":"Scrap Ooze","floor":2,"gold_loss":0},{"damage_healed":0,"gold_gain":73,"player_choice":"Gained Gold","damage_taken":0,"max_hp_gain":0,"max_hp_loss":0,"event_name":"Golden Wing","floor":4,"gold_loss":0},{"damage_healed":0,"gold_gain":0,"player_choice":"2 cards matched","damage_taken":0,"max_hp_gain":0,"max_hp_loss":0,"event_name":"Match and Keep!","floor":5,"gold_loss":0,"cards_obtained":["Enlightenment","Demon Form"]},{"damage_healed":35,"gold_gain":0,"player_choice":"Heal","damage_taken":0,"max_hp_gain":0,"max_hp_loss":0,"event_name":"The Library","floor":20,"gold_loss":0},{"damage_healed":0,"gold_gain":0,"player_choice":"Joined the Cult","damage_taken":6,"max_hp_gain":0,"max_hp_loss":0,"event_name":"Nest","floor":23,"gold_loss":0,"cards_obtained":["RitualDagger"]}],"is_beta":false,"boss_relics":[{"not_picked":["Runic Pyramid","Velvet Choker"],"picked":"Orrery"}],"items_purged_floors":[22],"is_endless":false,"potions_floor_spawned":[7,10,13,16,18,19,21],"killed_by":"Gremlin Leader","ascension_level":2}