{"gold_per_floor":[15,32,132,143,156,156,205,219,219,239,224],"floor_reached":11,"playtime":649,"items_purged":[],"score":89,"play_id":"e0bfbd46-6b1c-4687-bd70-d4388ee09168","local_time":"20181110161127","is_ascension_mode":true,"campfire_choices":[{"data":"Magnetism","floor":6,"key":"SMITH"}],"neow_cost":"NO_GOLD","seed_source_timestamp":5897976879923,"circlet_count":0,"master_deck":["Defend_G","Defend_G","Defend_G","Defend_G","Defend_G","Strike_G","Strike_G","Strike_G","Strike_G","Strike_G","Survivor","Neutralize","Dramatic Entrance","Magnetism+1","Predator","Prepared","Crippling Poison","Malaise","Dagger Spray","All Out Attack"],"relics":["Ring of the Snake","Happy Flower","Omamori"],"potions_floor_usage":[10,10],"damage_taken":[{"damage":0,"enemies":"Small Slimes","floor":1,"turns":3},{"damage":4,"enemies":"Cultist","floor":2,"turns":3},{"damage":0,"enemies":"2 Louse","floor":4,"turns":2},{"damage":4,"enemies":"2 Fungi Beasts","floor":5,"turns":2},{"damage":45,"enemies":"3 Sentries","floor":7,"turns":10},{"damage":11,"enemies":"Exordium Wildlife","floor":8,"turns":7},{"damage":4,"enemies":"Blue Slaver","floor":10,"turns":5},{"damage":1,"enemies":"Exordium Thugs","floor":11,"turns":2}],"seed_played":"5809238175211901717","potions_obtained":[{"floor":2,"key":"Block Potion"},{"floor":5,"key":"Energy Potion"},{"floor":8,"key":"AttackPotion"}],"is_trial":false,"path_per_floor":["M","M","?","M","M","R","E","M","T","M","M"],"character_chosen":"THE_SILENT","items_purchased":[],"campfire_rested":0,"item_purchase_floors":[],"current_hp_per_floor":[70,66,66,66,62,62,17,6,6,2,1],"gold":224,"neow_bonus":"RANDOM_COLORLESS_2","is_prod":false,"is_daily":false,"chose_seed":false,"campfire_upgraded":1,"win_rate":0,"timestamp":1541884287,"path_taken":["M","M","?","M","?","R","E","M","T","M","M"],"build_version":"2018-11-08","purchased_purges":0,"victory":false,"max_hp_per_floor":[70,70,70,70,70,70,70,70,70,70,70],"card_choices":[{"not_picked":["Dagger Spray","Deadly Poison"],"picked":"Predator","floor":1},{"not_picked":["Sucker Punch","Deflect"],"picked":"Prepared","floor":2},{"not_picked":["Deadly Poison","Acrobatics"],"picked":"Crippling Poison","floor":4},{"not_picked":["Poisoned Stab","Cloak And Dagger","Endless Agony"],"picked":"SKIP","floor":5},{"not_picked":["Dagger Spray","Poisoned Stab"],"picked":"Malaise","floor":7},{"not_picked":["Sucker Punch","Expertise"],"picked":"Dagger Spray","floor":8},{"not_picked":["Blade Dance","Endless Agony"],"picked":"All Out Attack","floor":10}],"player_experience":129138,"relics_obtained":[{"floor":7,"key":"Happy Flower"},{"floor":9,"key":"Omamori"}],"event_choices":[{"damage_healed":0,"gold_gain":100,"player_choice":"Pray","damage_taken":0,"max_hp_gain":0,"max_hp_loss":0,"event_name":"Golden Shrine","floor":3,"gold_loss":0}],"is_beta":true,"boss_relics":[],"items_purged_floors":[],"is_endless":false,"potions_floor_spawned":[2,5,8],"killed_by":"Exordium Thugs","ascension_level":3}