{"gold_per_floor":[113,113,68,84,84,84,110,110,110,110,142,142,172,192,192,268,268,287,287,267,153,163,163],"floor_reached":23,"playtime":793,"items_purged":[],"score":390,"play_id":"589e663a-8029-48cd-8521-8d3ffc8e19cd","local_time":"20190314112252","is_ascension_mode":true,"campfire_choices":[{"data":"Combust","floor":6,"key":"SMITH"},{"data":"Cleave","floor":8,"key":"SMITH"},{"data":"Shrug It Off","floor":10,"key":"SMITH"},{"data":"Evolve","floor":12,"key":"SMITH"},{"data":"Demon Form","floor":15,"key":"SMITH"}],"neow_cost":"NONE","seed_source_timestamp":111236056610014,"circlet_count":0,"master_deck":["AscendersBane","Strike_R","Strike_R","Strike_R","Strike_R","Strike_R","Defend_R","Defend_R","Defend_R","Defend_R","Bash+1","Shrug It Off+1","Evolve+1","Combust+1","Cleave+1","Warcry","Demon Form+1","Feed","Feel No Pain","True Grit","Ghostly Armor"],"relics":["Black Blood","Bottled Lightning","Dead Branch","Pocketwatch","Tiny Chest","Molten Egg 2"],"potions_floor_usage":[11,23],"damage_taken":[{"damage":5,"enemies":"Small Slimes","floor":1,"turns":5},{"damage":1,"enemies":"Cultist","floor":4,"turns":4},{"damage":26,"enemies":"3 Sentries","floor":7,"turns":5},{"damage":10,"enemies":"Gremlin Nob","floor":11,"turns":3},{"damage":0,"enemies":"2 Louse","floor":14,"turns":2},{"damage":50,"enemies":"Slime Boss","floor":16,"turns":9},{"damage":41,"enemies":"2 Thieves","floor":18,"turns":5},{"damage":6,"enemies":"Spheric Guardian","floor":22,"turns":4},{"damage":53,"enemies":"Slavers","floor":23,"turns":3}],"seed_played":"348259639468123375","potions_obtained":[{"floor":1,"key":"Poison Potion"},{"floor":4,"key":"Regen Potion"},{"floor":14,"key":"Dexterity Potion"},{"floor":20,"key":"AttackPotion"}],"is_trial":false,"path_per_floor":["M","?","$","M","?","R","E","R","T","R","E","R","?","M","R","B",null,"M","T","?","$","M","E"],"character_chosen":"IRONCLAD","items_purchased":["Evolve","Feel No Pain","True Grit"],"campfire_rested":0,"item_purchase_floors":[3,21,21],"current_hp_per_floor":[76,76,76,81,81,81,61,61,61,61,57,57,57,63,63,19,66,38,38,38,38,45,0],"gold":163,"neow_bonus":"TEN_PERCENT_HP_BONUS","is_prod":false,"is_daily":false,"chose_seed":false,"campfire_upgraded":5,"win_rate":0,"timestamp":1552576972,"path_taken":["M","?","$","M","?","R","E","R","T","R","E","R","?","M","R","BOSS","M","?","?","$","?","E"],"build_version":"2019-02-06","purchased_purges":0,"victory":false,"max_hp_per_floor":[82,82,82,82,82,82,82,82,82,82,82,82,82,82,82,82,82,85,85,85,85,88,88],"card_choices":[{"not_picked":["Power Through","Armaments"],"picked":"Shrug It Off","floor":1},{"not_picked":["Entrench","Intimidate"],"picked":"Combust","floor":4},{"not_picked":["Anger","Heavy Blade"],"picked":"Cleave","floor":7},{"not_picked":["Blood for Blood","Pommel Strike"],"picked":"Warcry","floor":11},{"not_picked":["Pommel Strike","Warcry"],"picked":"Demon Form","floor":14},{"not_picked":["Barricade","Exhume"],"picked":"Feed","floor":16},{"not_picked":["Heavy Blade","Dropkick","Spot Weakness"],"picked":"SKIP","floor":18},{"not_picked":["Sword Boomerang+1","Headbutt+1"],"picked":"Ghostly Armor","floor":22}],"player_experience":1086230,"relics_obtained":[{"floor":7,"key":"Bottled Lightning"},{"floor":9,"key":"Dead Branch"},{"floor":11,"key":"Pocketwatch"},{"floor":19,"key":"Molten Egg 2"}],"event_choices":[{"damage_healed":0,"gold_gain":0,"player_choice":"Grow","damage_taken":0,"max_hp_gain":0,"max_hp_loss":0,"event_name":"Living Wall","floor":2,"gold_loss":0,"cards_upgraded":["Bash"]},{"damage_healed":0,"gold_gain":0,"player_choice":"Ignored","damage_taken":0,"max_hp_gain":0,"max_hp_loss":0,"event_name":"Liars Game","floor":5,"gold_loss":0},{"damage_healed":0,"gold_gain":0,"player_choice":"Gave Potion","damage_taken":0,"relics_obtained":["Tiny Chest"],"max_hp_gain":0,"max_hp_loss":0,"event_name":"WeMeetAgain","floor":13,"gold_loss":0},{"damage_healed":0,"gold_gain":0,"player_choice":"Bought 1 Potion","damage_taken":0,"max_hp_gain":0,"max_hp_loss":0,"event_name":"The Woman in Blue","floor":20,"gold_loss":0}],"is_beta":true,"boss_relics":[{"not_picked":["Velvet Choker","Busted Crown"],"picked":"Black Blood"}],"items_purged_floors":[],"is_endless":false,"potions_floor_spawned":[1,4,14],"killed_by":"Slavers","ascension_level":20}