{"gold_per_floor":[113,130,149,149,6,6,41,60,128,141,141],"floor_reached":11,"playtime":506,"items_purged":[],"score":109,"play_id":"d840df68-c00e-4971-a221-07ceaa7ba521","local_time":"20190126033008","is_ascension_mode":true,"campfire_choices":[{"data":"Intimidate","floor":6,"key":"SMITH"}],"neow_cost":"NONE","seed_source_timestamp":95115924071654,"circlet_count":0,"master_deck":["Strike_R","Strike_R","Strike_R","Strike_R","Defend_R","Defend_R","Defend_R","Defend_R","Bash","Intimidate+1","Combust","Clothesline","Pommel Strike","Metallicize","Body Slam","Sword Boomerang"],"relics":["Burning Blood","Art of War","Peace Pipe","Darkstone Periapt"],"potions_floor_usage":[11,11],"damage_taken":[{"damage":0,"enemies":"Cultist","floor":1,"turns":4},{"damage":10,"enemies":"Small Slimes","floor":2,"turns":4},{"damage":4,"enemies":"Jaw Worm","floor":3,"turns":4},{"damage":46,"enemies":"Lagavulin","floor":7,"turns":7},{"damage":23,"enemies":"Large Slime","floor":8,"turns":6},{"damage":4,"enemies":"Gremlin Gang","floor":10,"turns":4},{"damage":21,"enemies":"3 Sentries","floor":11,"turns":2}],"seed_played":"-5668094013391866716","potions_obtained":[{"floor":3,"key":"GamblersBrew"},{"floor":10,"key":"Energy Potion"}],"is_trial":false,"path_per_floor":["M","M","M","?","$","R","E","M","T","M","E"],"character_chosen":"IRONCLAD","items_purchased":["Art of War"],"campfire_rested":0,"item_purchase_floors":[5],"current_hp_per_floor":[78,74,76,76,76,76,36,19,19,21,0],"gold":141,"neow_bonus":"THREE_CARDS","is_prod":false,"is_daily":false,"chose_seed":false,"campfire_upgraded":1,"win_rate":0,"timestamp":1548491408,"path_taken":["M","?","?","?","$","R","E","M","T","M","E"],"build_version":"2019-01-23","purchased_purges":0,"victory":false,"max_hp_per_floor":[80,80,80,80,80,80,80,80,80,80,80],"card_choices":[{"not_picked":["Warcry","Bloodletting"],"picked":"Intimidate","floor":0},{"not_picked":["Heavy Blade","Entrench"],"picked":"Combust","floor":1},{"not_picked":["Sword Boomerang","Anger"],"picked":"Clothesline","floor":2},{"not_picked":["Clothesline","Fire Breathing"],"picked":"Pommel Strike","floor":3},{"not_picked":["Body Slam","Shrug It Off"],"picked":"Metallicize","floor":7},{"not_picked":["True Grit","Flex"],"picked":"Body Slam","floor":8},{"not_picked":["Bloodletting","Searing Blow"],"picked":"Sword Boomerang","floor":10}],"player_experience":261348,"relics_obtained":[{"floor":7,"key":"Peace Pipe"},{"floor":9,"key":"Darkstone Periapt"}],"event_choices":[{"cards_removed":["Strike_R"],"damage_healed":0,"gold_gain":0,"player_choice":"Purged","damage_taken":0,"max_hp_gain":0,"max_hp_loss":0,"event_name":"Purifier","floor":4,"gold_loss":0}],"is_beta":true,"boss_relics":[],"items_purged_floors":[],"is_endless":false,"potions_floor_spawned":[3,10],"killed_by":"3 Sentries","ascension_level":9}