{"gold_per_floor":[117,117,117,192,192,218,218,137,182,207,150,163,197,213,213,288,288,306,325,325,335,351,351,276,276,276,310,310,310,310],"floor_reached":30,"playtime":828,"items_purged":[],"score":628,"play_id":"5da3bf65-6552-4d38-ad20-311147007087","local_time":"20190318023219","is_ascension_mode":true,"campfire_choices":[{"data":"Zap","floor":7.0,"key":"SMITH"},{"data":"Fission","floor":15,"key":"SMITH"},{"data":"Consume","floor":23,"key":"SMITH"},{"floor":25,"key":"REST"}],"neow_cost":"NONE","seed_source_timestamp":424947313378696,"circlet_count":0,"master_deck":["AscendersBane","Strike_B+1","Strike_B+1","Strike_B","Defend_B","Defend_B","Defend_B","Defend_B","Zap+1","Dualcast","Ball Lightning","Consume+1","Doom and Gloom","Coolheaded","Fission+1","Conserve Battery","Electrodynamics","Chill+1","Cold Snap","Genetic Algorithm","Defragment"],"special_seed":0,"relics":["Cracked Core","NeowsBlessing","Gremlin Horn","Ancient Tea Set","PreservedInsect","Pantograph","Philosopher\u0027s Stone","Juzu Bracelet","Oddly Smooth Stone"],"potions_floor_usage":[19,22,30,30],"damage_taken":[{"damage":0.0,"enemies":"Jaw Worm","floor":1.0,"turns":1.0},{"damage":0.0,"enemies":"Lagavulin","floor":6.0,"turns":1.0},{"damage":0.0,"enemies":"3 Sentries","floor":10.0,"turns":1.0},{"damage":0.0,"enemies":"Small Slimes","floor":12.0,"turns":2.0},{"damage":16.0,"enemies":"Lagavulin","floor":13.0,"turns":4.0},{"damage":0,"enemies":"Cultist","floor":14,"turns":2},{"damage":7,"enemies":"The Guardian","floor":16,"turns":10},{"damage":24,"enemies":"2 Thieves","floor":18,"turns":3},{"damage":0,"enemies":"Chosen","floor":19,"turns":3},{"damage":7,"enemies":"Sentry and Sphere","floor":21,"turns":4},{"damage":0,"enemies":"Snake Plant","floor":22,"turns":2},{"damage":7,"enemies":"Gremlin Leader","floor":27,"turns":4},{"damage":25,"enemies":"Book of Stabbing","floor":30,"turns":4}],"seed_played":"125985425952398941","potions_obtained":[{"floor":6.0,"key":"SkillPotion"},{"floor":12.0,"key":"PowerPotion"},{"floor":13,"key":"LiquidBronze"},{"floor":21,"key":"AttackPotion"},{"floor":27,"key":"PowerPotion"}],"is_trial":false,"path_per_floor":["M","?","?","?","?","E","R","$","T","E","$","M","E","M","R","B",null,"M","M","?","M","M","R","$","R","T","E","?","?","E"],"character_chosen":"DEFECT","items_purchased":["Doom and Gloom","Fire Potion","Genetic Algorithm"],"campfire_rested":1,"item_purchase_floors":[8,11,24],"current_hp_per_floor":[64,64,43,32,32,32,32,32,32,32,32,32,16,16,16,34,62,38,38,38,31,31,31,31,52,52,45,45,25,0],"gold":310,"neow_bonus":"THREE_ENEMY_KILL","is_prod":false,"is_daily":false,"chose_seed":false,"campfire_upgraded":3,"win_rate":0,"timestamp":1552890739,"path_taken":["M","?","?","?","?","E","R","$","T","E","$","M","E","M","R","BOSS","M","?","?","M","M","R","$","R","T","E","?","?","E"],"build_version":"2019-03-15","purchased_purges":0,"victory":false,"max_hp_per_floor":[71,71,71,71,71,71,71,71,71,71,71,71,71,71,71,71,71,71,71,71,71,71,71,71,71,71,71,71,76,76],"card_choices":[{"not_picked":["Barrage","Coolheaded"],"picked":"Ball Lightning","floor":1.0},{"not_picked":["Rebound","Streamline"],"picked":"Consume","floor":6.0},{"not_picked":["Go for the Eyes","Redo","Chaos"],"picked":"SKIP","floor":10.0},{"not_picked":["Machine Learning","Ball Lightning"],"picked":"Coolheaded","floor":12.0},{"not_picked":["Streamline","Reinforced Body"],"picked":"Fission","floor":13},{"not_picked":["Rebound","Redo"],"picked":"Conserve Battery","floor":14},{"not_picked":["Reboot","Multi-Cast"],"picked":"Electrodynamics","floor":16},{"not_picked":["Ball Lightning","Leap"],"picked":"Chill+1","floor":18},{"not_picked":["Fusion","Blizzard","Streamline"],"picked":"SKIP","floor":19},{"not_picked":["Rebound","FTL","Beam Cell"],"picked":"SKIP","floor":21},{"not_picked":["Storm","Barrage"],"picked":"Cold Snap","floor":22},{"not_picked":["Recycle","Gash","Compile Driver"],"picked":"SKIP","floor":27}],"player_experience":1134699,"relics_obtained":[{"floor":6.0,"key":"Gremlin Horn"},{"floor":9.0,"key":"Ancient Tea Set"},{"floor":10.0,"key":"PreservedInsect"},{"floor":13,"key":"Pantograph"},{"floor":26,"key":"Juzu Bracelet"},{"floor":27,"key":"Oddly Smooth Stone"}],"event_choices":[{"damage_healed":0.0,"max_hp_gain":0.0,"max_hp_loss":0.0,"gold_gain":0.0,"event_name":"The Cleric","player_choice":"Leave","floor":2.0,"gold_loss":0.0,"damage_taken":0.0},{"damage_healed":0.0,"max_hp_gain":0.0,"max_hp_loss":0.0,"gold_gain":0.0,"event_name":"Shining Light","player_choice":"Entered Light","floor":3.0,"gold_loss":0.0,"damage_taken":21.0,"cards_upgraded":["Strike_B","Strike_B"]},{"damage_healed":0.0,"max_hp_gain":0.0,"max_hp_loss":0.0,"gold_gain":75.0,"event_name":"World of Goop","player_choice":"Gather Gold","floor":4.0,"gold_loss":0.0,"damage_taken":11.0},{"cards_removed":["Strike_B"],"damage_healed":0.0,"max_hp_gain":0.0,"max_hp_loss":0.0,"gold_gain":0.0,"event_name":"Purifier","player_choice":"Purged","floor":5.0,"gold_loss":0.0,"damage_taken":0.0},{"damage_healed":0,"gold_gain":0,"player_choice":"Ignored","damage_taken":0,"max_hp_gain":0,"max_hp_loss":0,"event_name":"Beggar","floor":20,"gold_loss":0},{"damage_healed":0,"gold_gain":0,"player_choice":"1 cards matched","damage_taken":0,"max_hp_gain":0,"max_hp_loss":0,"event_name":"Match and Keep!","floor":28,"gold_loss":0,"cards_obtained":["Defragment"]},{"damage_healed":0,"gold_gain":0,"player_choice":"Shed Blood","damage_taken":25,"max_hp_gain":5,"max_hp_loss":0,"event_name":"Forgotten Altar","floor":29,"gold_loss":0}],"is_beta":true,"boss_relics":[{"not_picked":["Velvet Choker","Fusion Hammer"],"picked":"Philosopher\u0027s Stone"}],"items_purged_floors":[],"is_endless":false,"potions_floor_spawned":[6,12,13,21,27],"killed_by":"Book of Stabbing","ascension_level":20}