{"gold_per_floor":[112,130,405,62,78,78,112,77,124,156,186,198,227,251,263,350,362,391,416,428,456,494,506,518],"floor_reached":24,"playtime":949,"items_purged":["Regret"],"score":400,"play_id":"663b9105-024b-4b5e-b4da-5dcf16c85b15","local_time":"20190322233944","is_ascension_mode":true,"campfire_choices":[{"data":"Noxious Fumes","floor":6,"key":"SMITH"},{"data":"Catalyst","floor":15,"key":"SMITH"},{"floor":23,"key":"REST"}],"neow_cost":"NONE","seed_source_timestamp":846482839604104,"circlet_count":0,"master_deck":["AscendersBane","Defend_G","Defend_G","Defend_G","Defend_G","Defend_G","Strike_G","Strike_G","Survivor","Neutralize","Flying Knee","Noxious Fumes+1","Cloak And Dagger","Dodge and Roll","Dagger Spray","Catalyst+1","Dagger Throw","Corpse Explosion","Caltrops+1","Tools of the Trade+1","Tactician+1","Catalyst","Bane+1","Writhe","PiercingWail"],"relics":["Ring of the Snake","NeowsBlessing","Kunai","Orichalcum","MawBank","Astrolabe","PreservedInsect","Anchor"],"potions_floor_usage":[7,13,16,16,19,24],"damage_taken":[{"damage":0,"enemies":"2 Louse","floor":1,"turns":1},{"damage":0,"enemies":"Cultist","floor":2,"turns":1},{"damage":0,"enemies":"Jaw Worm","floor":5,"turns":1},{"damage":44,"enemies":"Gremlin Nob","floor":7,"turns":5},{"damage":14,"enemies":"Exordium Thugs","floor":10,"turns":5},{"damage":3,"enemies":"Blue Slaver","floor":11,"turns":4},{"damage":0,"enemies":"Red Slaver","floor":13,"turns":5},{"damage":0,"enemies":"3 Louse","floor":14,"turns":3},{"damage":2,"enemies":"Hexaghost","floor":16,"turns":10},{"damage":14,"enemies":"Shell Parasite","floor":18,"turns":6},{"damage":26,"enemies":"Spheric Guardian","floor":19,"turns":8},{"damage":12,"enemies":"Centurion and Healer","floor":21,"turns":4},{"damage":21,"enemies":"Gremlin Leader","floor":24,"turns":4}],"seed_played":"6535682754978479554","potions_obtained":[{"floor":5,"key":"Swift Potion"},{"floor":10,"key":"Energy Potion"},{"floor":11,"key":"Swift Potion"},{"floor":14,"key":"GhostInAJar"},{"floor":16,"key":"SpeedPotion"},{"floor":19,"key":"Block Potion"}],"is_trial":false,"path_per_floor":["M","M","?","$","M","R","E","?","T","M","M","$","M","M","R","B",null,"M","M","?","M","T","R","E"],"character_chosen":"THE_SILENT","items_purchased":["Kunai"],"campfire_rested":1,"item_purchase_floors":[4],"current_hp_per_floor":[59,59,59,59,59,59,15,31,31,17,14,14,14,14,14,12,53,39,13,13,1,1,20,0],"gold":518,"neow_bonus":"THREE_ENEMY_KILL","is_prod":false,"is_daily":false,"chose_seed":false,"campfire_upgraded":2,"win_rate":0,"timestamp":1553312384,"path_taken":["M","M","?","$","?","R","E","?","T","M","M","?","M","M","R","BOSS","M","M","?","M","?","R","E"],"build_version":"2019-03-15","purchased_purges":1,"victory":false,"max_hp_per_floor":[66,66,66,66,66,66,66,66,66,66,66,66,66,66,66,66,66,66,66,66,66,66,66,66],"card_choices":[{"not_picked":["Blade Dance","Acrobatics"],"picked":"Flying Knee","floor":1},{"not_picked":["Backflip","All Out Attack"],"picked":"Noxious Fumes","floor":2},{"not_picked":["Slice","Predator"],"picked":"Cloak And Dagger","floor":5},{"not_picked":["Masterful Stab","Quick Slash","A Thousand Cuts"],"picked":"SKIP","floor":7},{"not_picked":["Dagger Throw","Choke"],"picked":"Dodge and Roll","floor":10},{"not_picked":["Underhanded Strike","Outmaneuver"],"picked":"Dagger Spray","floor":11},{"not_picked":["Reflex","Setup"],"picked":"Catalyst","floor":13},{"not_picked":["Bane","Slice"],"picked":"Dagger Throw","floor":14},{"not_picked":["Phantasmal Killer","Venomology"],"picked":"Corpse Explosion","floor":16},{"not_picked":["Prepared","All Out Attack"],"picked":"Catalyst","floor":18},{"not_picked":["Riddle With Holes","Finisher"],"picked":"Bane+1","floor":19},{"not_picked":["Catalyst","Choke"],"picked":"PiercingWail","floor":21}],"player_experience":1193711,"relics_obtained":[{"floor":7,"key":"Orichalcum"},{"floor":9,"key":"MawBank"},{"floor":22,"key":"Anchor"}],"event_choices":[{"damage_healed":0,"gold_gain":275,"player_choice":"Desecrate","damage_taken":0,"max_hp_gain":0,"max_hp_loss":0,"event_name":"Golden Shrine","floor":3,"gold_loss":0,"cards_obtained":["Regret"]},{"damage_healed":16,"gold_gain":0,"player_choice":"Healed","damage_taken":0,"max_hp_gain":0,"max_hp_loss":0,"event_name":"The Cleric","floor":8,"gold_loss":35},{"damage_healed":0,"gold_gain":0,"player_choice":"Opened","damage_taken":0,"relics_obtained":["PreservedInsect"],"max_hp_gain":0,"max_hp_loss":0,"event_name":"The Mausoleum","floor":20,"gold_loss":0,"cards_obtained":["Writhe"]}],"is_beta":true,"boss_relics":[{"not_picked":["HoveringKite","Eternal Feather"],"picked":"Astrolabe"}],"items_purged_floors":[4],"is_endless":false,"potions_floor_spawned":[5,10,11,14,16,19],"killed_by":"Gremlin Leader","ascension_level":20}