{"gold_per_floor":[110,34,34,53,53,94,94,125,125,125,149,169,194,42,42,166,166,191,214,214,36,161,204,204,20,69,105,120,120,120,135,135,260,260,281,66,90,90,111,151,5,5,5,5,5,70,88,124,124,124],"floor_reached":51,"playtime":3289,"items_purged":["Strike_B"],"score":1277,"play_id":"db270697-2edc-4b24-82ef-5d3e5e2c8875","local_time":"20190211061803","is_ascension_mode":true,"campfire_choices":[{"data":"Sunder","floor":7,"key":"SMITH"},{"floor":10,"key":"REST"},{"floor":15,"key":"REST"},{"floor":24,"key":"REST"},{"floor":29,"key":"REST"},{"data":"Seek","floor":32,"key":"SMITH"},{"floor":42,"key":"REST"},{"data":"Seek","floor":49,"key":"SMITH"}],"neow_cost":"NONE","seed_source_timestamp":140317269481148,"circlet_count":0,"master_deck":["AscendersBane","Defend_B","Defend_B","Defend_B","Defend_B+1","Zap","Dualcast","Gash+1","Gash","Steam","Cold Snap+1","Sunder+1","Hologram","Hologram","BootSequence","Apotheosis","All For One","Turbo","Genetic Algorithm","Hologram","Gash+1","Reinforced Body","Seek+1","Capacitor","Loop","Conserve Battery","Go for the Eyes+1","Creative AI","Defragment+1","Gash","BootSequence","Defragment","Gash","Thunder Strike+1","Steam+1","Secret Technique","Gash","Seek+1","Coolheaded"],"relics":["Cracked Core","NeowsBlessing","Golden Idol","The Courier","Dead Branch","Pen Nib","Sozu","Bottled Flame","Strange Spoon","Dodecahedron","StoneCalendar","Happy Flower","DataDisk","Calipers","Empty Cage","Torii","Whetstone","Bird Faced Urn","Ginger"],"potions_floor_usage":[16,22],"damage_taken":[{"damage":0,"enemies":"2 Louse","floor":1,"turns":1},{"damage":0,"enemies":"Small Slimes","floor":4,"turns":1},{"damage":0,"enemies":"Lagavulin","floor":6,"turns":1},{"damage":17,"enemies":"3 Sentries","floor":8,"turns":6},{"damage":2,"enemies":"Jaw Worm","floor":11,"turns":3},{"damage":3,"enemies":"Red Slaver","floor":12,"turns":3},{"damage":4,"enemies":"Blue Slaver","floor":13,"turns":3},{"damage":1,"enemies":"Hexaghost","floor":16,"turns":9},{"damage":0,"enemies":"Spheric Guardian","floor":18,"turns":3},{"damage":8,"enemies":"Shell Parasite","floor":19,"turns":4},{"damage":3,"enemies":"Colosseum Slavers","floor":22,"turns":3},{"damage":13,"enemies":"Colosseum Nobs","floor":22,"turns":4},{"damage":31,"enemies":"Slavers","floor":23,"turns":3},{"damage":27,"enemies":"Gremlin Leader","floor":27,"turns":3},{"damage":2,"enemies":"Shelled Parasite and Fungi","floor":28,"turns":4},{"damage":9,"enemies":"Cultist and Chosen","floor":31,"turns":5},{"damage":29,"enemies":"Collector","floor":33,"turns":8},{"damage":25,"enemies":"3 Darklings","floor":35,"turns":5},{"damage":5,"enemies":"3 Shapes","floor":37,"turns":4},{"damage":1,"enemies":"Spire Growth","floor":39,"turns":4},{"damage":19,"enemies":"Reptomancer","floor":40,"turns":6},{"damage":15,"enemies":"2 Orb Walkers","floor":46,"turns":7},{"damage":23,"enemies":"Sphere and 2 Shapes","floor":47,"turns":7},{"damage":0,"enemies":"Nemesis","floor":48,"turns":9},{"damage":40,"enemies":"Donu and Deca","floor":50,"turns":11}],"seed_played":"8948753167677323821","potions_obtained":[{"floor":8,"key":"Poison Potion"},{"floor":12,"key":"Energy Potion"}],"is_trial":false,"path_per_floor":["M","$","?","M","?","E","R","E","T","R","M","M","M","$","R","B",null,"M","M","T","$","?","E","R","$","T","E","M","R","?","M","R","B",null,"M","$","M","?","M","E","$","R","T","$","?","?","M","E","R","B",null],"character_chosen":"DEFECT","items_purchased":["Gash","Steam","Apotheosis","Strange Spoon","Hologram","Seek","Capacitor","Gash","BootSequence","Defragment","Secret Technique"],"campfire_rested":5,"item_purchase_floors":[2,2,14,21,21,25,25,36,36,36,41],"current_hp_per_floor":[68,68,50,50,35,35,35,18,18,40,38,35,31,31,53,52,69,69,61,61,61,45,14,36,36,36,9,7,29,54,45,45,16,60,35,35,30,30,29,10,10,32,32,32,32,17,20,44,44,48],"gold":124,"neow_bonus":"THREE_ENEMY_KILL","is_prod":false,"is_daily":false,"chose_seed":false,"campfire_upgraded":3,"win_rate":0,"timestamp":1549883883,"path_taken":["M","$","?","M","?","E","R","E","T","R","M","M","M","?","R","BOSS","M","M","?","$","?","E","R","$","T","E","M","R","?","?","R","BOSS","M","$","M","?","?","E","$","R","T","$","?","?","M","E","R","BOSS"],"build_version":"2019-02-06","purchased_purges":1,"victory":true,"max_hp_per_floor":[75,75,75,75,75,75,75,75,75,75,75,75,75,75,75,75,75,75,75,75,75,75,75,75,75,75,75,75,75,75,75,75,75,75,75,75,75,75,75,75,75,75,75,75,71,71,71,71,71,71],"card_choices":[{"not_picked":["Coolheaded","Stack"],"picked":"Gash","floor":1},{"not_picked":["Compile Driver","Rebound"],"picked":"Cold Snap","floor":4},{"not_picked":["Aggregate","Melter"],"picked":"Sunder","floor":6},{"not_picked":["Streamline","Biased Cognition","Melter"],"picked":"SKIP","floor":8},{"not_picked":["Heatsinks","Coolheaded"],"picked":"Hologram","floor":11},{"not_picked":["Redo","Cold Snap"],"picked":"Hologram","floor":12},{"not_picked":["Skim","Stack"],"picked":"BootSequence","floor":13},{"not_picked":["Thunder Strike","Biased Cognition"],"picked":"All For One","floor":16},{"not_picked":["Barrage","Sunder+1"],"picked":"Turbo","floor":18},{"not_picked":["Ball Lightning+1","Hologram"],"picked":"Genetic Algorithm","floor":19},{"not_picked":["Hello World","Darkness"],"picked":"Gash+1","floor":22},{"not_picked":["Cold Snap","Turbo"],"picked":"Reinforced Body","floor":23},{"not_picked":["Ball Lightning","Rainbow"],"picked":"Loop","floor":27},{"not_picked":["Redo","Rebound+1"],"picked":"Conserve Battery","floor":28},{"not_picked":["Melter","Sweeping Beam"],"picked":"Go for the Eyes+1","floor":31},{"not_picked":["Biased Cognition","Fission"],"picked":"Creative AI","floor":33},{"not_picked":["Consume","Recycle"],"picked":"Defragment+1","floor":35},{"not_picked":["Steam Power","Loop"],"picked":"Gash","floor":37},{"not_picked":["Undo","Sweeping Beam"],"picked":"Steam+1","floor":39},{"not_picked":["Sweeping Beam","Steam","Streamline+1"],"picked":"SKIP","floor":40},{"not_picked":["Rip and Tear","Go for the Eyes"],"picked":"Gash","floor":46},{"not_picked":["Conserve Battery","Defragment"],"picked":"Seek","floor":47},{"not_picked":["Steam Power","Hyperbeam"],"picked":"Coolheaded","floor":48}],"player_experience":380928,"relics_obtained":[{"floor":6,"key":"The Courier"},{"floor":8,"key":"Dead Branch"},{"floor":9,"key":"Pen Nib"},{"floor":20,"key":"Bottled Flame"},{"floor":22,"key":"Dodecahedron"},{"floor":22,"key":"StoneCalendar"},{"floor":23,"key":"Happy Flower"},{"floor":26,"key":"DataDisk"},{"floor":27,"key":"Calipers"},{"floor":40,"key":"Torii"},{"floor":43,"key":"Whetstone"},{"floor":46,"key":"Bird Faced Urn"},{"floor":48,"key":"Ginger"}],"event_choices":[{"damage_healed":0,"gold_gain":0,"player_choice":"Take Damage","damage_taken":18,"relics_obtained":["Golden Idol"],"max_hp_gain":0,"max_hp_loss":0,"event_name":"Golden Idol","floor":3,"gold_loss":0},{"damage_healed":0,"gold_gain":0,"player_choice":"Entered Light","damage_taken":15,"max_hp_gain":0,"max_hp_loss":0,"event_name":"Shining Light","floor":5,"gold_loss":0,"cards_upgraded":["Defend_B","Cold Snap"]},{"damage_healed":0,"gold_gain":0,"player_choice":"Fight","damage_taken":0,"max_hp_gain":0,"max_hp_loss":0,"event_name":"Colosseum","floor":22,"gold_loss":0},{"damage_healed":0,"gold_gain":0,"player_choice":"Fought Nobs","damage_taken":0,"max_hp_gain":0,"max_hp_loss":0,"event_name":"Colosseum","floor":22,"gold_loss":0},{"damage_healed":25,"gold_gain":0,"player_choice":"Heal","damage_taken":0,"max_hp_gain":0,"max_hp_loss":0,"event_name":"The Library","floor":30,"gold_loss":0},{"damage_healed":0,"gold_gain":0,"cards_transformed":["Strike_B"],"player_choice":"Transformed","damage_taken":0,"max_hp_gain":0,"max_hp_loss":0,"event_name":"Transmorgrifier","floor":38,"gold_loss":0,"cards_obtained":["Thunder Strike"]},{"damage_healed":0,"gold_gain":0,"player_choice":"Max HP","damage_taken":0,"max_hp_gain":0,"max_hp_loss":4,"event_name":"Winding Halls","floor":45,"gold_loss":0},{"damage_healed":0,"gold_gain":0,"player_choice":"Fight","damage_taken":0,"max_hp_gain":0,"max_hp_loss":0,"event_name":"Mysterious Sphere","floor":46,"gold_loss":0}],"is_beta":true,"boss_relics":[{"not_picked":["Black Star","Nuclear Battery"],"picked":"Sozu"},{"not_picked":["Lizard Tail","Calling Bell"],"picked":"Empty Cage"}],"items_purged_floors":[36],"is_endless":false,"potions_floor_spawned":[8,12,13,22,27,28,31,33,35,37,39,46,48],"ascension_level":12}