{"path_per_floor":["M","$","M","M","M","R","E","M","T","M","R","M","R","M","R","B",null,"M","T","$","M"],"character_chosen":"THE_SILENT","items_purchased":["Malaise","Outmaneuver","Acrobatics","Dagger Throw"],"gold_per_floor":[111,35,53,70,40,40,75,91,91,105,105,122,122,135,135,239,239,253,253,82,100],"floor_reached":22,"campfire_rested":3,"playtime":1194,"current_hp_per_floor":[70,70,70,68,64,64,31,13,13,7,28,23,44,41,62,53,77,37,37,37,5],"items_purged":["Pain"],"gold":100,"score":197,"play_id":"e7df1411-c5f7-4a04-b30d-e705afe98166","is_prod":false,"is_daily":false,"is_ascension_mode":true,"campfire_upgraded":1,"path_taken":["M","$","M","M","M","R","E","M","T","M","R","M","R","M","R","BOSS","M","?","?","M","M"],"build_version":"2018-02-21-BETA3","purchased_purges":1,"victory":false,"master_deck":["Defend_G","Defend_G","Defend_G","Defend_G","Defend_G","Strike_G","Strike_G","Strike_G","Strike_G","Strike_G","Survivor","Neutralize","Prepared","Malaise","Acrobatics","Noxious Fumes+1","Sucker Punch","Outmaneuver","Bouncing Flask","Choke","Venomology","Escape Plan","A Thousand Cuts","Doubt","Writhe","Dagger Throw+1","Outmaneuver","Acrobatics","Dagger Throw","Backflip+1"],"max_hp_per_floor":[70,70,70,70,70,70,70,70,70,70,70,70,70,70,70,70,77,77,77,77,77],"relics":["Philosopher\u0027s Stone","Smiling Mask","Tingsha","Calling Bell","Ancient Tea Set","Strawberry","Frozen Eye","Ice Cream"],"card_choices":[{"not_picked":["Bane","Sucker Punch"],"picked":"Prepared"},{"not_picked":["All Out Attack","Sucker Punch"],"picked":"Acrobatics"},{"not_picked":["Acrobatics","Cloak And Dagger"],"picked":"Noxious Fumes"},{"not_picked":["Dodge and Roll","Glass Knife"],"picked":"Sucker Punch"},{"not_picked":["Quick Slash","Endless Agony"],"picked":"Outmaneuver"},{"not_picked":["Underhanded Strike","Poisoned Stab"],"picked":"Bouncing Flask"},{"not_picked":["Dodge and Roll","Underhanded Strike"],"picked":"Choke"},{"not_picked":["Choke","Reflex"],"picked":"Venomology"},{"not_picked":["Predator","Bouncing Flask"],"picked":"Escape Plan"},{"not_picked":["Bullet Time","Adrenaline"],"picked":"A Thousand Cuts"},{"not_picked":["Prepared","Eviscerate"],"picked":"Dagger Throw"},{"not_picked":["Masterful Stab","Dagger Spray"],"picked":"Backflip"}],"player_experience":42700,"potions_floor_usage":[14,16,16,16,18,21,22,22],"damage_taken":[{"damage":0,"enemies":"Cultist","floor":1,"turns":5},{"damage":0,"enemies":"Jaw Worm","floor":3,"turns":5},{"damage":2,"enemies":"2 Louse","floor":4,"turns":3},{"damage":4,"enemies":"Looter","floor":5,"turns":4},{"damage":33,"enemies":"3 Sentries","floor":7,"turns":9},{"damage":18,"enemies":"Lots of Slimes","floor":8,"turns":4},{"damage":6,"enemies":"Red Slaver","floor":10,"turns":4},{"damage":5,"enemies":"Blue Slaver","floor":12,"turns":4},{"damage":3,"enemies":"2 Fungi Beasts","floor":14,"turns":2},{"damage":9,"enemies":"The Guardian","floor":16,"turns":9},{"damage":40,"enemies":"2 Thieves","floor":18,"turns":4},{"damage":32,"enemies":"3 Byrds","floor":21,"turns":4},{"damage":48,"enemies":"Cultist and Chosen","floor":22,"turns":6}],"event_choices":[],"boss_relics":[{"not_picked":["Ectoplasm","Orrery"],"picked":"Calling Bell"}],"potions_floor_spawned":[4,7,10,14,16],"seed_played":"-5755428067163900799","killed_by":"Cultist and Chosen","ascension_level":1,"is_trial":false}