{"path_per_floor":["M","$","?","M","M","E","M","R","T","?","M","E","M","$","R","B",null,"M","$","M","M","T","R"],"character_chosen":"IRONCLAD","items_purchased":["True Grit","Anchor","Metallicize"],"gold_per_floor":[114,39,39,55,75,110,130,130,157,157,170,203,219,19,19,118,118,133,61,81,95,121,121],"floor_reached":24,"campfire_rested":1,"playtime":1412,"current_hp_per_floor":[71,71,71,72,69,34,22,22,22,22,17,20,9,9,9,14,72,49,49,55,9,16,39],"items_purged":["Bash"],"gold":121,"score":229,"play_id":"ad06fa84-c8ab-4b2f-8bdd-c13b1073439f","is_prod":false,"is_daily":false,"is_ascension_mode":true,"campfire_upgraded":2,"path_taken":["M","$","?","M","M","E","M","R","T","?","M","E","M","$","R","BOSS","M","?","?","M","?","R","E"],"build_version":"2018-02-16-BETA2","purchased_purges":1,"victory":false,"master_deck":["Strike_R","Strike_R","Defend_R","Defend_R","Defend_R","Defend_R","Burning Pact","Inflame+1","Seeing Red","Cleave","Battle Trance","Armaments","Armaments+1","Headbutt","Pommel Strike","Rampage","Seeing Red","True Grit+1","Barricade","Shockwave","Metallicize","Intimidate","Metallicize","Headbutt","Metallicize","Shrug It Off+1","Fiend Fire","Shrug It Off"],"max_hp_per_floor":[72,72,72,72,72,72,72,72,72,72,72,72,72,72,72,72,72,72,72,72,72,79,79],"relics":["Burning Blood","Lantern","Prayer Wheel","Dream Catcher","Anchor","Orrery","Strawberry"],"card_choices":[{"not_picked":["Inflame","Body Slam"],"picked":"Seeing Red"},{"not_picked":["Twin Strike","Heavy Blade"],"picked":"Cleave"},{"not_picked":["Sword Boomerang","Pummel"],"picked":"Battle Trance"},{"not_picked":["Cleave","Thunderclap"],"picked":"Armaments"},{"not_picked":["Shrug It Off","Warcry"],"picked":"Armaments"},{"not_picked":["Rage","Entrench"],"picked":"Pommel Strike"},{"not_picked":["Second Wind","Combust"],"picked":"Rampage"},{"not_picked":["Pommel Strike","Clash"],"picked":"Seeing Red"},{"not_picked":["Limit Break","Fiend Fire"],"picked":"Barricade"},{"not_picked":["Pommel Strike","Battle Trance"],"picked":"Shockwave"},{"not_picked":["Sword Boomerang","Uppercut"],"picked":"Metallicize"},{"not_picked":["Searing Blow","Seeing Red"],"picked":"Intimidate"},{"not_picked":["Sever Soul","Rage"],"picked":"Metallicize"},{"not_picked":["Heavy Blade","Armaments"],"picked":"Headbutt"},{"not_picked":["Iron Wave","Inflame"],"picked":"Shrug It Off"},{"not_picked":["Pommel Strike","Wild Strike"],"picked":"Fiend Fire"},{"not_picked":["Corruption","Power Through"],"picked":"Shrug It Off"}],"player_experience":39829,"potions_floor_usage":[6,6,16,16,16,24],"damage_taken":[{"damage":7,"enemies":"Small Slimes","floor":1,"turns":3},{"damage":5,"enemies":"Cultist","floor":4,"turns":5},{"damage":9,"enemies":"2 Louse","floor":5,"turns":2},{"damage":41,"enemies":"Lagavulin","floor":6,"turns":7},{"damage":18,"enemies":"Large Slime","floor":7,"turns":6},{"damage":11,"enemies":"Looter","floor":11,"turns":3},{"damage":3,"enemies":"3 Sentries","floor":12,"turns":4},{"damage":17,"enemies":"Exordium Thugs","floor":13,"turns":4},{"damage":1,"enemies":"The Guardian","floor":16,"turns":12},{"damage":29,"enemies":"Chosen","floor":18,"turns":9},{"damage":0,"enemies":"Shell Parasite","floor":20,"turns":6},{"damage":52,"enemies":"3 Cultists","floor":21,"turns":8},{"damage":35,"enemies":"Book of Stabbing","floor":24,"turns":11}],"event_choices":[{"event_name":"Accursed Blacksmith","player_choice":"Forge","floor":3,"damage_taken":0},{"event_name":"Living Wall","player_choice":"Change","floor":10,"damage_taken":0}],"boss_relics":[{"not_picked":["White Beast Statue","Eternal Feather"],"picked":"Orrery"}],"potions_floor_spawned":[1,5,7,12,13,21],"seed_played":"7661252515875857324","killed_by":"Book of Stabbing","ascension_level":2,"is_trial":false}