{"gold_per_floor":[111,125,144,155,169,169,200,200,200,200,212,243,73,84,84,161,161,161,121,46,46,46,46,46,46,46,46,46,46,46,46,46,46],"floor_reached":33,"playtime":2475,"items_purged":[],"score":572,"play_id":"3078c28c-4759-4f32-a9a8-9d63738fba2b","local_time":"20190317091447","is_ascension_mode":true,"campfire_choices":[{"data":"Bash","floor":6,"key":"SMITH"},{"floor":8,"key":"REST"},{"data":"Perfected Strike","floor":10,"key":"SMITH"},{"floor":15,"key":"REST"},{"floor":25,"key":"REST"},{"floor":28,"key":"REST"},{"floor":30,"key":"REST"},{"data":"Armaments","floor":32,"key":"SMITH"}],"neow_cost":"CURSE","seed_source_timestamp":278198463040392,"circlet_count":0,"master_deck":["AscendersBane","Strike_R+1","Strike_R+1","Strike_R+1","Strike_R+1","Strike_R+1","Defend_R+1","Defend_R+1","Defend_R+1","Defend_R+1","Bash+1","Clumsy","Headbutt","Dropkick+1","Perfected Strike","Disarm","Shrug It Off","Perfected Strike+1","Spot Weakness","Disarm","Shrug It Off","Disarm","Double Tap","Pommel Strike","Wild Strike","Evolve","Clothesline","Armaments+1","Battle Trance"],"relics":["Burning Blood","Ice Cream","Regal Pillow","Potion Belt","Juzu Bracelet","Ectoplasm","Pear","Whetstone","Happy Flower"],"potions_floor_usage":[7,11,16,16,19,19,23,23,27,27],"damage_taken":[{"damage":2,"enemies":"Cultist","floor":1,"turns":4},{"damage":8,"enemies":"2 Louse","floor":2,"turns":2},{"damage":9,"enemies":"Jaw Worm","floor":3,"turns":4},{"damage":31,"enemies":"Lots of Slimes","floor":4,"turns":5},{"damage":7,"enemies":"Looter","floor":5,"turns":3},{"damage":25,"enemies":"3 Sentries","floor":7,"turns":10},{"damage":31,"enemies":"Exordium Thugs","floor":11,"turns":5},{"damage":30,"enemies":"Lagavulin","floor":12,"turns":4},{"damage":0,"enemies":"Exordium Wildlife","floor":14,"turns":3},{"damage":3,"enemies":"Hexaghost","floor":16,"turns":9},{"damage":16,"enemies":"Spheric Guardian","floor":18,"turns":5},{"damage":1,"enemies":"2 Thieves","floor":19,"turns":3},{"damage":8,"enemies":"Snecko","floor":21,"turns":3},{"damage":19,"enemies":"Centurion and Healer","floor":22,"turns":5},{"damage":11,"enemies":"Book of Stabbing","floor":23,"turns":6},{"damage":33,"enemies":"Chosen and Byrds","floor":24,"turns":6},{"damage":51,"enemies":"Slavers","floor":27,"turns":7},{"damage":50,"enemies":"Sentry and Sphere","floor":29,"turns":6},{"damage":68,"enemies":"Automaton","floor":33,"turns":8}],"seed_played":"-9036851026405684002","potions_obtained":[{"floor":2,"key":"FearPotion"},{"floor":4,"key":"Dexterity Potion"},{"floor":5,"key":"Fire Potion"},{"floor":16,"key":"EssenceOfSteel"},{"floor":18,"key":"SkillPotion"},{"floor":22,"key":"Ancient Potion"},{"floor":23,"key":"Strength Potion"}],"is_trial":false,"path_per_floor":["M","M","M","M","M","R","E","R","T","R","M","E","$","M","R","B",null,"M","M","$","M","M","E","M","R","T","E","R","M","R","?","R","B"],"character_chosen":"IRONCLAD","items_purchased":["EntropicBrew","Shrug It Off","Evolve"],"campfire_rested":5,"item_purchase_floors":[13,13,20],"current_hp_per_floor":[72,70,67,42,41,41,22,59,59,59,34,10,10,16,53,56,70,60,65,65,63,50,55,28,68,68,23,63,19,59,59,59,0],"gold":46,"neow_bonus":"ONE_RARE_RELIC","is_prod":false,"is_daily":false,"chose_seed":false,"campfire_upgraded":3,"win_rate":0,"timestamp":1552828487,"path_taken":["M","M","M","M","?","R","E","R","T","R","?","E","$","M","R","BOSS","M","M","$","M","M","E","M","R","T","E","R","M","R","?","R","BOSS"],"build_version":"2019-03-15","purchased_purges":0,"victory":false,"max_hp_per_floor":[75,75,75,75,75,75,75,75,75,75,75,75,75,75,75,75,75,75,75,75,75,75,85,85,85,85,85,85,85,85,85,85,85],"card_choices":[{"not_picked":["Hemokinesis","Power Through"],"picked":"Headbutt","floor":1},{"not_picked":["Iron Wave","True Grit"],"picked":"Dropkick","floor":2},{"not_picked":["Clash","Sword Boomerang"],"picked":"Perfected Strike","floor":3},{"not_picked":["Clothesline","Ghostly Armor"],"picked":"Disarm","floor":4},{"not_picked":["Rupture","Pummel"],"picked":"Shrug It Off","floor":5},{"not_picked":["True Grit","Dual Wield"],"picked":"Perfected Strike","floor":7},{"not_picked":["Twin Strike","Anger"],"picked":"Spot Weakness","floor":11},{"not_picked":["Double Tap","Shockwave"],"picked":"Disarm","floor":12},{"not_picked":["Blood for Blood","Carnage"],"picked":"Disarm","floor":14},{"not_picked":["Brutality","Offering"],"picked":"Double Tap","floor":16},{"not_picked":["Cleave","Combust"],"picked":"Pommel Strike","floor":18},{"not_picked":["Heavy Blade","Thunderclap"],"picked":"Wild Strike","floor":19},{"not_picked":["Flex","Entrench","Searing Blow"],"picked":"SKIP","floor":21},{"not_picked":["Sword Boomerang","Body Slam"],"picked":"Clothesline","floor":22},{"not_picked":["Sentinel","Infernal Blade"],"picked":"Armaments","floor":23},{"not_picked":["Bloodletting","Clash","Dropkick"],"picked":"SKIP","floor":24},{"not_picked":["Fire Breathing+1","Anger"],"picked":"Battle Trance","floor":27},{"not_picked":["Heavy Blade","Iron Wave","Flex"],"picked":"SKIP","floor":29}],"player_experience":539496,"relics_obtained":[{"floor":7,"key":"Regal Pillow"},{"floor":9,"key":"Potion Belt"},{"floor":12,"key":"Juzu Bracelet"},{"floor":23,"key":"Pear"},{"floor":26,"key":"Whetstone"},{"floor":27,"key":"Happy Flower"}],"event_choices":[{"damage_healed":0,"gold_gain":0,"player_choice":"Simplicity","damage_taken":0,"max_hp_gain":0,"max_hp_loss":0,"event_name":"Back to Basics","floor":31,"gold_loss":0,"cards_upgraded":["Strike_R","Strike_R","Strike_R","Strike_R","Defend_R","Defend_R","Defend_R","Defend_R"]}],"is_beta":true,"boss_relics":[{"not_picked":["Calling Bell","Runic Cube"],"picked":"Ectoplasm"}],"items_purged_floors":[],"is_endless":false,"potions_floor_spawned":[2,4,5,16,18,22,23],"killed_by":"Automaton","ascension_level":18}