{"gold_per_floor":[111,111,27,27,27,55,55,86,86,86,86,98,111,122,122,196,196,216,216,491,491,416,416,441,414,437,437,508,524,524,544,544,544],"floor_reached":33,"playtime":1292,"items_purged":["Regret"],"score":667,"play_id":"a69f2c2b-9dba-4db9-ab31-56b3621df02d","local_time":"20181013192619","is_ascension_mode":true,"campfire_choices":[{"data":"Streamline","floor":7.0,"key":"SMITH"},{"data":"Leap","floor":11.0,"key":"SMITH"},{"data":"Lockon","floor":15.0,"key":"SMITH"},{"data":"Ghostly","floor":23,"key":"SMITH"},{"data":"Multi-Cast","floor":30,"key":"SMITH"},{"data":"Ghostly","floor":32,"key":"SMITH"}],"neow_cost":"NONE","seed_source_timestamp":174718434021818,"circlet_count":0,"master_deck":["Strike_B","Strike_B","Strike_B","Defend_B","Defend_B","Defend_B","Defend_B","Zap","Dualcast","AscendersBane","Self Repair","Doom and Gloom","Hello World","Streamline+1","Leap+1","FTL","Lockon+1","Multi-Cast+1","Reinforced Body","Ghostly+1","Ghostly+1","Ghostly","Ghostly","Ghostly","Conserve Battery+1","Reinforced Body+1","Glacier+1","Turbo+1"],"special_seed":0,"relics":["Cracked Core","NeowsBlessing","Dream Catcher","Boot","Symbiotic Virus","Bottled Lightning","Bag of Marbles","Runic Dome","Kunai","Oddly Smooth Stone","MutagenicStrength","Toxic Egg 2"],"potions_floor_usage":[16,33],"damage_taken":[{"damage":0.0,"enemies":"Small Slimes","floor":1.0,"turns":1.0},{"damage":0.0,"enemies":"Gremlin Nob","floor":6.0,"turns":1.0},{"damage":0.0,"enemies":"Lagavulin","floor":8.0,"turns":3.0},{"damage":0.0,"enemies":"Jaw Worm","floor":12.0,"turns":2.0},{"damage":0.0,"enemies":"Cultist","floor":13.0,"turns":3.0},{"damage":8.0,"enemies":"Blue Slaver","floor":14.0,"turns":3.0},{"damage":28,"enemies":"Slime Boss","floor":16,"turns":7},{"damage":18,"enemies":"Shell Parasite","floor":18,"turns":3},{"damage":7,"enemies":"Gremlin Leader","floor":24,"turns":7},{"damage":4,"enemies":"2 Thieves","floor":25,"turns":5},{"damage":0,"enemies":"Snake Plant","floor":29,"turns":6},{"damage":0,"enemies":"Centurion and Healer","floor":31,"turns":7},{"damage":36,"enemies":"Automaton","floor":33,"turns":10}],"seed_played":"2111862037778449149","potions_obtained":[{"floor":6.0,"key":"Swift Potion"},{"floor":8.0,"key":"GamblersBrew"},{"floor":12.0,"key":"Explosive Potion"},{"floor":14.0,"key":"Strength Potion"},{"floor":16,"key":"Swift Potion"},{"floor":19,"key":"Fire Potion"}],"is_trial":false,"path_per_floor":["M","?","$","?","$","E","R","E","T","?","R","M","M","M","R","B",null,"M","?","?","?","$","R","E","M","T","?","T","M","R","M","R"],"character_chosen":"DEFECT","items_purchased":["Doom and Gloom"],"campfire_rested":0,"item_purchase_floors":[3],"current_hp_per_floor":[64,38,38,38,38,38,38,45,45,45,45,45,52,51,51,30,61,50,50,50,35,35,35,35,35,35,35,35,35,35,35,35,0],"gold":544,"neow_bonus":"THREE_ENEMY_KILL","is_prod":false,"is_daily":false,"chose_seed":false,"campfire_upgraded":6,"win_rate":0,"timestamp":1539473179,"path_taken":["M","?","$","?","$","E","R","E","T","?","R","M","?","M","R","BOSS","M","?","?","?","$","R","E","?","T","?","?","M","R","M","R","BOSS"],"build_version":"2018-10-11","purchased_purges":1,"victory":false,"max_hp_per_floor":[71,71,71,71,71,71,71,71,71,71,71,71,71,71,71,71,71,71,71,71,35,35,35,35,35,35,35,35,35,35,35,35,35],"card_choices":[{"not_picked":["Compile Driver","Hologram"],"picked":"Self Repair","floor":1.0},{"not_picked":["Compile Driver","Hologram"],"picked":"Streamline","floor":6.0},{"not_picked":["Coolheaded","Redo"],"picked":"Leap","floor":8.0},{"not_picked":["Barrage","Skim"],"picked":"FTL","floor":12.0},{"not_picked":["Gash","Ball Lightning","Doom and Gloom"],"picked":"SKIP","floor":13.0},{"not_picked":["Gash","Ball Lightning","Doom and Gloom"],"picked":"SKIP","floor":13.0},{"not_picked":["Meteor Strike","Go for the Eyes"],"picked":"Lockon","floor":14.0},{"not_picked":["Fission","Biased Cognition"],"picked":"Multi-Cast","floor":16},{"not_picked":["Reprogram","Ball Lightning"],"picked":"Reinforced Body","floor":18},{"not_picked":["Beam Cell","Storm"],"picked":"Conserve Battery+1","floor":24},{"not_picked":["Rebound","Auto Shields"],"picked":"Reinforced Body+1","floor":25},{"not_picked":["Redo+1","Force Field+1"],"picked":"Glacier+1","floor":29},{"not_picked":["Cold Snap","Doom and Gloom+1"],"picked":"Turbo+1","floor":31}],"player_experience":954746,"relics_obtained":[{"floor":6.0,"key":"Boot"},{"floor":8.0,"key":"Symbiotic Virus"},{"floor":9.0,"key":"Bottled Lightning"},{"floor":24,"key":"Kunai"},{"floor":26,"key":"Oddly Smooth Stone"},{"floor":28,"key":"Toxic Egg 2"}],"event_choices":[{"event_name":"Scrap Ooze","player_choice":"success","floor":2.0,"damage_taken":26.0},{"event_name":"Transmorgrifier","player_choice":"Transform","floor":4.0,"damage_taken":0.0},{"event_name":"Dead Adventurer","player_choice":"Searched \u00271\u0027 times","floor":10.0,"damage_taken":0.0},{"event_name":"The Lab","player_choice":"Got Potions","floor":19,"damage_taken":0},{"event_name":"Golden Shrine","player_choice":"Desecrate","floor":20,"damage_taken":0},{"event_name":"Ghosts","player_choice":"Became a Ghost","floor":21,"damage_taken":0},{"event_name":"Drug Dealer","player_choice":"Inject Mutagens","floor":27,"damage_taken":0}],"is_beta":false,"boss_relics":[{"not_picked":["Lizard Tail","Nuclear Battery"],"picked":"Runic Dome"}],"items_purged_floors":[22],"is_endless":false,"potions_floor_spawned":[6,8,12,14,16,18,25],"killed_by":"Automaton","ascension_level":20}