{"gold_per_floor":[110,110,110,35,52,77,77,103,103,115,127,139,166,191,203,313,325,347,359,371,383,409,421,464,476,488,51,69,101,117,128,128,231,231,244,254,354,354,364,393,393,406,456,475,510,510,535,140,140,140],"floor_reached":50,"playtime":2428,"items_purged":["Defend_R"],"score":713,"play_id":"0e60e4b3-f749-4393-a416-9872d37e9827","local_time":"20190320044503","is_ascension_mode":true,"campfire_choices":[{"data":"Armaments","floor":7,"key":"SMITH"},{"floor":15,"key":"REST"},{"floor":23,"key":"REST"},{"floor":32,"key":"REST"},{"data":"Limit Break","floor":41,"key":"SMITH"},{"floor":46,"key":"REST"},{"data":"Madness","floor":49,"key":"SMITH"}],"neow_cost":"NONE","seed_source_timestamp":329615545200124,"circlet_count":0,"master_deck":["Defend_R","Defend_R","Bash","Armaments+1","Armaments+1","Anger","Clash+1","Thunderclap","Armaments","Heavy Blade+1","Limit Break+1","Inflame","Bite","Bite","Bite","Bite","Bite","Flame Barrier+1","Inflame+1","Flex+1","Feed","Armaments+1","Madness","Madness+1","Limit Break","Rage+1","Purity"],"relics":["Black Blood","Matryoshka","Shuriken","MawBank","Meat on the Bone","PreservedInsect","CultistMask","Runic Cube","Frozen Egg 2","Bag of Marbles","Strawberry","Sundial","Gremlin Horn","Whetstone","Thread and Needle","Kunai","Dead Branch","Bag of Preparation","Blood Vial","Nunchaku","Mercury Hourglass","FossilizedHelix"],"potions_floor_usage":[22,24,29,33,33,37,40,44,45],"damage_taken":[{"damage":1,"enemies":"Cultist","floor":1,"turns":3},{"damage":6,"enemies":"Jaw Worm","floor":5,"turns":4},{"damage":30,"enemies":"3 Sentries","floor":6,"turns":8},{"damage":31,"enemies":"Lagavulin","floor":8,"turns":5},{"damage":2,"enemies":"2 Louse","floor":13,"turns":2},{"damage":12,"enemies":"Looter","floor":14,"turns":3},{"damage":40,"enemies":"Hexaghost","floor":16,"turns":7},{"damage":20,"enemies":"Shell Parasite","floor":18,"turns":4},{"damage":25,"enemies":"Spheric Guardian","floor":22,"turns":5},{"damage":55,"enemies":"Slavers","floor":24,"turns":4},{"damage":13,"enemies":"Centurion and Healer","floor":28,"turns":5},{"damage":23,"enemies":"Book of Stabbing","floor":29,"turns":6},{"damage":6,"enemies":"Snecko","floor":30,"turns":5},{"damage":15,"enemies":"Sentry and Sphere","floor":31,"turns":5},{"damage":36,"enemies":"Champ","floor":33,"turns":9},{"damage":40,"enemies":"3 Darklings","floor":35,"turns":5},{"damage":22,"enemies":"3 Shapes","floor":36,"turns":3},{"damage":12,"enemies":"Mind Bloom Boss Battle","floor":37,"turns":6},{"damage":27,"enemies":"Spire Growth","floor":39,"turns":4},{"damage":24,"enemies":"Giant Head","floor":40,"turns":6},{"damage":14,"enemies":"Jaw Worm Horde","floor":42,"turns":3},{"damage":45,"enemies":"3 Darklings","floor":44,"turns":6},{"damage":25,"enemies":"Nemesis","floor":45,"turns":7},{"damage":10,"enemies":"Reptomancer","floor":47,"turns":3},{"damage":109,"enemies":"Awakened One","floor":50,"turns":8}],"seed_played":"-6642083710428639372","potions_obtained":[{"floor":1,"key":"FearPotion"},{"floor":14,"key":"SpeedPotion"},{"floor":16,"key":"Regen Potion"},{"floor":18,"key":"AttackPotion"},{"floor":22,"key":"Dexterity Potion"},{"floor":28,"key":"Poison Potion"},{"floor":33,"key":"Ancient Potion"},{"floor":36,"key":"GamblersBrew"},{"floor":39,"key":"SkillPotion"},{"floor":42,"key":"Regen Potion"}],"is_trial":false,"path_per_floor":["M","?","?","$","M","E","R","E","T","$","?","?","M","M","R","B",null,"M","?","?","?","M","R","E","T","T","$","M","E","M","M","R","B",null,"M","M","?","?","M","E","R","M","T","M","E","R","E","$","R","B"],"character_chosen":"IRONCLAD","items_purchased":["Whetstone","Thread and Needle","FossilizedHelix","Purity"],"campfire_rested":4,"item_purchase_floors":[27,27,48,48],"current_hp_per_floor":[80,73,73,73,73,49,49,24,24,24,24,24,40,46,70,48,80,66,66,56,47,46,61,41,48,48,48,55,46,52,52,68,50,68,51,46,57,48,49,49,49,49,49,48,45,65,71,71,71,0],"gold":140,"neow_bonus":"THREE_CARDS","is_prod":false,"is_daily":false,"chose_seed":false,"campfire_upgraded":3,"win_rate":0,"timestamp":1553082303,"path_taken":["M","?","?","$","?","E","R","E","T","$","?","?","?","M","R","BOSS","M","?","?","?","M","R","E","?","T","$","M","E","?","?","R","BOSS","M","M","?","?","M","E","R","M","T","M","E","R","E","$","R","BOSS"],"build_version":"2019-01-23","purchased_purges":1,"victory":false,"max_hp_per_floor":[80,80,80,80,80,80,80,80,80,80,80,80,80,80,80,80,80,80,80,56,61,61,61,61,68,68,68,68,68,68,68,68,68,68,68,68,68,68,68,68,68,68,68,68,68,68,71,71,71,75],"card_choices":[{"not_picked":["Feel No Pain","Shrug It Off"],"picked":"Armaments","floor":0},{"not_picked":["Reckless Charge","Havoc"],"picked":"Armaments","floor":1},{"not_picked":["Flame Barrier","Fire Breathing"],"picked":"Anger","floor":5},{"not_picked":["Combust","Body Slam"],"picked":"Clash","floor":6},{"not_picked":["Shrug It Off","Feel No Pain"],"picked":"Thunderclap","floor":8},{"not_picked":["Anger","Iron Wave"],"picked":"Armaments","floor":13},{"not_picked":["Entrench","Inflame"],"picked":"Heavy Blade","floor":14},{"not_picked":["Brutality","Immolate"],"picked":"Limit Break","floor":16},{"not_picked":["Thunderclap+1","Iron Wave"],"picked":"Inflame","floor":18},{"not_picked":["Carnage+1","Burning Pact+1","Pommel Strike"],"picked":"SKIP","floor":22},{"not_picked":["Reckless Charge","Warcry","Perfected Strike"],"picked":"SKIP","floor":24},{"not_picked":["True Grit+1","Thunderclap"],"picked":"Flame Barrier+1","floor":28},{"not_picked":["Blood for Blood","Perfected Strike"],"picked":"Inflame+1","floor":29},{"not_picked":["Havoc","Ghostly Armor","Headbutt"],"picked":"SKIP","floor":30},{"not_picked":["Dark Embrace+1","True Grit"],"picked":"Flex+1","floor":31},{"not_picked":["Dark Embrace+1","Exhume"],"picked":"Feed","floor":33},{"not_picked":["Sword Boomerang","Headbutt","Iron Wave"],"picked":"SKIP","floor":35},{"not_picked":["Sentinel","Headbutt+1","Wild Strike+1"],"picked":"SKIP","floor":36},{"not_picked":["Wild Strike+1","Pummel+1"],"picked":"Armaments+1","floor":37},{"not_picked":["Wild Strike","Fire Breathing+1","Sword Boomerang+1"],"picked":"SKIP","floor":39},{"not_picked":["Havoc+1","Dual Wield","Cleave+1"],"picked":"SKIP","floor":40},{"not_picked":["Shrug It Off","Flex"],"picked":"Limit Break","floor":42},{"not_picked":["Sword Boomerang","Burning Pact+1","Anger"],"picked":"SKIP","floor":44},{"not_picked":["Flame Barrier","Blood for Blood","Carnage"],"picked":"SKIP","floor":45},{"not_picked":["Wild Strike+1","Pommel Strike"],"picked":"Rage+1","floor":47}],"player_experience":370362,"relics_obtained":[{"floor":6,"key":"Matryoshka"},{"floor":8,"key":"Shuriken"},{"floor":9,"key":"MawBank"},{"floor":9,"key":"Meat on the Bone"},{"floor":24,"key":"Bag of Marbles"},{"floor":25,"key":"Strawberry"},{"floor":25,"key":"Sundial"},{"floor":26,"key":"Gremlin Horn"},{"floor":29,"key":"Kunai"},{"floor":37,"key":"Dead Branch"},{"floor":40,"key":"Bag of Preparation"},{"floor":43,"key":"Blood Vial"},{"floor":45,"key":"Nunchaku"},{"floor":47,"key":"Mercury Hourglass"}],"event_choices":[{"cards_removed":["Defend_R"],"damage_healed":0,"gold_gain":0,"player_choice":"Card Removal","damage_taken":7,"max_hp_gain":0,"max_hp_loss":0,"event_name":"Golden Wing","floor":2,"gold_loss":0},{"damage_healed":0,"gold_gain":0,"player_choice":"Grow","damage_taken":0,"max_hp_gain":0,"max_hp_loss":0,"event_name":"Living Wall","floor":3,"gold_loss":0,"cards_upgraded":["Armaments"]},{"damage_healed":0,"gold_gain":0,"player_choice":"Searched \u00271\u0027 times","damage_taken":0,"relics_obtained":["PreservedInsect"],"max_hp_gain":0,"max_hp_loss":0,"event_name":"Dead Adventurer","floor":11,"gold_loss":0},{"damage_healed":0,"gold_gain":0,"player_choice":"Trade","damage_taken":0,"relics_obtained":["CultistMask"],"max_hp_gain":0,"max_hp_loss":0,"event_name":"FaceTrader","floor":12,"gold_loss":0},{"damage_healed":0,"gold_gain":0,"player_choice":"Opened","damage_taken":0,"relics_obtained":["Frozen Egg 2"],"max_hp_gain":0,"max_hp_loss":0,"event_name":"The Mausoleum","floor":19,"gold_loss":0},{"damage_healed":0,"gold_gain":0,"player_choice":"Became a vampire","damage_taken":0,"max_hp_gain":0,"max_hp_loss":24,"event_name":"Vampires","floor":20,"gold_loss":0,"cards_obtained":["Bite","Bite","Bite","Bite","Bite"]},{"damage_healed":0,"gold_gain":0,"player_choice":"Shed Blood","damage_taken":14,"max_hp_gain":5,"max_hp_loss":0,"event_name":"Forgotten Altar","floor":21,"gold_loss":0},{"damage_healed":0,"gold_gain":0,"player_choice":"Fight","damage_taken":0,"max_hp_gain":0,"max_hp_loss":0,"event_name":"MindBloom","floor":37,"gold_loss":0},{"damage_healed":0,"gold_gain":0,"player_choice":"Embrace Madness","damage_taken":9,"max_hp_gain":0,"max_hp_loss":0,"event_name":"Winding Halls","floor":38,"gold_loss":0,"cards_obtained":["Madness","Madness"]}],"is_beta":false,"boss_relics":[{"not_picked":["Sozu","Velvet Choker"],"picked":"Runic Cube"},{"not_picked":["Empty Cage","Eternal Feather"],"picked":"Black Blood"}],"items_purged_floors":[4],"is_endless":false,"potions_floor_spawned":[1,14,16,18,22,28,33,36,39,42],"killed_by":"Awakened One","ascension_level":2}