{"gold_per_floor":[113,125,142,159,309,309,343,343,343,357,357,357,382,399,399,399],"floor_reached":16,"playtime":699,"items_purged":[],"score":224,"play_id":"035de65f-0f1a-4468-aca9-faa65c48b528","local_time":"20190304001439","is_ascension_mode":true,"campfire_choices":[{"data":"Inflame","floor":6,"key":"SMITH"},{"floor":8,"key":"REST"},{"data":"True Grit","floor":15,"key":"SMITH"}],"neow_cost":"NONE","seed_source_timestamp":788946085938700,"circlet_count":0,"master_deck":["AscendersBane","Strike_R","Strike_R","Strike_R","Strike_R","Strike_R","Defend_R","Defend_R","Defend_R","Defend_R","Bash","True Grit+1","Inflame+1","Feel No Pain","Anger","Doubt","Flame Barrier"],"relics":["Burning Blood","Bird Faced Urn","Pocketwatch","Ginger","Singing Bowl","Bottled Tornado"],"potions_floor_usage":[16,16],"damage_taken":[{"damage":2,"enemies":"Cultist","floor":1,"turns":4},{"damage":7,"enemies":"Jaw Worm","floor":2,"turns":5},{"damage":3,"enemies":"Small Slimes","floor":3,"turns":4},{"damage":17,"enemies":"Blue Slaver","floor":4,"turns":5},{"damage":57,"enemies":"Gremlin Nob","floor":7,"turns":5},{"damage":13,"enemies":"Red Slaver","floor":10,"turns":4},{"damage":12,"enemies":"3 Sentries","floor":13,"turns":10},{"damage":1,"enemies":"Large Slime","floor":14,"turns":5},{"damage":53,"enemies":"Hexaghost","floor":16,"turns":10}],"seed_played":"3765205654197036922","potions_obtained":[{"floor":3,"key":"Energy Potion"},{"floor":13,"key":"Energy Potion"},{"floor":14,"key":"Block Potion"}],"is_trial":false,"path_per_floor":["M","M","M","M","?","R","E","R","T","M","?","T","E","M","R","B"],"character_chosen":"IRONCLAD","items_purchased":[],"campfire_rested":1,"item_purchase_floors":[],"current_hp_per_floor":[79,78,81,70,70,70,19,43,43,38,38,38,38,49,49,0],"gold":399,"neow_bonus":"TEN_PERCENT_HP_BONUS","is_prod":false,"is_daily":false,"chose_seed":false,"campfire_upgraded":2,"win_rate":0,"timestamp":1551676479,"path_taken":["M","M","?","M","?","R","E","R","T","M","?","?","E","M","R","BOSS"],"build_version":"2019-02-06","purchased_purges":0,"victory":false,"max_hp_per_floor":[82,82,82,82,82,82,82,82,82,82,82,82,84,86,86,86],"card_choices":[{"not_picked":["Warcry","Fire Breathing"],"picked":"True Grit","floor":1},{"not_picked":["Wild Strike","Sword Boomerang"],"picked":"Inflame","floor":2},{"not_picked":["Shockwave","Clash"],"picked":"Feel No Pain","floor":3},{"not_picked":["True Grit","Cleave"],"picked":"Anger","floor":4},{"not_picked":["Headbutt","Fire Breathing"],"picked":"Flame Barrier","floor":7},{"not_picked":["Second Wind","True Grit","Havoc"],"picked":"SKIP","floor":10},{"not_picked":["Combust","Burning Pact","Barricade"],"picked":"Singing Bowl","floor":13},{"not_picked":["Pommel Strike","Searing Blow","Headbutt"],"picked":"Singing Bowl","floor":14}],"player_experience":1052561,"relics_obtained":[{"floor":7,"key":"Bird Faced Urn"},{"floor":9,"key":"Pocketwatch"},{"floor":12,"key":"Singing Bowl"},{"floor":13,"key":"Bottled Tornado"}],"event_choices":[{"damage_healed":0,"gold_gain":150,"player_choice":"AGREE","damage_taken":0,"max_hp_gain":0,"max_hp_loss":0,"event_name":"Liars Game","floor":5,"gold_loss":0,"cards_obtained":["Doubt"]},{"damage_healed":0,"gold_gain":0,"player_choice":"Searched \u00271\u0027 times","damage_taken":0,"relics_obtained":["Ginger"],"max_hp_gain":0,"max_hp_loss":0,"event_name":"Dead Adventurer","floor":11,"gold_loss":0}],"is_beta":true,"boss_relics":[],"items_purged_floors":[],"is_endless":false,"potions_floor_spawned":[3,13,14],"killed_by":"Hexaghost","ascension_level":20}