{"gold_per_floor":[119,134,59,72,347,347,54,54,77,47,16,16,51,62,62,162,162,172,172,80,5,16,16,16,31,31,31,31,42,42],"floor_reached":30,"playtime":2172,"items_purged":["Strike_G","Regret"],"score":228,"play_id":"ec5803b0-97d4-42dd-9bef-ac2a1a53c8c3","local_time":"20190127085843","is_ascension_mode":false,"campfire_choices":[{"data":"Neutralize","floor":6,"key":"SMITH"},{"data":"Survivor","floor":8,"key":"SMITH"},{"data":"Magnetism","floor":12,"key":"SMITH"},{"floor":15,"key":"REST"},{"floor":23,"key":"REST"},{"floor":28,"key":"REST"}],"neow_cost":"NONE","seed_source_timestamp":5613173053255,"circlet_count":0,"master_deck":["Defend_G","Defend_G","Defend_G","Defend_G","Defend_G","Strike_G","Strike_G","Strike_G","Strike_G","Survivor+1","Neutralize+1","Magnetism+1","Stack","Master of Strategy","Madness","Streamline","Conserve Battery","Coolheaded+1"],"relics":["Ring of the Snake","PrismaticShard","Blood Vial","Sundial","HoveringKite","Enchiridion","Ornamental Fan"],"potions_floor_usage":[11,13,21],"damage_taken":[{"damage":0,"enemies":"Small Slimes","floor":1,"turns":4},{"damage":4,"enemies":"Cultist","floor":2,"turns":5},{"damage":0,"enemies":"2 Louse","floor":4,"turns":3},{"damage":10,"enemies":"Looter","floor":10,"turns":4},{"damage":9,"enemies":"Exordium Thugs","floor":11,"turns":6},{"damage":33,"enemies":"3 Sentries","floor":13,"turns":9},{"damage":7,"enemies":"Red Slaver","floor":14,"turns":6},{"damage":35,"enemies":"Slime Boss","floor":16,"turns":13},{"damage":32,"enemies":"Spheric Guardian","floor":18,"turns":15},{"damage":2,"enemies":"2 Thieves","floor":21,"turns":5},{"damage":10,"enemies":"Snake Plant","floor":22,"turns":4},{"damage":46,"enemies":"Chosen and Byrds","floor":25,"turns":11},{"damage":42,"enemies":"Sentry and Sphere","floor":29,"turns":12},{"damage":29,"enemies":"Cultist and Chosen","floor":30,"turns":4}],"seed_played":"5427716359802289650","potions_obtained":[{"floor":2,"key":"SpeedPotion"},{"floor":11,"key":"Explosive Potion"},{"floor":18,"key":"EssenceOfSteel"},{"floor":29,"key":"SteroidPotion"}],"is_trial":false,"path_per_floor":["M","M","$","M","?","R","$","R","T","M","M","R","E","M","R","B",null,"M","?","$","M","M","R","?","M","T","$","R","M","M"],"character_chosen":"THE_SILENT","items_purchased":["PrismaticShard","Madness"],"campfire_rested":3,"item_purchase_floors":[7,20],"current_hp_per_floor":[70,66,66,66,66,66,66,66,66,58,51,51,20,15,36,3,70,38,22,22,22,14,35,80,34,34,34,58,18,0],"gold":42,"neow_bonus":"ONE_RANDOM_RARE_CARD","is_prod":false,"is_daily":false,"chose_seed":false,"campfire_upgraded":3,"win_rate":0,"timestamp":1548608323,"path_taken":["M","M","$","M","?","R","?","R","T","M","M","R","E","?","R","BOSS","M","?","$","M","M","R","?","M","T","$","R","?","M"],"build_version":"2019-01-23","purchased_purges":2,"victory":false,"max_hp_per_floor":[70,70,70,70,70,70,70,70,70,70,70,70,70,70,70,70,70,70,70,70,70,70,70,80,80,80,80,80,80,80],"card_choices":[{"not_picked":["Backflip","Dagger Spray","Choke"],"picked":"SKIP","floor":1},{"not_picked":["Dagger Spray","Endless Agony","Dagger Throw"],"picked":"SKIP","floor":2},{"not_picked":["Quick Slash","Endless Agony","Expertise"],"picked":"SKIP","floor":4},{"not_picked":["Dagger Spray","Pommel Strike","Streamline"],"picked":"SKIP","floor":10},{"not_picked":["Prepared","Expertise"],"picked":"Magnetism","floor":11},{"not_picked":["Rampage","Twin Strike"],"picked":"Stack","floor":13},{"not_picked":["Havoc","Dodge and Roll","Disarm"],"picked":"SKIP","floor":14},{"not_picked":["Dark Embrace","Burst"],"picked":"Master of Strategy","floor":16},{"not_picked":["Turbo","Redo","Bloodletting"],"picked":"SKIP","floor":18},{"not_picked":["Wild Strike","PiercingWail"],"picked":"Streamline","floor":21},{"not_picked":["True Grit","Footwork"],"picked":"Conserve Battery","floor":22},{"not_picked":["Heavy Blade","Iron Wave"],"picked":"Coolheaded+1","floor":25},{"not_picked":["Glass Knife","Reprogram","Wild Strike"],"picked":"SKIP","floor":29}],"player_experience":201381,"relics_obtained":[{"floor":9,"key":"Blood Vial"},{"floor":13,"key":"Sundial"},{"floor":19,"key":"Enchiridion"},{"floor":26,"key":"Ornamental Fan"}],"event_choices":[{"damage_healed":0,"gold_gain":275,"player_choice":"Desecrate","damage_taken":0,"max_hp_gain":0,"max_hp_loss":0,"event_name":"Golden Shrine","floor":5,"gold_loss":0,"cards_obtained":["Regret"]},{"damage_healed":0,"gold_gain":0,"player_choice":"Obtained Book","damage_taken":16,"max_hp_gain":0,"max_hp_loss":0,"event_name":"Cursed Tome","floor":19,"gold_loss":0},{"cards_removed":["Malaise"],"damage_healed":35,"gold_gain":0,"player_choice":"Offered Rare","damage_taken":0,"max_hp_gain":10,"max_hp_loss":0,"event_name":"Bonfire Elementals","floor":24,"gold_loss":0}],"is_beta":false,"boss_relics":[{"not_picked":["Busted Crown","Ectoplasm"],"picked":"HoveringKite"}],"items_purged_floors":[3,7],"is_endless":false,"potions_floor_spawned":[2,11,18,29],"killed_by":"Cultist and Chosen","ascension_level":0}