{"gold_per_floor":[114,134,84,153,74,74,107,127,127,127,150,150,167,181,181,181],"floor_reached":16,"playtime":864,"items_purged":[],"score":125,"play_id":"34d06980-0864-40da-86a4-9b744bc913c4","local_time":"20190120050915","is_ascension_mode":true,"campfire_choices":[{"data":"Coolheaded","floor":6,"key":"SMITH"},{"data":"Fusion","floor":10,"key":"SMITH"},{"floor":12,"key":"REST"},{"data":"Recycle","floor":15,"key":"SMITH"}],"neow_cost":"CURSE","seed_source_timestamp":2595666740353,"circlet_count":0,"master_deck":["Strike_B","Strike_B","Strike_B","Strike_B","Defend_B","Defend_B","Defend_B","Defend_B","Zap","Dualcast","Purity","Good Instincts","Coolheaded+1","Sunder","Steam Power","Fusion+1","Cold Snap","Seek","Recycle+1"],"relics":["Cracked Core","Incense Burner","Unceasing Top","Odd Mushroom"],"potions_floor_usage":[16,16],"damage_taken":[{"damage":2,"enemies":"Jaw Worm","floor":1,"turns":2},{"damage":8,"enemies":"Small Slimes","floor":2,"turns":3},{"damage":39,"enemies":"Lagavulin","floor":7,"turns":8},{"damage":0,"enemies":"2 Louse","floor":8,"turns":2},{"damage":24,"enemies":"The Mushroom Lair","floor":11,"turns":4},{"damage":0,"enemies":"2 Fungi Beasts","floor":13,"turns":3},{"damage":0,"enemies":"3 Louse","floor":14,"turns":2},{"damage":24,"enemies":"The Guardian","floor":16,"turns":16}],"seed_played":"-7694892776020771915","potions_obtained":[{"floor":1,"key":"FearPotion"},{"floor":7,"key":"Weak Potion"},{"floor":14,"key":"SkillPotion"}],"is_trial":false,"path_per_floor":["M","M","?","?","$","R","E","M","T","R","?","R","M","M","R","B"],"character_chosen":"DEFECT","items_purchased":["Steam Power"],"campfire_rested":1,"item_purchase_floors":[5],"current_hp_per_floor":[73,65,65,65,65,65,26,26,26,26,2,24,24,24,24,0],"gold":181,"neow_bonus":"RANDOM_COLORLESS_2","is_prod":false,"is_daily":false,"chose_seed":false,"campfire_upgraded":3,"win_rate":0,"timestamp":1547978955,"path_taken":["M","M","?","?","$","R","E","M","T","R","?","R","M","M","R","BOSS"],"build_version":"2019-01-17","purchased_purges":0,"victory":false,"max_hp_per_floor":[75,75,75,75,75,75,75,75,75,75,75,75,75,75,75,75],"card_choices":[{"not_picked":["Turbo","Tempest"],"picked":"Coolheaded","floor":1},{"not_picked":["Static Discharge","Redo"],"picked":"Sunder","floor":2},{"not_picked":["Streamline","Darkness"],"picked":"Fusion","floor":7},{"not_picked":["Rebound","Stack"],"picked":"Cold Snap","floor":8},{"not_picked":["Beam Cell","Steam"],"picked":"Seek","floor":11},{"not_picked":["Reinforced Body","Streamline"],"picked":"Recycle","floor":13},{"not_picked":["Compile Driver","Coolheaded","Skim"],"picked":"SKIP","floor":14}],"player_experience":227798,"relics_obtained":[{"floor":7,"key":"Incense Burner"},{"floor":9,"key":"Unceasing Top"},{"floor":11,"key":"Odd Mushroom"}],"event_choices":[{"cards_removed":["Writhe"],"damage_healed":0,"gold_gain":0,"player_choice":"Card Removal","damage_taken":0,"max_hp_gain":0,"max_hp_loss":0,"event_name":"The Cleric","floor":3,"gold_loss":50},{"damage_healed":0,"gold_gain":69,"player_choice":"Gained Gold","damage_taken":0,"max_hp_gain":0,"max_hp_loss":0,"event_name":"Golden Wing","floor":4,"gold_loss":0},{"damage_healed":0,"gold_gain":0,"player_choice":"Fought Mushrooms","damage_taken":0,"max_hp_gain":0,"max_hp_loss":0,"event_name":"Mushrooms","floor":11,"gold_loss":0}],"is_beta":true,"boss_relics":[],"items_purged_floors":[],"is_endless":false,"potions_floor_spawned":[1,7,14],"killed_by":"The Guardian","ascension_level":5}