{"gold_per_floor":[111,30,30,30,45,74,74,105,105,105,140,157,172,205,205,279,279,294,294,294,313,326,326,339,339,390,401,426,351,383,393,393,468,468,481,13,23,23,39,39],"floor_reached":40,"playtime":1849,"items_purged":[],"score":912,"play_id":"c82fc945-12f6-4172-a1a6-1f5124c790b9","local_time":"20180922130108","is_ascension_mode":true,"campfire_choices":[{"data":"Go for the Eyes","floor":7.0,"key":"SMITH"},{"floor":10.0,"key":"REST"},{"data":"Sunder","floor":15.0,"key":"SMITH"},{"floor":23.0,"key":"REST"},{"floor":25.0,"key":"REST"},{"floor":32,"key":"REST"}],"neow_cost":"NONE","seed_source_timestamp":791072365759491,"circlet_count":0,"master_deck":["Strike_B+1","Strike_B","Strike_B","Defend_B","Defend_B","Defend_B","Defend_B","Zap","Dualcast","AscendersBane","BootSequence","Defragment+1","Go for the Eyes+1","Ball Lightning+1","Cold Snap","Coolheaded","Sunder+1","Buffer","Streamline","Compile Driver+1","Electrodynamics","Stack+1","Dramatic Entrance","Bandage Up"],"special_seed":0,"relics":["Cracked Core","Ornamental Fan","Smiling Mask","Orichalcum","StoneCalendar","Shuriken","Busted Crown","MutagenicStrength","Whetstone","Regal Pillow","Emotion Chip","Fusion Hammer","Bronze Scales","Mercury Hourglass"],"potions_floor_usage":[31,33,39],"damage_taken":[{"damage":2.0,"enemies":"Cultist","floor":1.0,"turns":4.0},{"damage":2.0,"enemies":"Jaw Worm","floor":5.0,"turns":4.0},{"damage":8.0,"enemies":"Gremlin Nob","floor":6.0,"turns":3.0},{"damage":11.0,"enemies":"3 Sentries","floor":8.0,"turns":6.0},{"damage":14.0,"enemies":"Lagavulin","floor":11.0,"turns":6.0},{"damage":2.0,"enemies":"Small Slimes","floor":12.0,"turns":3.0},{"damage":3.0,"enemies":"Looter","floor":13.0,"turns":3.0},{"damage":20.0,"enemies":"Gremlin Nob","floor":14.0,"turns":5.0},{"damage":5.0,"enemies":"Hexaghost","floor":16.0,"turns":9.0},{"damage":19.0,"enemies":"2 Thieves","floor":18.0,"turns":4.0},{"damage":0.0,"enemies":"Spheric Guardian","floor":21.0,"turns":3.0},{"damage":10.0,"enemies":"Chosen and Byrds","floor":22.0,"turns":6.0},{"damage":6.0,"enemies":"Snecko","floor":24.0,"turns":4.0},{"damage":16.0,"enemies":"Sentry and Sphere","floor":27.0,"turns":4.0},{"damage":13.0,"enemies":"Slavers","floor":28.0,"turns":4.0},{"damage":6,"enemies":"Gremlin Leader","floor":30,"turns":4},{"damage":0,"enemies":"Cultist and Chosen","floor":31,"turns":5},{"damage":28,"enemies":"Automaton","floor":33,"turns":8},{"damage":16,"enemies":"3 Darklings","floor":35,"turns":5},{"damage":1,"enemies":"Orb Walker","floor":37,"turns":4},{"damage":9,"enemies":"Spire Growth","floor":39,"turns":4},{"damage":28,"enemies":"Giant Head","floor":40,"turns":5}],"seed_played":"-6664897220717533895","potions_obtained":[{"floor":0.0,"key":"Weak Potion"},{"floor":0.0,"key":"Fire Potion"},{"floor":1.0,"key":"PowerPotion"},{"floor":11.0,"key":"LiquidBronze"},{"floor":16.0,"key":"PowerPotion"},{"floor":22.0,"key":"Ancient Potion"},{"floor":24.0,"key":"AttackPotion"},{"floor":30,"key":"SkillPotion"},{"floor":33,"key":"Dexterity Potion"},{"floor":37,"key":"Swift Potion"}],"is_trial":false,"path_per_floor":["M","$","?","?","M","E","R","E","T","R","E","M","M","E","R","B",null,"M","?","?","M","M","R","M","R","T","M","E","?","E","M","R","B",null,"M","$","M","?","M"],"character_chosen":"DEFECT","items_purchased":["Defragment","Bronze Scales","Mercury Hourglass"],"campfire_rested":4,"item_purchase_floors":[2,36,36],"current_hp_per_floor":[62,62,62,62,60,52,52,41,41,62,48,46,43,23,23,18,58,39,19,19,19,9,31,25,47,47,31,18,18,12,12,49,21,62,46,46,45,35,30,6],"gold":39,"neow_bonus":"THREE_SMALL_POTIONS","is_prod":false,"is_daily":false,"chose_seed":false,"campfire_upgraded":2,"win_rate":0,"timestamp":1537635668,"path_taken":["M","$","?","?","?","E","R","E","T","R","E","M","M","E","R","BOSS","M","?","?","M","M","R","M","R","T","M","E","?","E","M","R","BOSS","M","$","M","?","M","E"],"build_version":"2018-09-20","purchased_purges":0,"victory":false,"max_hp_per_floor":[71,71,71,71,71,71,71,71,71,71,71,71,71,71,71,71,71,71,76,76,76,76,76,76,76,76,76,76,76,76,76,76,76,76,76,76,76,76,76,76],"card_choices":[{"not_picked":["Scrape","Gash"],"picked":"BootSequence","floor":1.0},{"not_picked":["Compile Driver","Stack"],"picked":"Go for the Eyes","floor":5.0},{"not_picked":["Steam","Compile Driver"],"picked":"Ball Lightning","floor":6.0},{"not_picked":["Stack","Beam Cell","Thunder Strike"],"picked":"SKIP","floor":8.0},{"not_picked":["Barrage","Sweeping Beam"],"picked":"Cold Snap","floor":11.0},{"not_picked":["Lockon","White Noise"],"picked":"Coolheaded","floor":12.0},{"not_picked":["Stack","Barrage","BootSequence"],"picked":"SKIP","floor":13.0},{"not_picked":["Compile Driver","Biased Cognition"],"picked":"Sunder","floor":14.0},{"not_picked":["Machine Learning","All For One"],"picked":"Buffer","floor":16.0},{"not_picked":[],"picked":"Streamline","floor":18.0},{"not_picked":["Go for the Eyes"],"picked":"SKIP","floor":21.0},{"not_picked":[],"picked":"Compile Driver+1","floor":22.0},{"not_picked":["Redo"],"picked":"SKIP","floor":24.0},{"not_picked":["Stack"],"picked":"SKIP","floor":27.0},{"not_picked":[],"picked":"Electrodynamics","floor":28.0},{"not_picked":["Sweeping Beam"],"picked":"SKIP","floor":30},{"not_picked":["BootSequence"],"picked":"SKIP","floor":31},{"not_picked":["Force Field+1"],"picked":"SKIP","floor":35},{"not_picked":[],"picked":"Stack+1","floor":37},{"not_picked":[],"picked":"Dramatic Entrance","floor":38},{"not_picked":[],"picked":"Bandage Up","floor":38},{"not_picked":["Rebound+1"],"picked":"SKIP","floor":39}],"player_experience":892742,"relics_obtained":[{"floor":6.0,"key":"Ornamental Fan"},{"floor":8.0,"key":"Smiling Mask"},{"floor":9.0,"key":"Orichalcum"},{"floor":11.0,"key":"StoneCalendar"},{"floor":14.0,"key":"Shuriken"},{"floor":26.0,"key":"Whetstone"},{"floor":28.0,"key":"Regal Pillow"},{"floor":30,"key":"Emotion Chip"}],"event_choices":[{"event_name":"The Cleric","player_choice":"Leave","floor":3.0,"damage_taken":0.0},{"event_name":"Upgrade Shrine","player_choice":"Upgraded","floor":4.0,"damage_taken":0.0},{"event_name":"Forgotten Altar","player_choice":"Shed Blood","floor":19.0,"damage_taken":0.0},{"event_name":"Drug Dealer","player_choice":"Inject Mutagens","floor":20.0,"damage_taken":0.0},{"event_name":"Beggar","player_choice":"Gave Gold","floor":29.0,"damage_taken":0.0},{"event_name":"SensoryStone","player_choice":"Memory 3","floor":38,"damage_taken":0}],"is_beta":false,"boss_relics":[{"not_picked":["FrozenCore","Black Star"],"picked":"Busted Crown"},{"not_picked":["Runic Dome","Lizard Tail"],"picked":"Fusion Hammer"}],"items_purged_floors":[],"is_endless":false,"potions_floor_spawned":[1,5,11,16,22,24,27,30,33,37],"killed_by":"Giant Head","ascension_level":20}