{"gold_per_floor":[116,126,76,86,103,103,137,151,151,164,164,199,215,228,228,328,328,345,345,362,362,377,377,405,415,494,494,419,439,202,217,217,313,313,330,330,343,343,16,16,16,16,40,40,50,50,79,95,95,95],"floor_reached":51,"playtime":3864,"items_purged":["Strike_R"],"score":661,"play_id":"f65de126-8058-403a-8ef6-9e2e8fe7d00c","local_time":"20190317234511","is_ascension_mode":false,"campfire_choices":[{"data":"Entrench","floor":6,"key":"SMITH"},{"floor":11,"key":"REST"},{"floor":15,"key":"REST"},{"floor":23,"key":"REST"},{"data":"Inflame","floor":27,"key":"SMITH"},{"data":"Brutality","floor":32,"key":"SMITH"},{"data":"Double Tap","floor":40,"key":"SMITH"},{"floor":42,"key":"REST"},{"data":"Pommel Strike","floor":44,"key":"SMITH"},{"floor":46,"key":"REST"},{"data":"Deep Breath","floor":49,"key":"SMITH"}],"neow_cost":"NONE","seed_source_timestamp":28912824369600,"circlet_count":0,"master_deck":["Defend_R","Defend_R","Defend_R","Bash","Deep Breath+1","Twin Strike","Pommel Strike+1","Entrench+1","Brutality+1","Inflame+1","Twin Strike+1","Iron Wave+1","Shrug It Off","Reaper+1","Dropkick+1","Carnage+1","RitualDagger+1","Armaments+1","Thunderclap+1","Dropkick+1","Sword Boomerang+1","Cleave+1","Dramatic Entrance+1","Iron Wave+1","Double Tap+1","Dropkick+1","Uppercut+1","Bloodletting+1","Good Instincts","Inflame+1","RitualDagger+1","Inflame+1","Battle Trance+1","Infernal Blade+1"],"relics":["Burning Blood","Ornamental Fan","Molten Egg 2","Frozen Egg 2","Sozu","Mummified Hand","Darkstone Periapt","Astrolabe","Bottled Tornado","Regal Pillow","Bird Faced Urn"],"potions_floor_usage":[12,12,50,50],"damage_taken":[{"damage":2,"enemies":"Small Slimes","floor":1,"turns":4},{"damage":6,"enemies":"Jaw Worm","floor":2,"turns":3},{"damage":10,"enemies":"Cultist","floor":4,"turns":4},{"damage":5,"enemies":"2 Fungi Beasts","floor":5,"turns":5},{"damage":58,"enemies":"Gremlin Nob","floor":7,"turns":6},{"damage":16,"enemies":"Looter","floor":8,"turns":3},{"damage":10,"enemies":"Blue Slaver","floor":10,"turns":4},{"damage":31,"enemies":"3 Sentries","floor":12,"turns":11},{"damage":3,"enemies":"Large Slime","floor":13,"turns":4},{"damage":5,"enemies":"Looter","floor":14,"turns":3},{"damage":33,"enemies":"Slime Boss","floor":16,"turns":9},{"damage":15,"enemies":"2 Thieves","floor":18,"turns":5},{"damage":15,"enemies":"Shell Parasite","floor":20,"turns":5},{"damage":43,"enemies":"Snake Plant","floor":22,"turns":5},{"damage":36,"enemies":"Slavers","floor":24,"turns":6},{"damage":3,"enemies":"Snecko","floor":25,"turns":4},{"damage":5,"enemies":"Centurion and Healer","floor":29,"turns":4},{"damage":9,"enemies":"Chosen and Byrds","floor":31,"turns":6},{"damage":51,"enemies":"Automaton","floor":33,"turns":10},{"damage":26,"enemies":"3 Shapes","floor":35,"turns":4},{"damage":28,"enemies":"3 Darklings","floor":37,"turns":5},{"damage":26,"enemies":"Jaw Worm Horde","floor":45,"turns":3},{"damage":36,"enemies":"Reptomancer","floor":47,"turns":5},{"damage":6,"enemies":"4 Shapes","floor":48,"turns":2},{"damage":69,"enemies":"Time Eater","floor":50,"turns":8}],"seed_played":"-2361684787279455068","potions_obtained":[{"floor":2,"key":"Swift Potion"},{"floor":7,"key":"Regen Potion"},{"floor":12,"key":"AttackPotion"},{"floor":13,"key":"Block Potion"},{"floor":14,"key":"Swift Potion"}],"is_trial":false,"path_per_floor":["M","M","?","M","M","R","E","M","T","M","R","E","M","M","R","B",null,"M","?","M","?","M","R","E","M","T","R","?","M","$","M","R","B",null,"M","?","M","?","$","R","?","R","T","R","M","R","E","M","R","B",null],"character_chosen":"IRONCLAD","items_purchased":["Sword Boomerang+1","Cleave+1","Dramatic Entrance+1","Inflame+1","Bottled Tornado"],"campfire_rested":5,"item_purchase_floors":[30,30,30,39,39],"current_hp_per_floor":[80,80,80,76,77,77,25,15,15,11,35,25,28,29,53,26,80,78,78,69,63,36,60,50,60,60,60,60,61,61,68,68,31,80,68,68,46,46,46,46,46,70,70,70,50,80,50,80,80,21],"gold":95,"neow_bonus":"RANDOM_COLORLESS","is_prod":false,"is_daily":false,"chose_seed":false,"campfire_upgraded":6,"win_rate":0.0,"timestamp":1552846511,"path_taken":["M","M","?","M","M","R","E","M","T","M","R","E","M","M","R","BOSS","M","?","?","?","M","R","E","M","T","R","?","M","?","M","R","BOSS","M","?","M","?","$","R","?","R","T","R","?","R","E","M","R","BOSS"],"build_version":"2019-01-23","purchased_purges":1,"victory":true,"max_hp_per_floor":[80,80,80,80,80,80,80,80,80,80,80,80,80,80,80,80,80,80,80,80,80,80,80,80,80,80,80,80,80,80,80,80,80,80,80,80,80,80,80,80,80,80,80,80,80,80,80,80,80,80],"card_choices":[{"not_picked":["Feel No Pain","Warcry"],"picked":"Twin Strike","floor":1},{"not_picked":["Entrench","Heavy Blade"],"picked":"Pommel Strike","floor":2},{"not_picked":["Pummel","Cleave"],"picked":"Entrench","floor":4},{"not_picked":["Sword Boomerang","Anger"],"picked":"Body Slam","floor":5},{"not_picked":["Heavy Blade","Rampage"],"picked":"Brutality","floor":7},{"not_picked":["Thunderclap","Anger"],"picked":"Inflame","floor":8},{"not_picked":["Anger+1","Fire Breathing","Sever Soul+1"],"picked":"SKIP","floor":10},{"not_picked":["Shockwave","Juggernaut"],"picked":"Twin Strike+1","floor":12},{"not_picked":["Shrug It Off","Pommel Strike+1"],"picked":"Iron Wave+1","floor":13},{"not_picked":["Rage","Cleave+1"],"picked":"Shrug It Off","floor":14},{"not_picked":["Limit Break","Juggernaut+1"],"picked":"Reaper+1","floor":16},{"not_picked":["Second Wind","Anger+1"],"picked":"Dropkick+1","floor":18},{"not_picked":["Perfected Strike+1","Heavy Blade+1"],"picked":"Carnage+1","floor":20},{"not_picked":["Shrug It Off","Perfected Strike+1"],"picked":"Armaments+1","floor":22},{"not_picked":["Ghostly Armor","Shrug It Off"],"picked":"Thunderclap+1","floor":24},{"not_picked":["Second Wind","Burning Pact","Clash+1"],"picked":"SKIP","floor":25},{"not_picked":["Burning Pact+1","Warcry"],"picked":"Dropkick+1","floor":29},{"not_picked":["Heavy Blade+1","Battle Trance"],"picked":"Iron Wave+1","floor":31},{"not_picked":["Impervious","Fiend Fire+1"],"picked":"Double Tap","floor":33},{"not_picked":["True Grit","Perfected Strike+1","Thunderclap+1"],"picked":"SKIP","floor":35},{"not_picked":["Juggernaut+1","Rupture+1","Flex"],"picked":"SKIP","floor":37},{"not_picked":["Jack Of All Trades","Purity"],"picked":"Good Instincts","floor":38},{"not_picked":["Flame Barrier","Combust+1"],"picked":"Inflame+1","floor":45},{"not_picked":["Headbutt+1","Sword Boomerang+1"],"picked":"Battle Trance+1","floor":47},{"not_picked":["Flex+1","Pummel+1"],"picked":"Infernal Blade+1","floor":48}],"player_experience":19236,"relics_obtained":[{"floor":7,"key":"Ornamental Fan"},{"floor":9,"key":"Molten Egg 2"},{"floor":12,"key":"Frozen Egg 2"},{"floor":24,"key":"Mummified Hand"},{"floor":26,"key":"Darkstone Periapt"},{"floor":43,"key":"Regal Pillow"},{"floor":47,"key":"Bird Faced Urn"}],"event_choices":[{"cards_removed":["Strike_R"],"damage_healed":0,"gold_gain":0,"player_choice":"Card Removal","damage_taken":0,"max_hp_gain":0,"max_hp_loss":0,"event_name":"The Cleric","floor":3,"gold_loss":50},{"cards_removed":["Strike_R"],"damage_healed":0,"gold_gain":0,"player_choice":"Card Removal","damage_taken":0,"max_hp_gain":0,"max_hp_loss":0,"event_name":"Wheel of Change","floor":19,"gold_loss":0},{"damage_healed":0,"gold_gain":0,"player_choice":"Joined the Cult","damage_taken":6,"max_hp_gain":0,"max_hp_loss":0,"event_name":"Nest","floor":21,"gold_loss":0,"cards_obtained":["RitualDagger"]},{"cards_removed":["Strike_R"],"damage_healed":0,"gold_gain":0,"player_choice":"Gave Gold","damage_taken":0,"max_hp_gain":0,"max_hp_loss":0,"event_name":"Beggar","floor":28,"gold_loss":75},{"damage_healed":0,"gold_gain":0,"player_choice":"Ignored","damage_taken":0,"max_hp_gain":0,"max_hp_loss":0,"event_name":"Tomb of Lord Red Mask","floor":36,"gold_loss":0},{"damage_healed":0,"gold_gain":0,"player_choice":"Memory 1","damage_taken":0,"max_hp_gain":0,"max_hp_loss":0,"event_name":"SensoryStone","floor":38,"gold_loss":0},{"damage_healed":0,"gold_gain":0,"player_choice":"Copied","damage_taken":0,"max_hp_gain":0,"max_hp_loss":0,"event_name":"Duplicator","floor":41,"gold_loss":0,"cards_obtained":["RitualDagger"]}],"is_beta":false,"boss_relics":[{"not_picked":["White Beast Statue","Calling Bell"],"picked":"Sozu"},{"not_picked":["Black Star","Empty Cage"],"picked":"Astrolabe"}],"items_purged_floors":[30],"is_endless":false,"potions_floor_spawned":[2,7,12,13,14,16,24,29,31,45,47],"ascension_level":0}