{"path_per_floor":["M","M","$","M","M","E","R","M","T","M","?","R","M","M","R","B",null,"M","$","M","M","?","R","?","E","T","$","$","?","M","?","R"],"character_chosen":"DEFECT","items_purchased":["Pen Nib","Rainbow","Lockon"],"gold_per_floor":[115,126,51,66,76,110,110,124,124,140,215,215,235,249,249,353,353,366,46,62,81,81,81,81,107,130,30,1,1,20,20,20,20],"floor_reached":33,"campfire_rested":3,"playtime":1947,"item_purchase_floors":[19,19,28],"current_hp_per_floor":[75,73,73,73,73,53,53,45,45,37,26,48,40,37,59,27,75,64,64,64,58,75,75,75,40,40,40,40,40,26,12,36,0],"items_purged":["Defend_B","Defend_B","Strike_B"],"gold":20,"score":269,"play_id":"5c1b037a-ed7d-4c52-a696-b89e6bfa1f78","local_time":"20180608062759","is_prod":false,"is_daily":false,"chose_seed":false,"is_ascension_mode":false,"campfire_upgraded":2,"win_rate":0.0,"timestamp":1528464479,"campfire_choices":[{"data":"Compile Driver","floor":7,"key":"SMITH"},{"floor":12,"key":"REST"},{"floor":15,"key":"REST"},{"data":"Rainbow","floor":23,"key":"SMITH"},{"floor":32,"key":"REST"}],"path_taken":["M","M","$","M","M","E","R","M","T","M","?","R","M","M","R","BOSS","M","$","M","M","?","R","?","E","T","?","$","?","M","?","R","BOSS"],"build_version":"2018-06-07","seed_source_timestamp":1403649112337400,"purchased_purges":3,"victory":false,"master_deck":["Strike_B","Strike_B","Strike_B","Defend_B","Defend_B","Zap+1","Dualcast","Conserve Battery","Coolheaded","Sweeping Beam","Compile Driver+1","Multi-Cast","Meteor Strike","Leap+1","Rainbow+1","BootSequence","Cold Snap+1","Coolheaded+1","Lockon","Rainbow+1"],"max_hp_per_floor":[75,75,75,75,75,75,75,75,75,75,75,75,75,75,75,75,75,75,75,75,75,75,75,75,75,75,75,75,75,75,80,80,80],"relics":["Cracked Core","Du-Vu Doll","The Courier","Lizard Tail","Pen Nib","Shuriken","Anchor"],"card_choices":[{"not_picked":["Rip and Tear","Self Repair"],"picked":"Conserve Battery","floor":1},{"not_picked":["Rip and Tear","Gash"],"picked":"Coolheaded","floor":2},{"not_picked":["Gash","Stack"],"picked":"Sweeping Beam","floor":4},{"not_picked":["Scrape","Double Energy","Self Repair"],"picked":"SKIP","floor":5},{"not_picked":["Storm","Consume"],"picked":"Compile Driver","floor":6},{"not_picked":["Force Field","Skim","Streamline"],"picked":"SKIP","floor":8},{"not_picked":["Capacitor","Rebound"],"picked":"Multi-Cast","floor":10},{"not_picked":["Turbo","Hologram","Steam"],"picked":"SKIP","floor":13},{"not_picked":["Stack","Gash","Rebound"],"picked":"SKIP","floor":14},{"not_picked":["Amplify","Reboot"],"picked":"Meteor Strike","floor":16},{"not_picked":["Capacitor","Rebound"],"picked":"Leap+1","floor":18},{"not_picked":["Steam","Stack"],"picked":"BootSequence","floor":20},{"not_picked":["Chaos","Reinforced Body"],"picked":"Cold Snap+1","floor":21},{"not_picked":["Reboot","Conserve Battery+1"],"picked":"Coolheaded+1","floor":25},{"not_picked":["Scrape","Undo+1","Cold Snap"],"picked":"SKIP","floor":30}],"player_experience":149687,"potions_floor_usage":[10,18,25,30,33,33],"damage_taken":[{"damage":0,"enemies":"Small Slimes","floor":1,"turns":2},{"damage":2,"enemies":"2 Louse","floor":2,"turns":3},{"damage":0,"enemies":"Jaw Worm","floor":4,"turns":3},{"damage":0,"enemies":"Red Slaver","floor":5,"turns":4},{"damage":20,"enemies":"Lagavulin","floor":6,"turns":6},{"damage":8,"enemies":"Blue Slaver","floor":8,"turns":4},{"damage":8,"enemies":"Exordium Thugs","floor":10,"turns":4},{"damage":8,"enemies":"3 Louse","floor":13,"turns":3},{"damage":3,"enemies":"Looter","floor":14,"turns":3},{"damage":32,"enemies":"The Guardian","floor":16,"turns":13},{"damage":11,"enemies":"Chosen","floor":18,"turns":5},{"damage":0,"enemies":"Shell Parasite","floor":20,"turns":4},{"damage":6,"enemies":"Centurion and Healer","floor":21,"turns":9},{"damage":35,"enemies":"Gremlin Leader","floor":25,"turns":7},{"damage":29,"enemies":"Cultist and Chosen","floor":30,"turns":9},{"damage":101,"enemies":"Champ","floor":33,"turns":12}],"relics_obtained":[{"floor":6,"key":"Du-Vu Doll"},{"floor":9,"key":"The Courier"},{"floor":25,"key":"Shuriken"},{"floor":26,"key":"Anchor"}],"event_choices":[{"event_name":"World of Goop","player_choice":"Gather Gold","floor":11,"damage_taken":0},{"event_name":"The Library","player_choice":"Heal","floor":22,"damage_taken":0},{"event_name":"Ghosts","player_choice":"Ignored","floor":24,"damage_taken":0},{"event_name":"Duplicator","player_choice":"One dupe","floor":29,"damage_taken":0},{"event_name":"Forgotten Altar","player_choice":"Shed Blood","floor":31,"damage_taken":0}],"boss_relics":[{"not_picked":["Snecko Eye","Eternal Feather"],"picked":"Lizard Tail"}],"items_purged_floors":[3,19,27],"potions_floor_spawned":[2,8,13,14,16,25,30],"seed_played":"-6508642425466320927","killed_by":"Champ","ascension_level":0,"potions_obtained":[{"floor":2,"key":"FearPotion"},{"floor":8,"key":"SkillPotion"},{"floor":13,"key":"Explosive Potion"},{"floor":14,"key":"Ancient Potion"},{"floor":16,"key":"GamblersBrew"},{"floor":25,"key":"Regen Potion"},{"floor":30,"key":"LiquidBronze"}],"is_trial":false}