{"gold_per_floor":[111,186,203,222,222,222,232,232,256,256,272,288,288,305,305,405,405,421,432,22,22,22,22,22,34,34,34,34,34,54,54,54,54],"floor_reached":33,"playtime":1109,"items_purged":["Strike_B"],"score":237,"play_id":"f8a0d6fa-cf16-42d2-8d6c-ea63ae0f589d","local_time":"20190128091151","is_ascension_mode":false,"campfire_choices":[{"data":"Chaos","floor":6,"key":"SMITH"},{"data":"Zap","floor":8,"key":"SMITH"},{"data":"Blind","floor":10,"key":"SMITH"},{"floor":13,"key":"REST"},{"data":"Redo","floor":15,"key":"SMITH"},{"data":"Dramatic Entrance","floor":23,"key":"SMITH"},{"data":"Self Repair","floor":27,"key":"SMITH"},{"data":"Machine Learning","floor":32,"key":"SMITH"}],"neow_cost":"NONE","seed_source_timestamp":93872646739537,"circlet_count":0,"master_deck":["Strike_B","Defend_B","Defend_B","Zap+1","Dualcast","Blind+1","Chaos+1","Streamline","Ball Lightning","Redo+1","Capacitor","Machine Learning+1","Self Repair+1","Dramatic Entrance+1"],"relics":["Cracked Core","Centennial Puzzle","PrismaticShard","Bag of Preparation","Frozen Egg 2","Nloth\u0027s Gift"],"potions_floor_usage":[12,16,16,25,30,30],"damage_taken":[{"damage":0,"enemies":"Jaw Worm","floor":1,"turns":5},{"damage":3,"enemies":"Small Slimes","floor":3,"turns":3},{"damage":2,"enemies":"Cultist","floor":4,"turns":3},{"damage":6,"enemies":"Large Slime","floor":7,"turns":3},{"damage":6,"enemies":"3 Louse","floor":11,"turns":2},{"damage":11,"enemies":"Exordium Wildlife","floor":12,"turns":3},{"damage":0,"enemies":"2 Fungi Beasts","floor":14,"turns":3},{"damage":57,"enemies":"Slime Boss","floor":16,"turns":11},{"damage":27,"enemies":"2 Thieves","floor":18,"turns":4},{"damage":26,"enemies":"3 Byrds","floor":19,"turns":4},{"damage":18,"enemies":"Snecko","floor":25,"turns":4},{"damage":30,"enemies":"Centurion and Healer","floor":30,"turns":4},{"damage":37,"enemies":"Champ","floor":33,"turns":7}],"seed_played":"-4968345888991669855","potions_obtained":[{"floor":1,"key":"Energy Potion"},{"floor":3,"key":"Poison Potion"},{"floor":12,"key":"Ancient Potion"},{"floor":19,"key":"Fire Potion"},{"floor":25,"key":"Regen Potion"}],"is_trial":false,"path_per_floor":["M","?","M","M","?","R","M","R","T","R","M","M","R","M","R","B",null,"M","M","$","?","?","R","$","M","T","R","?","$","M","?","R","B"],"character_chosen":"DEFECT","items_purchased":["PrismaticShard","Dramatic Entrance","PowerPotion"],"campfire_rested":1,"item_purchase_floors":[20,20,20],"current_hp_per_floor":[75,64,61,59,59,59,53,53,53,53,47,36,58,58,58,1,75,48,29,29,54,54,54,54,43,43,43,43,43,35,35,35,0],"gold":54,"neow_bonus":"RANDOM_COLORLESS","is_prod":false,"is_daily":false,"chose_seed":false,"campfire_upgraded":7,"win_rate":0.0,"timestamp":1548695511,"path_taken":["M","?","M","M","?","R","M","R","T","R","M","?","R","M","R","BOSS","M","M","$","?","?","R","?","?","T","R","?","?","M","?","R","BOSS"],"build_version":"2019-01-23","purchased_purges":1,"victory":false,"max_hp_per_floor":[75,75,75,75,75,75,75,75,75,75,75,75,75,75,75,75,75,75,75,75,75,75,75,75,75,75,75,75,75,75,75,75,75],"card_choices":[{"not_picked":["Skim","Reinforced Body"],"picked":"Chaos","floor":1},{"not_picked":["Undo","Compile Driver"],"picked":"Streamline","floor":3},{"not_picked":["Go for the Eyes","Leap"],"picked":"Ball Lightning","floor":4},{"not_picked":["Compile Driver","Fusion","Darkness"],"picked":"SKIP","floor":7},{"not_picked":["Go for the Eyes","Sweeping Beam"],"picked":"Redo","floor":11},{"not_picked":["Undo","Streamline","Turbo"],"picked":"SKIP","floor":12},{"not_picked":["Stack","Glacier"],"picked":"Capacitor","floor":14},{"not_picked":["Meteor Strike","Hyperbeam"],"picked":"Machine Learning","floor":16},{"not_picked":["Static Discharge","Consume+1"],"picked":"Self Repair","floor":18},{"not_picked":["Double Energy","Doom and Gloom","Reprogram"],"picked":"SKIP","floor":19},{"not_picked":["Lockon","Cold Snap","Go for the Eyes"],"picked":"SKIP","floor":25},{"not_picked":["Clothesline","Sucker Punch+1","Slice"],"picked":"SKIP","floor":30}],"player_experience":208479,"relics_obtained":[{"floor":9,"key":"Centennial Puzzle"},{"floor":26,"key":"Frozen Egg 2"}],"event_choices":[{"damage_healed":0,"gold_gain":75,"player_choice":"Gather Gold","damage_taken":11,"max_hp_gain":0,"max_hp_loss":0,"event_name":"World of Goop","floor":2,"gold_loss":0},{"cards_removed":["Strike_B"],"damage_healed":0,"gold_gain":0,"player_choice":"Purged","damage_taken":0,"max_hp_gain":0,"max_hp_loss":0,"event_name":"Purifier","floor":5,"gold_loss":0},{"damage_healed":25,"gold_gain":0,"player_choice":"Heal","damage_taken":0,"max_hp_gain":0,"max_hp_loss":0,"event_name":"The Library","floor":21,"gold_loss":0},{"damage_healed":0,"gold_gain":0,"player_choice":"Opened","damage_taken":0,"relics_obtained":["Bag of Preparation"],"max_hp_gain":0,"max_hp_loss":0,"event_name":"The Mausoleum","floor":22,"gold_loss":0},{"damage_healed":0,"gold_gain":0,"player_choice":"Traded Relic","damage_taken":0,"relics_obtained":["Nloth\u0027s Gift"],"max_hp_gain":0,"max_hp_loss":0,"event_name":"N\u0027loth","floor":28,"relics_lost":["Empty Cage"],"gold_loss":0},{"cards_removed":["Defend_B"],"damage_healed":0,"gold_gain":0,"player_choice":"Elegance","damage_taken":0,"max_hp_gain":0,"max_hp_loss":0,"event_name":"Back to Basics","floor":31,"gold_loss":0}],"is_beta":false,"boss_relics":[{"not_picked":["Calling Bell","Pandora\u0027s Box"],"picked":"Empty Cage"}],"items_purged_floors":[20],"is_endless":false,"potions_floor_spawned":[1,3,12,19,25],"killed_by":"Champ","ascension_level":0}