{"gold_per_floor":[364,364,5,25,25,56,75,128,154,154,170,191,229,229,229,229],"floor_reached":16,"playtime":469,"items_purged":[],"score":220,"play_id":"14612a18-cb5a-40c2-a330-4431f1481d15","local_time":"20180921101245","is_ascension_mode":true,"campfire_choices":[{"floor":10,"key":"REST"},{"floor":15,"key":"REST"}],"neow_cost":"CURSE","seed_source_timestamp":696111045341229,"circlet_count":0,"master_deck":["Strike_B","Strike_B","Strike_B","Strike_B","Defend_B+1","Defend_B+1","Defend_B","Defend_B","Zap","Dualcast","AscendersBane","Regret","Doom and Gloom","Auto Shields","Leap","Conserve Battery","Rip and Tear"],"relics":["Cracked Core","War Paint","Membership Card","Art of War","Golden Idol","Happy Flower","Bronze Scales","Gremlin Horn","Oddly Smooth Stone"],"potions_floor_usage":[8,13,16],"damage_taken":[{"damage":6,"enemies":"Jaw Worm","floor":1,"turns":3},{"damage":10,"enemies":"Small Slimes","floor":4,"turns":3},{"damage":16,"enemies":"Lagavulin","floor":6,"turns":7},{"damage":13,"enemies":"2 Louse","floor":7,"turns":2},{"damage":2,"enemies":"Exordium Wildlife","floor":11,"turns":3},{"damage":12,"enemies":"Looter","floor":12,"turns":2},{"damage":11,"enemies":"Gremlin Nob","floor":13,"turns":4},{"damage":0,"enemies":"The Guardian","floor":16,"turns":2}],"seed_played":"4004270192258424715","potions_obtained":[{"floor":6,"key":"Weak Potion"},{"floor":7,"key":"Fruit Juice"},{"floor":11,"key":"LiquidBronze"},{"floor":13,"key":"Regen Potion"}],"is_trial":false,"path_per_floor":["M","?","$","M","?","E","M","?","T","R","M","M","E","T","R"],"character_chosen":"DEFECT","items_purchased":["Membership Card","Art of War","Auto Shields"],"campfire_rested":2,"item_purchase_floors":[3,3,3],"current_hp_per_floor":[58,40,40,30,30,14,1,6,6,26,24,12,1,1,21,21],"gold":229,"neow_bonus":"TWO_FIFTY_GOLD","is_prod":false,"is_daily":false,"chose_seed":false,"campfire_upgraded":0,"win_rate":0,"timestamp":1537539165,"path_taken":["M","?","$","M","?","E","M","?","T","R","M","M","E","?","R","BOSS"],"build_version":"2018-09-20","purchased_purges":0,"victory":false,"max_hp_per_floor":[71,71,71,71,64,64,64,69,69,69,69,69,69,69,69,69],"card_choices":[{"not_picked":["Tempest","Heatsinks"],"picked":"Doom and Gloom","floor":1},{"not_picked":["Gash","Coolheaded","Compile Driver"],"picked":"SKIP","floor":4},{"not_picked":["Streamline","Double Energy"],"picked":"Leap","floor":6},{"not_picked":["White Noise","Blizzard","Tempest"],"picked":"SKIP","floor":7},{"not_picked":["Turbo","Thunder Strike"],"picked":"Conserve Battery","floor":11},{"not_picked":["Gash","Barrage"],"picked":"Rip and Tear","floor":12},{"not_picked":["Static Discharge","Beam Cell","Ball Lightning"],"picked":"SKIP","floor":13}],"player_experience":869920,"relics_obtained":[{"floor":6,"key":"Happy Flower"},{"floor":9,"key":"Bronze Scales"},{"floor":13,"key":"Gremlin Horn"},{"floor":14,"key":"Oddly Smooth Stone"}],"event_choices":[{"event_name":"Scrap Ooze","player_choice":"success","floor":2,"damage_taken":18},{"event_name":"Golden Idol","player_choice":"Lose Max HP","floor":5,"damage_taken":0},{"event_name":"Golden Wing","player_choice":"Gained Gold","floor":8,"damage_taken":0}],"is_beta":false,"boss_relics":[],"items_purged_floors":[],"is_endless":false,"potions_floor_spawned":[6,7,11,13],"killed_by":"The Guardian","ascension_level":20}