{"gold_per_floor":[117,117,137,148,47,78,78,78,102,134,154,133,143,157,157,259,259,276,291,391,231,159,159,186,201,201,201],"floor_reached":27,"playtime":923,"items_purged":[],"score":255,"play_id":"95877a13-84b0-4a64-adf3-c498dd043c6f","local_time":"20190228050815","is_ascension_mode":true,"campfire_choices":[{"data":"Storm","floor":7,"key":"SMITH"},{"floor":15,"key":"REST"},{"data":"Sunder","floor":23,"key":"SMITH"}],"neow_cost":"NONE","seed_source_timestamp":652104489555477,"circlet_count":0,"master_deck":["Strike_B","Strike_B","Defend_B","Defend_B","Defend_B","Defend_B","Zap","Dualcast","Buffer","Ball Lightning","Storm+1","Sweeping Beam","Loop","Go for the Eyes","Aggregate","Buffer","Conserve Battery","Melter","Conserve Battery","Undo","Creative AI","Turbo+1","Redo","Static Discharge","Genetic Algorithm","Sunder+1","Hologram","Defragment"],"relics":["Cracked Core","Happy Flower","Blood Vial","Oddly Smooth Stone","Lizard Tail","Incense Burner","Bottled Lightning"],"potions_floor_usage":[16,16,16,16,16,16,25],"damage_taken":[{"damage":5,"enemies":"Small Slimes","floor":1,"turns":3},{"damage":0,"enemies":"Cultist","floor":3,"turns":3},{"damage":2,"enemies":"Jaw Worm","floor":4,"turns":3},{"damage":21,"enemies":"Gremlin Nob","floor":6,"turns":5},{"damage":17,"enemies":"3 Sentries","floor":10,"turns":5},{"damage":21,"enemies":"Gremlin Gang","floor":11,"turns":4},{"damage":0,"enemies":"Large Slime","floor":13,"turns":4},{"damage":4,"enemies":"Blue Slaver","floor":14,"turns":3},{"damage":12,"enemies":"Hexaghost","floor":16,"turns":8},{"damage":12,"enemies":"Spheric Guardian","floor":18,"turns":4},{"damage":10,"enemies":"3 Byrds","floor":19,"turns":4},{"damage":38,"enemies":"Book of Stabbing","floor":24,"turns":5},{"damage":21,"enemies":"Snake Plant","floor":25,"turns":2},{"damage":42,"enemies":"3 Cultists","floor":27,"turns":5}],"seed_played":"627952695485070498","potions_obtained":[{"floor":3,"key":"SteroidPotion"},{"floor":6,"key":"EntropicBrew"},{"floor":10,"key":"Strength Potion"},{"floor":24,"key":"Energy Potion"}],"is_trial":false,"path_per_floor":["M","?","M","M","$","E","R","?","T","E","M","?","M","M","R","B",null,"M","M","?","$","$","R","E","M","T","M"],"character_chosen":"DEFECT","items_purchased":["Loop","Go for the Eyes","Static Discharge","Genetic Algorithm","Sunder"],"campfire_rested":1,"item_purchase_floors":[5,5,21,21,22],"current_hp_per_floor":[70,70,70,68,68,47,47,47,47,32,13,13,15,13,35,25,75,63,55,55,55,55,55,19,37,37,0],"gold":201,"neow_bonus":"ONE_RANDOM_RARE_CARD","is_prod":false,"is_daily":false,"chose_seed":false,"campfire_upgraded":2,"win_rate":0,"timestamp":1551359295,"path_taken":["M","?","?","M","$","E","R","?","T","E","?","?","M","M","R","BOSS","M","M","?","?","$","R","E","M","T","?"],"build_version":"2019-01-23","purchased_purges":0,"victory":false,"max_hp_per_floor":[75,75,75,75,75,75,75,75,75,75,75,75,75,75,75,75,75,75,75,75,75,75,75,75,75,75,75],"card_choices":[{"not_picked":["Go for the Eyes","Stack"],"picked":"Ball Lightning","floor":1},{"not_picked":["Compile Driver","Hello World"],"picked":"Storm","floor":3},{"not_picked":["Doom and Gloom","Leap"],"picked":"Sweeping Beam","floor":4},{"not_picked":["Consume","Rebound"],"picked":"Aggregate","floor":6},{"not_picked":["Stack","Darkness"],"picked":"Conserve Battery","floor":10},{"not_picked":["Compile Driver","Ball Lightning"],"picked":"Melter","floor":11},{"not_picked":["Coolheaded","Hello World"],"picked":"Conserve Battery","floor":13},{"not_picked":["Steam Power","Go for the Eyes"],"picked":"Undo","floor":14},{"not_picked":["Biased Cognition","Core Surge"],"picked":"Creative AI","floor":16},{"not_picked":["Tempest+1","Barrage"],"picked":"Turbo+1","floor":18},{"not_picked":["Consume+1","Melter"],"picked":"Redo","floor":19},{"not_picked":["Stack","Hello World+1"],"picked":"Hologram","floor":24},{"not_picked":["Capacitor","Compile Driver+1"],"picked":"Defragment","floor":25}],"player_experience":290282,"relics_obtained":[{"floor":6,"key":"Happy Flower"},{"floor":9,"key":"Blood Vial"},{"floor":10,"key":"Oddly Smooth Stone"},{"floor":24,"key":"Incense Burner"},{"floor":26,"key":"Bottled Lightning"}],"event_choices":[{"cards_removed":["Strike_B"],"damage_healed":0,"gold_gain":0,"player_choice":"Purged","damage_taken":0,"max_hp_gain":0,"max_hp_loss":0,"event_name":"Purifier","floor":2,"gold_loss":0},{"damage_healed":0,"gold_gain":0,"cards_transformed":["Strike_B"],"player_choice":"Transformed","damage_taken":0,"max_hp_gain":0,"max_hp_loss":0,"event_name":"Transmorgrifier","floor":8,"gold_loss":0,"cards_obtained":["Buffer"]},{"damage_healed":0,"gold_gain":0,"player_choice":"Left Gold","damage_taken":0,"max_hp_gain":0,"max_hp_loss":0,"event_name":"World of Goop","floor":12,"gold_loss":21},{"damage_healed":0,"gold_gain":100,"player_choice":"Pray","damage_taken":0,"max_hp_gain":0,"max_hp_loss":0,"event_name":"Golden Shrine","floor":20,"gold_loss":0}],"is_beta":false,"boss_relics":[{"not_picked":["Fusion Hammer","Sozu"],"picked":"Lizard Tail"}],"items_purged_floors":[],"is_endless":false,"potions_floor_spawned":[3,6,10,14,24],"killed_by":"3 Cultists","ascension_level":1}