{"gold_per_floor":[109,109,184,17,17,52,72,91,91,121,141,66,92,120,120,194,194,207,207,218,218,218,252,272,299,299,299,309,45,61,95,95,168,168,188,200,200,217,217,217,3,31,105,105,123,137,171,184,184,184],"floor_reached":51,"playtime":2999,"items_purged":["Strike_B","Strike_B"],"score":1557,"play_id":"01f2e78d-5396-4253-847e-f976e1f51164","local_time":"20181103145848","is_ascension_mode":true,"campfire_choices":[{"data":"Steam","floor":15.0,"key":"SMITH"},{"data":"1","floor":27.0,"key":"LIFT"},{"data":"2","floor":32.0,"key":"LIFT"},{"data":"3","floor":40,"key":"LIFT"},{"floor":44,"key":"REST"},{"floor":49,"key":"REST"}],"neow_cost":"NONE","seed_source_timestamp":15762628754469,"circlet_count":0,"master_deck":["AscendersBane","Strike_B","Defend_B","Defend_B","Defend_B","Defend_B","Zap+1","Dualcast","Genetic Algorithm","Melter+1","Steam","Steam+1","Core Surge","Ball Lightning","Ball Lightning","Fission","Glacier+1","Turbo","Coolheaded+1","Reboot","Sweeping Beam","Steam","Conserve Battery","Echo Form","Hologram+1","Capacitor","Coolheaded+1","Barrage+1","Defragment","Steam","Hologram"],"special_seed":0,"relics":["Cracked Core","Meat on the Bone","PreservedInsect","Mango","Centennial Puzzle","DataDisk","Blood Vial","Odd Mushroom","Runic Pyramid","Sundial","Singing Bowl","Thread and Needle","Girya","Membership Card","Happy Flower","Fusion Hammer","Gambling Chip","Pen Nib","Letter Opener","Prayer Wheel"],"potions_floor_usage":[38,46,50,50],"damage_taken":[{"damage":1.0,"enemies":"2 Louse","floor":1.0,"turns":2.0},{"damage":30.0,"enemies":"3 Sentries","floor":6.0,"turns":7.0},{"damage":7.0,"enemies":"Jaw Worm","floor":7.0,"turns":3.0},{"damage":0.0,"enemies":"Cultist","floor":8.0,"turns":3.0},{"damage":8.0,"enemies":"Lagavulin","floor":10.0,"turns":5.0},{"damage":11.0,"enemies":"Red Slaver","floor":11.0,"turns":4.0},{"damage":10.0,"enemies":"3 Sentries","floor":13.0,"turns":4.0},{"damage":12.0,"enemies":"The Mushroom Lair","floor":14.0,"turns":3.0},{"damage":31.0,"enemies":"The Guardian","floor":16.0,"turns":9.0},{"damage":8.0,"enemies":"3 Byrds","floor":18.0,"turns":4.0},{"damage":6.0,"enemies":"2 Thieves","floor":20.0,"turns":4.0},{"damage":13.0,"enemies":"Slavers","floor":23.0,"turns":5.0},{"damage":11.0,"enemies":"Snake Plant","floor":24.0,"turns":4.0},{"damage":6.0,"enemies":"Book of Stabbing","floor":25.0,"turns":4.0},{"damage":0.0,"enemies":"Centurion and Healer","floor":28.0,"turns":7.0},{"damage":12.0,"enemies":"Cultist and Chosen","floor":30.0,"turns":8.0},{"damage":0.0,"enemies":"Slavers","floor":31.0,"turns":4.0},{"damage":43.0,"enemies":"Collector","floor":33.0,"turns":12.0},{"damage":0.0,"enemies":"3 Shapes","floor":35.0,"turns":4.0},{"damage":5.0,"enemies":"Orb Walker","floor":36.0,"turns":4.0},{"damage":7,"enemies":"Jaw Worm Horde","floor":38,"turns":5},{"damage":11,"enemies":"Reptomancer","floor":42,"turns":7},{"damage":0,"enemies":"Sphere and 2 Shapes","floor":45,"turns":4},{"damage":17,"enemies":"Writhing Mass","floor":46,"turns":4},{"damage":3,"enemies":"Giant Head","floor":47,"turns":5},{"damage":0,"enemies":"Maw","floor":48,"turns":6},{"damage":22,"enemies":"Awakened One","floor":50,"turns":17}],"seed_played":"3769134987909867002","potions_obtained":[{"floor":1.0,"key":"FearPotion"},{"floor":6.0,"key":"Explosive Potion"},{"floor":8.0,"key":"Block Potion"},{"floor":13.0,"key":"Explosive Potion"},{"floor":21.0,"key":"AttackPotion"},{"floor":23.0,"key":"Strength Potion"},{"floor":30.0,"key":"Energy Potion"},{"floor":35.0,"key":"GamblersBrew"},{"floor":38,"key":"Weak Potion"},{"floor":45,"key":"AttackPotion"},{"floor":48,"key":"PowerPotion"}],"is_trial":false,"path_per_floor":["M","?","?","$","$","E","M","M","T","E","M","$","E","?","?","R","B",null,"M","?","M","?","$","E","M","E","T","R","M","$","M","E","R","B",null,"M","M","?","M","?","R","$","E","T","R","M","M","E","M","R","B",null],"character_chosen":"DEFECT","items_purchased":["PreservedInsect","Membership Card","AttackPotion","Weak Potion","Gambling Chip"],"campfire_rested":2,"item_purchase_floors":[4,29,29,29,41],"current_hp_per_floor":[63,45,34,34,34,30,35,47,47,51,52,52,54,44,44,27,71,65,65,61,61,61,52,55,51,51,51,53,53,55,57,57,28,72,74,71,67,62,62,62,62,53,53,80,82,69,68,72,97,75],"gold":184,"neow_bonus":"UPGRADE_CARD","is_prod":false,"is_daily":false,"chose_seed":false,"campfire_upgraded":1,"win_rate":0,"timestamp":1541271528,"path_taken":["M","?","?","?","$","E","M","?","T","E","M","?","E","?","R","BOSS","M","?","?","?","$","E","?","E","T","R","M","$","M","E","R","BOSS","M","?","?","M","?","R","$","E","T","R","M","M","E","M","R","BOSS"],"build_version":"2018-11-02","purchased_purges":2,"victory":true,"max_hp_per_floor":[71,71,71,71,71,85,85,85,85,85,85,85,85,85,85,85,85,85,85,85,85,85,87,87,87,87,87,87,87,87,87,87,87,87,87,87,93,93,93,93,93,93,93,93,93,95,95,97,97,97],"card_choices":[{"not_picked":["Tempest","Beam Cell"],"picked":"Genetic Algorithm","floor":1.0},{"not_picked":["Ball Lightning","Seek"],"picked":"Melter","floor":6.0},{"not_picked":["Ball Lightning","Rip and Tear"],"picked":"Steam","floor":7.0},{"not_picked":["Tempest","Genetic Algorithm"],"picked":"Steam","floor":8.0},{"not_picked":["Turbo","Beam Cell"],"picked":"Core Surge","floor":10.0},{"not_picked":["Skim","Rebound"],"picked":"Ball Lightning","floor":11.0},{"not_picked":["Gash","Self Repair","Creative AI"],"picked":"SKIP","floor":13.0},{"not_picked":["Beam Cell","Steam Power"],"picked":"Ball Lightning","floor":14.0},{"not_picked":["Creative AI","Reboot"],"picked":"Fission","floor":16.0},{"not_picked":["Darkness","Blizzard"],"picked":"Glacier+1","floor":18.0},{"not_picked":["Self Repair","Auto Shields"],"picked":"Turbo","floor":20.0},{"not_picked":["Stack","Coolheaded","Reprogram"],"picked":"Singing Bowl","floor":23.0},{"not_picked":["Aggregate+1","Ball Lightning"],"picked":"Coolheaded+1","floor":24.0},{"not_picked":["Skim","Leap"],"picked":"Reboot","floor":25.0},{"not_picked":["FTL","Chaos"],"picked":"Sweeping Beam","floor":28.0},{"not_picked":["Redo","Sweeping Beam"],"picked":"Steam","floor":30.0},{"not_picked":["Compile Driver","Ball Lightning"],"picked":"Conserve Battery","floor":31.0},{"not_picked":["Seek","Thunder Strike"],"picked":"Echo Form","floor":33.0},{"not_picked":["Gash","Conserve Battery"],"picked":"Hologram+1","floor":35.0},{"not_picked":["Ball Lightning","Chaos"],"picked":"Capacitor","floor":36.0},{"not_picked":["Trip","Swift Strike","Bandage Up"],"picked":"Singing Bowl","floor":37},{"not_picked":["Dramatic Entrance","PanicButton","Impatience"],"picked":"Singing Bowl","floor":37},{"not_picked":["Jack Of All Trades","Magnetism","HandOfGreed"],"picked":"Singing Bowl","floor":37},{"not_picked":["Aggregate","Heatsinks"],"picked":"Coolheaded+1","floor":38},{"not_picked":["Redo","Fission"],"picked":"Barrage+1","floor":42},{"not_picked":["Sunder+1","Cold Snap"],"picked":"Defragment","floor":45},{"not_picked":["Skim","Lockon","Reprogram+1"],"picked":"Singing Bowl","floor":46},{"not_picked":["FTL","Steam Power"],"picked":"Steam","floor":47},{"not_picked":["Self Repair+1","Fusion","Static Discharge"],"picked":"Singing Bowl","floor":48},{"not_picked":["Reprogram","Leap"],"picked":"Hologram","floor":48}],"player_experience":816924,"relics_obtained":[{"floor":6.0,"key":"Mango"},{"floor":9.0,"key":"Centennial Puzzle"},{"floor":10.0,"key":"DataDisk"},{"floor":13.0,"key":"Blood Vial"},{"floor":14.0,"key":"Odd Mushroom"},{"floor":19.0,"key":"Sundial"},{"floor":23.0,"key":"Singing Bowl"},{"floor":25.0,"key":"Thread and Needle"},{"floor":26.0,"key":"Girya"},{"floor":31.0,"key":"Happy Flower"},{"floor":42,"key":"Pen Nib"},{"floor":43,"key":"Letter Opener"},{"floor":47,"key":"Prayer Wheel"}],"event_choices":[{"damage_healed":0.0,"max_hp_gain":0.0,"max_hp_loss":0.0,"gold_gain":0.0,"event_name":"Scrap Ooze","player_choice":"Success","floor":2.0,"gold_loss":0.0,"damage_taken":18.0,"relics_obtained":["Meat on the Bone"]},{"damage_healed":0.0,"max_hp_gain":0.0,"max_hp_loss":0.0,"gold_gain":75.0,"event_name":"World of Goop","player_choice":"Gather Gold","floor":3.0,"gold_loss":0.0,"damage_taken":11.0},{"damage_healed":0.0,"max_hp_gain":0.0,"max_hp_loss":0.0,"gold_gain":0.0,"event_name":"Mushrooms","player_choice":"Fought Mushrooms","floor":14.0,"gold_loss":0.0,"damage_taken":0.0},{"damage_healed":0.0,"max_hp_gain":0.0,"max_hp_loss":0.0,"gold_gain":0.0,"event_name":"Living Wall","player_choice":"Grow","floor":14.0,"gold_loss":0.0,"damage_taken":0.0,"cards_upgraded":["Melter"]},{"damage_healed":0.0,"max_hp_gain":0.0,"max_hp_loss":0.0,"gold_gain":0.0,"event_name":"Wheel of Change","player_choice":"Relic","floor":19.0,"gold_loss":0.0,"damage_taken":0.0},{"damage_healed":0.0,"max_hp_gain":0.0,"max_hp_loss":0.0,"gold_gain":0.0,"event_name":"Lab","player_choice":"Got Potions","floor":21.0,"gold_loss":0.0,"damage_taken":0.0},{"damage_healed":0,"gold_gain":0,"player_choice":"Memory 3","damage_taken":10,"max_hp_gain":0,"max_hp_loss":0,"event_name":"SensoryStone","floor":37,"gold_loss":0},{"cards_removed":["Strike_B"],"damage_healed":0,"gold_gain":0,"player_choice":"Removed Attack","damage_taken":0,"max_hp_gain":0,"max_hp_loss":0,"event_name":"Falling","floor":39,"gold_loss":0}],"is_beta":true,"boss_relics":[{"not_picked":["Snecko Eye","Philosopher\u0027s Stone"],"picked":"Runic Pyramid"},{"not_picked":["Cursed Key","FrozenCore"],"picked":"Fusion Hammer"}],"items_purged_floors":[12,41],"is_endless":false,"potions_floor_spawned":[1,6,8,13,14,20,23,30,35,38,45,48],"ascension_level":19}