{"gold_per_floor":[212,225,237,257,222,222,235,16,16,16,26,105,115,135,135,135],"floor_reached":16,"playtime":523,"items_purged":[],"score":125,"play_id":"167c3728-aab9-4959-9449-4902783a4a8a","local_time":"20190127140230","is_ascension_mode":true,"campfire_choices":[{"data":"Hologram","floor":6,"key":"SMITH"},{"data":"Zap","floor":10,"key":"SMITH"},{"data":"Hologram","floor":15,"key":"SMITH"}],"neow_cost":"NONE","seed_source_timestamp":12897932077858,"circlet_count":0,"master_deck":["Strike_B","Strike_B","Strike_B","Strike_B","Defend_B","Defend_B","Defend_B","Defend_B","Zap+1","Dualcast","Streamline","Gash","Hologram+1","FTL","Sweeping Beam","Sunder","BootSequence","Hologram+1"],"relics":["Cracked Core","Membership Card","Sundial","Pantograph"],"potions_floor_usage":[4,16],"damage_taken":[{"damage":2,"enemies":"Jaw Worm","floor":1,"turns":3},{"damage":0,"enemies":"Cultist","floor":2,"turns":2},{"damage":0,"enemies":"2 Louse","floor":3,"turns":2},{"damage":30,"enemies":"Exordium Thugs","floor":4,"turns":5},{"damage":28,"enemies":"3 Louse","floor":7,"turns":3},{"damage":8,"enemies":"Blue Slaver","floor":11,"turns":2},{"damage":1,"enemies":"Looter","floor":13,"turns":2},{"damage":0,"enemies":"Exordium Wildlife","floor":14,"turns":2},{"damage":45,"enemies":"The Guardian","floor":16,"turns":7}],"seed_played":"5168536208707148328","potions_obtained":[{"floor":2,"key":"Weak Potion"},{"floor":11,"key":"Poison Potion"},{"floor":14,"key":"Explosive Potion"}],"is_trial":false,"path_per_floor":["M","M","M","M","?","R","M","$","T","R","M","T","M","M","R","B"],"character_chosen":"DEFECT","items_purchased":["Membership Card","Sunder"],"campfire_rested":0,"item_purchase_floors":[8,8],"current_hp_per_floor":[66,66,66,36,54,54,26,26,26,26,18,18,17,17,17,0],"gold":135,"neow_bonus":"HUNDRED_GOLD","is_prod":false,"is_daily":false,"chose_seed":false,"campfire_upgraded":3,"win_rate":0,"timestamp":1548615750,"path_taken":["M","M","M","M","?","R","M","$","T","R","M","?","?","M","R","BOSS"],"build_version":"2019-01-23","purchased_purges":0,"victory":false,"max_hp_per_floor":[75,75,75,75,75,75,75,75,75,75,75,75,75,75,75,75],"card_choices":[{"not_picked":["Redo","Aggregate"],"picked":"Streamline","floor":1},{"not_picked":["FTL","Tempest"],"picked":"Gash","floor":2},{"not_picked":["Sunder","Streamline"],"picked":"Hologram","floor":3},{"not_picked":["Rip and Tear","Ball Lightning"],"picked":"FTL","floor":4},{"not_picked":["Heatsinks","Chaos"],"picked":"Sweeping Beam","floor":7},{"not_picked":["Sweeping Beam","Darkness"],"picked":"BootSequence","floor":11},{"not_picked":["Beam Cell","Redo"],"picked":"Hologram","floor":13},{"not_picked":["Doom and Gloom","Fusion","Aggregate"],"picked":"SKIP","floor":14}],"player_experience":267398,"relics_obtained":[{"floor":9,"key":"Sundial"},{"floor":12,"key":"Pantograph"}],"event_choices":[{"damage_healed":18,"gold_gain":0,"player_choice":"Healed","damage_taken":0,"max_hp_gain":0,"max_hp_loss":0,"event_name":"The Cleric","floor":5,"gold_loss":35}],"is_beta":true,"boss_relics":[],"items_purged_floors":[],"is_endless":false,"potions_floor_spawned":[2,11,14],"killed_by":"The Guardian","ascension_level":6}