{"gold_per_floor":[111,135,146,29,47,82,82,93,116,150,162,162,87,121,121,121],"floor_reached":16,"playtime":776,"items_purged":["Shame"],"score":240,"play_id":"3ad29ea3-292d-424a-9b88-05f55b58cc70","local_time":"20190326012256","is_ascension_mode":true,"campfire_choices":[{"data":"Uppercut","floor":7,"key":"SMITH"},{"floor":12,"key":"REST"},{"data":"Whirlwind","floor":15,"key":"SMITH"}],"neow_cost":"NONE","seed_source_timestamp":1112046248892350,"circlet_count":0,"master_deck":["AscendersBane","Strike_R","Strike_R","Strike_R","Strike_R","Strike_R","Defend_R","Defend_R","Defend_R","Defend_R","Bash","Parasite","Impervious","Whirlwind+1","Metallicize","Body Slam","Uppercut+1","Feed"],"relics":["Calling Bell","Oddly Smooth Stone","Dodecahedron","Bird Faced Urn","Happy Flower","Thread and Needle","Bag of Marbles","Pen Nib","Smiling Mask"],"potions_floor_usage":[6,10,11,16],"damage_taken":[{"damage":3,"enemies":"Cultist","floor":1,"turns":4},{"damage":0,"enemies":"2 Louse","floor":3,"turns":5},{"damage":17,"enemies":"Jaw Worm","floor":5,"turns":6},{"damage":6,"enemies":"3 Sentries","floor":6,"turns":7},{"damage":1,"enemies":"Looter","floor":8,"turns":4},{"damage":25,"enemies":"Lagavulin","floor":10,"turns":9},{"damage":0,"enemies":"3 Louse","floor":11,"turns":2},{"damage":12,"enemies":"3 Sentries","floor":14,"turns":13},{"damage":51,"enemies":"Hexaghost","floor":16,"turns":11}],"seed_played":"5232319261707054291","potions_obtained":[{"floor":1,"key":"Swift Potion"},{"floor":3,"key":"Fire Potion"},{"floor":8,"key":"SkillPotion"},{"floor":10,"key":"Block Potion"}],"is_trial":false,"path_per_floor":["M","T","M","$","M","E","R","M","T","E","M","R","?","E","R","B"],"character_chosen":"IRONCLAD","items_purchased":["Metallicize"],"campfire_rested":1,"item_purchase_floors":[4],"current_hp_per_floor":[65,65,65,65,50,46,46,47,47,27,27,50,50,43,43,0],"gold":121,"neow_bonus":"BOSS_RELIC","is_prod":false,"is_daily":false,"chose_seed":false,"campfire_upgraded":2,"win_rate":0,"timestamp":1553577776,"path_taken":["M","?","M","$","?","E","R","M","T","E","M","R","?","E","R","BOSS"],"build_version":"2019-03-15","purchased_purges":1,"victory":false,"max_hp_per_floor":[75,75,75,75,75,75,75,75,75,78,78,78,78,81,81,81],"card_choices":[{"not_picked":["Warcry","Pommel Strike"],"picked":"Impervious","floor":1},{"not_picked":["Havoc","Thunderclap"],"picked":"Whirlwind","floor":3},{"not_picked":["Entrench","Perfected Strike"],"picked":"Body Slam","floor":5},{"not_picked":["Cleave","Iron Wave"],"picked":"Uppercut","floor":6},{"not_picked":["Sentinel","Carnage"],"picked":"Feed","floor":8},{"not_picked":["Warcry","Cleave","Intimidate"],"picked":"SKIP","floor":10},{"not_picked":["Pummel","Body Slam","Havoc"],"picked":"SKIP","floor":11},{"not_picked":["Dual Wield","Searing Blow","Reckless Charge"],"picked":"SKIP","floor":14}],"player_experience":1284007,"relics_obtained":[{"floor":0,"key":"Oddly Smooth Stone"},{"floor":0,"key":"Dodecahedron"},{"floor":0,"key":"Bird Faced Urn"},{"floor":2,"key":"Happy Flower"},{"floor":6,"key":"Thread and Needle"},{"floor":9,"key":"Bag of Marbles"},{"floor":10,"key":"Pen Nib"},{"floor":14,"key":"Smiling Mask"}],"event_choices":[{"cards_removed":["Writhe"],"damage_healed":0,"gold_gain":0,"player_choice":"Card Removal","damage_taken":0,"max_hp_gain":0,"max_hp_loss":0,"event_name":"The Cleric","floor":13,"gold_loss":75}],"is_beta":true,"boss_relics":[],"items_purged_floors":[4],"is_endless":false,"potions_floor_spawned":[1,3,8,10],"killed_by":"Hexaghost","ascension_level":20}