{"gold_per_floor":[115,115,2,13,13,47,66,79,105,121,134,134,144,155,155,257,257,267,282,47,57,157,157,173,184,184,184,184,184,184,58,58,158,158,169,183,183,183,193,193,193],"floor_reached":41,"playtime":1227,"items_purged":["Strike_R"],"score":422,"play_id":"adf58bbf-c0a1-4224-885c-fac7f6a168e4","local_time":"20190203065528","is_ascension_mode":false,"campfire_choices":[{"floor":12,"key":"REST"},{"floor":15,"key":"REST"},{"data":"Feed","floor":23,"key":"SMITH"},{"data":"Twin Strike","floor":27,"key":"SMITH"},{"data":"Twin Strike","floor":29,"key":"SMITH"},{"data":"Twin Strike","floor":32,"key":"SMITH"},{"data":"Double Tap","floor":40,"key":"SMITH"}],"neow_cost":"NONE","seed_source_timestamp":604006310902921,"circlet_count":0,"master_deck":["Strike_R","Strike_R","Strike_R","Strike_R+1","Defend_R","Defend_R","Defend_R","Defend_R","Bash","Fiend Fire","Uppercut","Spot Weakness","Blood for Blood+1","Double Tap+1","Thunderclap","Clothesline","Twin Strike+1","Twin Strike+1","Feed+1","Limit Break","Limit Break","Twin Strike+1","Limit Break","Heavy Blade+1","Anger+1","Infernal Blade+1"],"relics":["Burning Blood","Omamori","Smiling Mask","Whetstone","Coffee Dripper","Incense Burner","Tiny Chest","Orrery"],"potions_floor_usage":[10,10,16,16,24,33,36,41],"damage_taken":[{"damage":6,"enemies":"2 Louse","floor":1,"turns":2},{"damage":2,"enemies":"Small Slimes","floor":4,"turns":4},{"damage":32,"enemies":"Gremlin Nob","floor":6,"turns":5},{"damage":13,"enemies":"Jaw Worm","floor":7,"turns":3},{"damage":19,"enemies":"Lots of Slimes","floor":8,"turns":4},{"damage":1,"enemies":"Looter","floor":10,"turns":2},{"damage":11,"enemies":"Gremlin Gang","floor":11,"turns":3},{"damage":12,"enemies":"Large Slime","floor":13,"turns":5},{"damage":11,"enemies":"Exordium Wildlife","floor":14,"turns":2},{"damage":27,"enemies":"Slime Boss","floor":16,"turns":10},{"damage":0,"enemies":"Chosen","floor":18,"turns":4},{"damage":5,"enemies":"3 Byrds","floor":19,"turns":4},{"damage":10,"enemies":"Snecko","floor":21,"turns":3},{"damage":21,"enemies":"Snake Plant","floor":24,"turns":2},{"damage":20,"enemies":"Centurion and Healer","floor":25,"turns":3},{"damage":36,"enemies":"Champ","floor":33,"turns":7},{"damage":23,"enemies":"Orb Walker","floor":35,"turns":3},{"damage":13,"enemies":"3 Darklings","floor":36,"turns":4},{"damage":43,"enemies":"Maw","floor":39,"turns":6},{"damage":43,"enemies":"Jaw Worm Horde","floor":41,"turns":2}],"seed_played":"2854872606015456801","potions_obtained":[{"floor":6,"key":"EssenceOfSteel"},{"floor":8,"key":"SkillPotion"},{"floor":13,"key":"Ancient Potion"},{"floor":14,"key":"Explosive Potion"},{"floor":19,"key":"Fire Potion"},{"floor":25,"key":"FearPotion"},{"floor":33,"key":"Strength Potion"},{"floor":35,"key":"Fire Potion"}],"is_trial":false,"path_per_floor":["M","?","$","M","?","E","M","M","T","M","M","R","M","M","R","B",null,"M","M","$","M","?","R","M","M","T","R","?","R","?","$","R","B",null,"M","M","?","?","M","R","M"],"character_chosen":"IRONCLAD","items_purchased":["Spot Weakness","Blood for Blood","Limit Break","Twin Strike","Tiny Chest"],"campfire_rested":2,"item_purchase_floors":[3,3,20,20,31],"current_hp_per_floor":[80,85,85,85,67,41,34,21,21,26,21,46,40,35,60,39,85,88,91,91,87,87,87,72,62,62,62,62,62,62,62,62,32,95,78,71,71,71,34,34,0],"gold":193,"neow_bonus":"ONE_RANDOM_RARE_CARD","is_prod":false,"is_daily":false,"chose_seed":false,"campfire_upgraded":5,"win_rate":0,"timestamp":1549205728,"path_taken":["M","?","$","M","?","E","M","M","T","M","M","R","M","?","R","BOSS","M","?","$","M","?","R","?","M","T","R","?","R","?","?","R","BOSS","M","M","?","?","M","R","?"],"build_version":"2019-01-23","purchased_purges":1,"victory":false,"max_hp_per_floor":[80,85,85,85,85,85,85,85,85,85,85,85,85,85,85,85,85,88,91,91,91,91,91,91,95,95,95,95,95,95,95,95,95,95,95,95,95,95,95,95,95],"card_choices":[{"not_picked":["Warcry","Cleave"],"picked":"Uppercut","floor":1},{"not_picked":["Warcry","True Grit"],"picked":"Double Tap","floor":4},{"not_picked":["Cleave","Seeing Red","Flame Barrier"],"picked":"SKIP","floor":6},{"not_picked":["Pommel Strike","Seeing Red","Flex"],"picked":"SKIP","floor":7},{"not_picked":["Heavy Blade","Berserk"],"picked":"Thunderclap","floor":8},{"not_picked":["Pommel Strike","Combust"],"picked":"Clothesline","floor":10},{"not_picked":["Sword Boomerang","Perfected Strike"],"picked":"Twin Strike","floor":11},{"not_picked":["Headbutt","Pommel Strike"],"picked":"Twin Strike","floor":13},{"not_picked":["Pommel Strike","Wild Strike"],"picked":"Feed","floor":14},{"not_picked":["Brutality","Offering"],"picked":"Limit Break","floor":16},{"not_picked":["Sword Boomerang","Wild Strike"],"picked":"Spot Weakness","floor":18},{"not_picked":["Evolve","Seeing Red","Clothesline"],"picked":"SKIP","floor":19},{"not_picked":["Body Slam+1","Thunderclap","Heavy Blade"],"picked":"SKIP","floor":21},{"not_picked":["Cleave","Heavy Blade","Body Slam"],"picked":"SKIP","floor":24},{"not_picked":["True Grit","Rupture","Armaments"],"picked":"SKIP","floor":25},{"not_picked":["Fiend Fire","Juggernaut"],"picked":"Limit Break","floor":33},{"not_picked":["Rage","Sword Boomerang"],"picked":"Heavy Blade+1","floor":34},{"not_picked":["Combust","Whirlwind"],"picked":"Anger","floor":34},{"not_picked":["Hemokinesis","Armaments","Cleave"],"picked":"SKIP","floor":35},{"not_picked":["Heavy Blade","Thunderclap+1"],"picked":"Infernal Blade+1","floor":36},{"not_picked":["Hemokinesis+1","Infernal Blade","Twin Strike"],"picked":"SKIP","floor":39}],"player_experience":241580,"relics_obtained":[{"floor":6,"key":"Smiling Mask"},{"floor":9,"key":"Whetstone"},{"floor":26,"key":"Incense Burner"}],"event_choices":[{"damage_healed":0,"gold_gain":0,"player_choice":"Donut","damage_taken":0,"max_hp_gain":5,"max_hp_loss":0,"event_name":"Big Fish","floor":2,"gold_loss":0},{"damage_healed":0,"gold_gain":0,"player_choice":"Success","damage_taken":18,"relics_obtained":["Omamori"],"max_hp_gain":0,"max_hp_loss":0,"event_name":"Scrap Ooze","floor":5,"gold_loss":0},{"damage_healed":0,"gold_gain":100,"player_choice":"Pray","damage_taken":0,"max_hp_gain":0,"max_hp_loss":0,"event_name":"Golden Shrine","floor":22,"gold_loss":0},{"damage_healed":0,"gold_gain":0,"player_choice":"Ignored","damage_taken":0,"max_hp_gain":0,"max_hp_loss":0,"event_name":"Vampires","floor":28,"gold_loss":0},{"damage_healed":0,"gold_gain":0,"player_choice":"Ignored","damage_taken":0,"max_hp_gain":0,"max_hp_loss":0,"event_name":"Ghosts","floor":30,"gold_loss":0},{"cards_removed":["Spot Weakness"],"damage_healed":0,"gold_gain":0,"player_choice":"Removed Skill","damage_taken":0,"max_hp_gain":0,"max_hp_loss":0,"event_name":"Falling","floor":37,"gold_loss":0},{"damage_healed":0,"gold_gain":0,"player_choice":"Upgraded","damage_taken":0,"max_hp_gain":0,"max_hp_loss":0,"event_name":"Upgrade Shrine","floor":38,"gold_loss":0,"cards_upgraded":["Anger"]}],"is_beta":false,"boss_relics":[{"not_picked":["Runic Dome","Fusion Hammer"],"picked":"Coffee Dripper"},{"not_picked":["Velvet Choker","Calling Bell"],"picked":"Orrery"}],"items_purged_floors":[20],"is_endless":false,"potions_floor_spawned":[6,8,13,14,19,25,33,35],"killed_by":"Jaw Worm Horde","ascension_level":0}