{"gold_per_floor":[114,131,143,15,15,40,40,40,64,84,84,116,116,72,72,149,149,168,186,24,39,53,53,78,94,118,131,143,143],"floor_reached":29,"playtime":2237,"items_purged":["Strike_R"],"score":488,"play_id":"f07dab46-520c-4ff6-a63c-a9cc8b046ccc","local_time":"20190317104712","is_ascension_mode":true,"campfire_choices":[{"floor":7,"key":"REST"},{"floor":11,"key":"REST"},{"data":"Rage","floor":13,"key":"SMITH"},{"floor":15,"key":"REST"},{"floor":23,"key":"REST"}],"neow_cost":"NONE","seed_source_timestamp":283980097746888,"circlet_count":0,"master_deck":["AscendersBane","Strike_R","Strike_R","Strike_R","Defend_R","Defend_R","Defend_R","Bash","Rage+1","Thunderclap+1","Thunderclap+1","Pommel Strike","Flex","Evolve","Immolate","Battle Trance","Uppercut","Flame Barrier"],"relics":["Burning Blood","Boot","Whetstone","Bronze Scales","Velvet Choker","Regal Pillow","Ancient Tea Set","Strawberry"],"potions_floor_usage":[6,6,12,21,22,25,29,29],"damage_taken":[{"damage":6,"enemies":"Small Slimes","floor":1,"turns":4},{"damage":20,"enemies":"Jaw Worm","floor":2,"turns":6},{"damage":5,"enemies":"2 Louse","floor":3,"turns":4},{"damage":51,"enemies":"Lagavulin","floor":6,"turns":8},{"damage":1,"enemies":"Looter","floor":10,"turns":3},{"damage":37,"enemies":"3 Sentries","floor":12,"turns":6},{"damage":49,"enemies":"Hexaghost","floor":16,"turns":10},{"damage":20,"enemies":"Chosen","floor":18,"turns":4},{"damage":19,"enemies":"Spheric Guardian","floor":19,"turns":4},{"damage":23,"enemies":"Shelled Parasite and Fungi","floor":21,"turns":6},{"damage":0,"enemies":"3 Cultists","floor":22,"turns":2},{"damage":4,"enemies":"Gremlin Leader","floor":24,"turns":6},{"damage":30,"enemies":"Sentry and Sphere","floor":25,"turns":5},{"damage":21,"enemies":"Snecko","floor":27,"turns":4},{"damage":8,"enemies":"Chosen and Byrds","floor":28,"turns":5},{"damage":36,"enemies":"Book of Stabbing","floor":29,"turns":4}],"seed_played":"-5145862231258406174","potions_obtained":[{"floor":1,"key":"SpeedPotion"},{"floor":3,"key":"Dexterity Potion"},{"floor":6,"key":"Poison Potion"},{"floor":18,"key":"Weak Potion"},{"floor":21,"key":"AttackPotion"},{"floor":22,"key":"SpeedPotion"},{"floor":27,"key":"FearPotion"},{"floor":28,"key":"LiquidBronze"}],"is_trial":false,"path_per_floor":["M","M","M","$","?","E","R","?","T","M","R","E","R","?","R","B",null,"M","M","$","M","M","R","E","M","T","M","M","E"],"character_chosen":"IRONCLAD","items_purchased":["Fire Potion","Regal Pillow"],"campfire_rested":4,"item_purchase_floors":[4,20],"current_hp_per_floor":[75,61,62,62,62,17,41,34,34,39,63,32,32,32,56,13,65,51,38,38,21,27,66,68,44,51,36,34,0],"gold":143,"neow_bonus":"TEN_PERCENT_HP_BONUS","is_prod":false,"is_daily":false,"chose_seed":false,"campfire_upgraded":1,"win_rate":0,"timestamp":1552834032,"path_taken":["M","M","M","$","?","E","R","?","T","M","R","E","R","?","R","BOSS","M","M","$","M","M","R","E","M","T","M","M","E"],"build_version":"2019-03-15","purchased_purges":1,"victory":false,"max_hp_per_floor":[82,82,82,82,82,82,82,82,82,82,82,82,82,82,82,82,82,82,82,82,82,82,82,82,82,89,89,89,89],"card_choices":[{"not_picked":["Iron Wave","Sentinel"],"picked":"Rage","floor":1},{"not_picked":["Clothesline","Entrench"],"picked":"Thunderclap","floor":2},{"not_picked":["Infernal Blade","Wild Strike"],"picked":"Thunderclap","floor":3},{"not_picked":["Immolate","Infernal Blade"],"picked":"Pommel Strike","floor":6},{"not_picked":["Warcry","Hemokinesis"],"picked":"Flex","floor":10},{"not_picked":["Hemokinesis","Rupture"],"picked":"Evolve","floor":12},{"not_picked":["Juggernaut","Reaper"],"picked":"Immolate","floor":16},{"not_picked":["Sword Boomerang+1","Combust","Clothesline"],"picked":"SKIP","floor":18},{"not_picked":["Shockwave","Cleave"],"picked":"Battle Trance","floor":19},{"not_picked":["Wild Strike","Body Slam","Pommel Strike"],"picked":"SKIP","floor":21},{"not_picked":["Sentinel","Searing Blow+1"],"picked":"Uppercut","floor":22},{"not_picked":["Warcry","Wild Strike","Clash"],"picked":"SKIP","floor":24},{"not_picked":["Wild Strike","Flex+1","Whirlwind"],"picked":"SKIP","floor":25},{"not_picked":["Combust","Perfected Strike","Wild Strike"],"picked":"SKIP","floor":27},{"not_picked":["Warcry","Perfected Strike"],"picked":"Flame Barrier","floor":28}],"player_experience":545205,"relics_obtained":[{"floor":6,"key":"Boot"},{"floor":9,"key":"Whetstone"},{"floor":12,"key":"Bronze Scales"},{"floor":24,"key":"Ancient Tea Set"},{"floor":26,"key":"Strawberry"}],"event_choices":[{"cards_removed":["Defend_R"],"damage_healed":0,"gold_gain":0,"player_choice":"Forget","damage_taken":0,"max_hp_gain":0,"max_hp_loss":0,"event_name":"Living Wall","floor":5,"gold_loss":0},{"cards_removed":["Strike_R"],"damage_healed":0,"gold_gain":0,"player_choice":"Card Removal","damage_taken":7,"max_hp_gain":0,"max_hp_loss":0,"event_name":"Golden Wing","floor":8,"gold_loss":0},{"damage_healed":0,"gold_gain":0,"player_choice":"Left Gold","damage_taken":0,"max_hp_gain":0,"max_hp_loss":0,"event_name":"World of Goop","floor":14,"gold_loss":44}],"is_beta":true,"boss_relics":[{"not_picked":["Lizard Tail","Empty Cage"],"picked":"Velvet Choker"}],"items_purged_floors":[4],"is_endless":false,"potions_floor_spawned":[1,3,6,18,21,22,27,28],"killed_by":"Book of Stabbing","ascension_level":18}