{"gold_per_floor":[116,116,130,146,146,146,158,189,213,223,63,63,63,213,213,213],"floor_reached":16,"playtime":431,"items_purged":[],"score":200,"play_id":"d0b31570-cb76-470e-9a45-aba1bc00c406","local_time":"20190314213610","is_ascension_mode":true,"campfire_choices":[{"floor":6,"key":"REST"},{"data":"Bouncing Flask","floor":12,"key":"SMITH"},{"data":"Catalyst","floor":15,"key":"SMITH"}],"neow_cost":"NONE","seed_source_timestamp":148396390922649,"circlet_count":0,"master_deck":["AscendersBane","Defend_G","Defend_G","Defend_G","Defend_G","Defend_G","Strike_G","Strike_G","Strike_G","Strike_G","Strike_G","Survivor","Neutralize+1","Well Laid Plans","Catalyst+1","Cloak And Dagger","Backflip","Deadly Poison","Bouncing Flask+1","After Image","Doubt"],"relics":["Ring of the Snake","Bag of Preparation","Snake Skull","Dream Catcher","Golden Idol"],"potions_floor_usage":[8,8,16],"damage_taken":[{"damage":0,"enemies":"2 Louse","floor":1,"turns":4},{"damage":7,"enemies":"Small Slimes","floor":3,"turns":4},{"damage":1,"enemies":"Jaw Worm","floor":4,"turns":5},{"damage":0,"enemies":"2 Fungi Beasts","floor":7,"turns":5},{"damage":19,"enemies":"Gremlin Nob","floor":8,"turns":4},{"damage":9,"enemies":"Large Slime","floor":10,"turns":9},{"damage":0,"enemies":"Slime Boss","floor":16,"turns":4}],"seed_played":"1995523626849479597","potions_obtained":[{"floor":1,"key":"Strength Potion"},{"floor":3,"key":"Explosive Potion"},{"floor":8,"key":"Poison Potion"}],"is_trial":false,"path_per_floor":["M","?","M","M","?","R","M","E","T","M","$","R","?","?","R","B"],"character_chosen":"THE_SILENT","items_purchased":["After Image"],"campfire_rested":1,"item_purchase_floors":[11],"current_hp_per_floor":[59,59,52,51,16,35,35,16,16,7,7,7,7,7,7,7],"gold":213,"neow_bonus":"UPGRADE_CARD","is_prod":false,"is_daily":false,"chose_seed":false,"campfire_upgraded":2,"win_rate":0,"timestamp":1552613770,"path_taken":["M","?","M","M","?","R","M","E","T","M","$","R","?","?","R","BOSS"],"build_version":"2019-02-06","purchased_purges":0,"victory":false,"max_hp_per_floor":[66,66,66,66,66,66,66,66,66,66,66,66,60,60,60,60],"card_choices":[{"not_picked":["Outmaneuver","All Out Attack"],"picked":"Well Laid Plans","floor":1},{"not_picked":["Acrobatics","Expertise"],"picked":"Catalyst","floor":3},{"not_picked":["Backflip","Blade Dance"],"picked":"Cloak And Dagger","floor":4},{"not_picked":["Flying Knee","Slice"],"picked":"Backflip","floor":7},{"not_picked":["Outmaneuver","Expertise"],"picked":"Deadly Poison","floor":8},{"not_picked":["Dagger Spray","Leg Sweep"],"picked":"Bouncing Flask","floor":10}],"player_experience":1088576,"relics_obtained":[{"floor":8,"key":"Snake Skull"},{"floor":9,"key":"Dream Catcher"}],"event_choices":[{"damage_healed":0,"gold_gain":0,"player_choice":"Leave","damage_taken":0,"max_hp_gain":0,"max_hp_loss":0,"event_name":"The Cleric","floor":2,"gold_loss":0},{"damage_healed":0,"gold_gain":0,"player_choice":"Success","damage_taken":35,"relics_obtained":["Bag of Preparation"],"max_hp_gain":0,"max_hp_loss":0,"event_name":"Scrap Ooze","floor":5,"gold_loss":0},{"damage_healed":0,"gold_gain":0,"player_choice":"Lose Max HP","damage_taken":0,"relics_obtained":["Golden Idol"],"max_hp_gain":0,"max_hp_loss":6,"event_name":"Golden Idol","floor":13,"gold_loss":0},{"damage_healed":0,"gold_gain":150,"player_choice":"AGREE","damage_taken":0,"max_hp_gain":0,"max_hp_loss":0,"event_name":"Liars Game","floor":14,"gold_loss":0,"cards_obtained":["Doubt"]}],"is_beta":true,"boss_relics":[],"items_purged_floors":[],"is_endless":false,"potions_floor_spawned":[1,3,8],"killed_by":"Slime Boss","ascension_level":20}