{"gold_per_floor":[111,61,74,1,0,33,33,46,46,46,66,66,86,86,86,185,185,204,218,228,37,50,50,50,50,50,50,62,62,62,82,82,177,177,197,197,208,133,152,152,152,166,219,219,219,219,238,255,255,255],"floor_reached":50,"playtime":4596,"items_purged":["Shame"],"score":444,"play_id":"7f56494c-9e85-450a-a36f-efded86dfad9","local_time":"20190708170855","is_ascension_mode":false,"campfire_choices":[{"floor":7.0,"key":"REST"},{"data":"Poisoned Stab","floor":12.0,"key":"SMITH"},{"data":"Noxious Fumes","floor":15.0,"key":"SMITH"},{"floor":23.0,"key":"REST"},{"data":"Envenom","floor":25.0,"key":"SMITH"},{"data":"Blade Dance","floor":27.0,"key":"SMITH"},{"floor":32.0,"key":"REST"},{"floor":40.0,"key":"REST"},{"floor":46.0,"key":"REST"},{"floor":49.0,"key":"REST"}],"neow_cost":"NONE","seed_source_timestamp":16057829539277,"circlet_count":0,"master_deck":["Strike_G","Strike_G","Strike_G","Strike_G","Defend_G","Defend_G","Defend_G","Survivor","Neutralize","Poisoned Stab+1","Crippling Poison","Riddle With Holes","Slice","Dagger Throw","Noxious Fumes+1","Dagger Throw","Envenom+1","Bouncing Flask+1","Backflip","Acrobatics+1","Dagger Spray","Blade Dance+1","Dagger Throw+1","Writhe","Deadly Poison","Bane","Calculated Gamble","Leg Sweep","Burst","Regret","Bane","Dodge and Roll+1"],"special_seed":0,"relics":["Ring of the Snake","Gremlin Horn","Matryoshka","Cursed Key","Lantern","Shuriken","Happy Flower","Mercury Hourglass","Orrery","Vajra","Juzu Bracelet"],"potions_floor_usage":[50],"damage_taken":[{"damage":0.0,"enemies":"Jaw Worm","floor":1.0,"turns":7.0},{"damage":5.0,"enemies":"2 Louse","floor":3.0,"turns":2.0},{"damage":34.0,"enemies":"Lagavulin","floor":6.0,"turns":7.0},{"damage":0.0,"enemies":"Small Slimes","floor":8.0,"turns":2.0},{"damage":10.0,"enemies":"Gremlin Gang","floor":11.0,"turns":3.0},{"damage":2.0,"enemies":"3 Louse","floor":13.0,"turns":3.0},{"damage":19.0,"enemies":"Hexaghost","floor":16.0,"turns":7.0},{"damage":11.0,"enemies":"3 Byrds","floor":18.0,"turns":4.0},{"damage":14.0,"enemies":"Spheric Guardian","floor":19.0,"turns":4.0},{"damage":9.0,"enemies":"Cultist and Chosen","floor":20.0,"turns":5.0},{"damage":10.0,"enemies":"3 Cultists","floor":22.0,"turns":4.0},{"damage":12.0,"enemies":"Centurion and Healer","floor":28.0,"turns":2.0},{"damage":1.0,"enemies":"Chosen and Byrds","floor":31.0,"turns":3.0},{"damage":35.0,"enemies":"Champ","floor":33.0,"turns":7.0},{"damage":7.0,"enemies":"Orb Walker","floor":35.0,"turns":2.0},{"damage":23.0,"enemies":"3 Darklings","floor":37.0,"turns":3.0},{"damage":13.0,"enemies":"4 Shapes","floor":39.0,"turns":3.0},{"damage":21.0,"enemies":"Spire Growth","floor":42.0,"turns":4.0},{"damage":28.0,"enemies":"Jaw Worm Horde","floor":47.0,"turns":3.0},{"damage":18.0,"enemies":"4 Shapes","floor":48.0,"turns":5.0},{"damage":24,"enemies":"Awakened One","floor":50,"turns":4}],"seed_played":"-4354275919047241154","potions_obtained":[{"floor":6.0,"key":"Dexterity Potion"},{"floor":11.0,"key":"SkillPotion"},{"floor":13.0,"key":"SkillPotion"},{"floor":16.0,"key":"Fire Potion"},{"floor":19.0,"key":"SkillPotion"},{"floor":22.0,"key":"AttackPotion"},{"floor":28.0,"key":"Dexterity Potion"},{"floor":48.0,"key":"Block Potion"}],"is_trial":false,"path_per_floor":["M","?","M","$","?","E","R","M","T","$","M","R","M","?","R","B",null,"M","M","M","$","M","R","?","R","T","R","M","$","?","M","R","B",null,"M","?","M","$","M","R","?","M","T","?","?","R","M","M","R","B"],"character_chosen":"THE_SILENT","items_purchased":["Riddle With Holes","Dagger Spray","Lantern"],"campfire_rested":6,"item_purchase_floors":[4,21,21],"current_hp_per_floor":[70,70,65,65,65,31,52,52,52,52,42,42,40,40,40,21,70,59,45,36,36,26,47,47,47,47,47,35,35,35,34,55,20,70,63,63,40,40,27,48,48,27,27,27,27,48,20,2,23,0],"gold":255,"neow_bonus":"REMOVE_CARD","is_prod":false,"is_daily":false,"chose_seed":false,"campfire_upgraded":4,"win_rate":0.0,"timestamp":1562620135,"path_taken":["M","?","M","$","?","E","R","M","T","$","M","R","M","?","R","BOSS","M","?","M","$","M","R","?","R","T","R","M","$","?","M","R","BOSS","M","?","M","$","M","R","?","M","T","?","?","R","M","M","R","BOSS"],"build_version":"2019-07-05","purchased_purges":1,"victory":false,"max_hp_per_floor":[70,70,70,70,70,70,70,70,70,70,70,70,70,70,70,70,70,70,70,70,70,70,70,70,70,70,70,70,70,70,70,70,70,70,70,70,70,70,70,70,70,70,70,70,70,70,70,70,70,70],"card_choices":[{"not_picked":["Flying Knee","Outmaneuver"],"picked":"Poisoned Stab","floor":1.0},{"not_picked":["Tactician","PiercingWail"],"picked":"Crippling Poison","floor":3.0},{"not_picked":["Choke","Unload"],"picked":"Slice","floor":6.0},{"not_picked":["Deflect","Prepared"],"picked":"Dagger Throw","floor":8.0},{"not_picked":["Bane","Blade Dance"],"picked":"Noxious Fumes","floor":11.0},{"not_picked":["Leg Sweep","Reflex"],"picked":"Dagger Throw","floor":13.0},{"not_picked":["Adrenaline","Burst"],"picked":"Envenom","floor":16.0},{"not_picked":["Underhanded Strike","Backstab"],"picked":"Bouncing Flask+1","floor":18.0},{"not_picked":["Calculated Gamble","Dagger Throw+1"],"picked":"Backflip","floor":19.0},{"not_picked":["Endless Agony","Masterful Stab+1"],"picked":"Acrobatics+1","floor":20.0},{"not_picked":["Flechettes+1","Sucker Punch+1"],"picked":"Blade Dance","floor":22.0},{"not_picked":["PiercingWail","Expertise+1"],"picked":"Dagger Throw+1","floor":28.0},{"not_picked":["Blade Dance","Dodge and Roll"],"picked":"Deadly Poison","floor":31.0},{"not_picked":["Noxious Fumes","Heel Hook"],"picked":"Bane","floor":34.0},{"not_picked":["All Out Attack","Backflip"],"picked":"Calculated Gamble","floor":35.0},{"not_picked":["Choke+1","Slice"],"picked":"Deflect","floor":37.0},{"not_picked":["Dagger Throw","Flying Knee","Underhanded Strike+1"],"picked":"SKIP","floor":39.0},{"not_picked":["PiercingWail+1","Dagger Throw+1"],"picked":"Burst","floor":42.0},{"not_picked":["All Out Attack+1","Deadly Poison+1"],"picked":"Bane","floor":47.0},{"not_picked":["Deadly Poison+1","Eviscerate+1"],"picked":"Dodge and Roll+1","floor":48.0}],"player_experience":13742,"relics_obtained":[{"floor":6.0,"key":"Gremlin Horn"},{"floor":9.0,"key":"Matryoshka"},{"floor":26.0,"key":"Shuriken"},{"floor":26.0,"key":"Happy Flower"},{"floor":43.0,"key":"Vajra"},{"floor":43.0,"key":"Juzu Bracelet"}],"event_choices":[{"cards_removed":["Defend_G"],"damage_healed":0.0,"max_hp_gain":0.0,"max_hp_loss":0.0,"gold_gain":0.0,"event_name":"The Cleric","player_choice":"Card Removal","floor":2.0,"gold_loss":50.0,"damage_taken":0.0},{"damage_healed":0.0,"max_hp_gain":0.0,"max_hp_loss":0.0,"gold_gain":0.0,"event_name":"World of Goop","player_choice":"Left Gold","floor":5.0,"gold_loss":1.0,"damage_taken":0.0},{"damage_healed":0.0,"max_hp_gain":0.0,"max_hp_loss":0.0,"gold_gain":0.0,"event_name":"The Woman in Blue","player_choice":"Bought 0 Potions","floor":14.0,"gold_loss":0.0,"damage_taken":0.0},{"damage_healed":0.0,"max_hp_gain":0.0,"max_hp_loss":0.0,"gold_gain":0.0,"event_name":"Vampires","player_choice":"Ignored","floor":24.0,"gold_loss":0.0,"damage_taken":0.0},{"damage_healed":0.0,"max_hp_gain":0.0,"max_hp_loss":0.0,"gold_gain":0.0,"event_name":"The Mausoleum","player_choice":"Opened","floor":30.0,"gold_loss":0.0,"damage_taken":0.0,"relics_obtained":["Mercury Hourglass"],"cards_obtained":["Writhe"]},{"damage_healed":0.0,"max_hp_gain":0.0,"max_hp_loss":0.0,"gold_gain":0.0,"event_name":"Mysterious Sphere","player_choice":"Ignored","floor":36.0,"gold_loss":0.0,"damage_taken":0.0},{"damage_healed":0.0,"max_hp_gain":0.0,"max_hp_loss":0.0,"gold_gain":0.0,"cards_transformed":["Strike_G"],"event_name":"Transmorgrifier","player_choice":"Transformed","floor":41.0,"gold_loss":0.0,"damage_taken":0.0,"cards_obtained":["Leg Sweep"]},{"cards_removed":["Deflect"],"damage_healed":0.0,"max_hp_gain":0.0,"max_hp_loss":0.0,"gold_gain":0.0,"event_name":"Falling","player_choice":"Removed Skill","floor":44.0,"gold_loss":0.0,"damage_taken":0.0},{"damage_healed":0.0,"max_hp_gain":0.0,"max_hp_loss":0.0,"gold_gain":0.0,"event_name":"Tomb of Lord Red Mask","player_choice":"Ignored","floor":45.0,"gold_loss":0.0,"damage_taken":0.0}],"is_beta":false,"boss_relics":[{"not_picked":["Ring of the Serpent","Calling Bell"],"picked":"Cursed Key"},{"not_picked":["Busted Crown","Runic Dome"],"picked":"Orrery"}],"items_purged_floors":[38],"is_endless":false,"potions_floor_spawned":[6,11,13,16,19,22,28,37,48],"killed_by":"Awakened One","ascension_level":0}