{"gold_per_floor":[365,365,380,178,195,226,226,236,318,318,318,318,26,53,53,130,130,147,160,173,98,98],"floor_reached":22,"playtime":1097,"items_purged":["Strike_B","Strike_B"],"score":388,"play_id":"a6a909d9-cf25-4dfe-be9d-9e62262e546b","local_time":"20181003230736","is_ascension_mode":true,"campfire_choices":[{"floor":7,"key":"REST"},{"floor":10,"key":"REST"},{"floor":12,"key":"REST"},{"data":"Defragment","floor":15,"key":"SMITH"}],"neow_cost":"TEN_PERCENT_HP_LOSS","seed_source_timestamp":1806212459883253,"circlet_count":0,"master_deck":["Strike_B","Defend_B","Defend_B","Defend_B","Defend_B","Zap","Dualcast","AscendersBane","Beam Cell","Streamline","Defragment+1","Sunder","Coolheaded","Defragment+1","Sweeping Beam","Cold Snap","Seek","Redo","Doom and Gloom+1"],"relics":["Cracked Core","Bird Faced Urn","Centennial Puzzle","Kunai","Bag of Marbles","Ancient Tea Set","Nuclear Battery"],"potions_floor_usage":[6,6,14,19],"damage_taken":[{"damage":10,"enemies":"2 Louse","floor":1,"turns":2},{"damage":7,"enemies":"Small Slimes","floor":3,"turns":4},{"damage":1,"enemies":"Cultist","floor":5,"turns":3},{"damage":8,"enemies":"Gremlin Nob","floor":6,"turns":3},{"damage":25,"enemies":"Large Slime","floor":8,"turns":5},{"damage":5,"enemies":"3 Sentries","floor":14,"turns":5},{"damage":5,"enemies":"The Guardian","floor":16,"turns":13},{"damage":19,"enemies":"2 Thieves","floor":18,"turns":4},{"damage":24,"enemies":"Shell Parasite","floor":19,"turns":7},{"damage":17,"enemies":"3 Cultists","floor":20,"turns":4},{"damage":26,"enemies":"Shelled Parasite and Fungi","floor":22,"turns":1}],"seed_played":"-2544274567426802164","potions_obtained":[{"floor":3,"key":"EntropicBrew"},{"floor":6,"key":"PowerPotion"},{"floor":14,"key":"Fire Potion"},{"floor":18,"key":"PowerPotion"}],"is_trial":false,"path_per_floor":["M","?","M","$","M","E","R","M","T","R","?","R","$","E","R","B",null,"M","M","M","?"],"character_chosen":"DEFECT","items_purchased":["Defragment","Sunder","Cold Snap","Bag of Marbles"],"campfire_rested":3,"item_purchase_floors":[4,4,13,13],"current_hp_per_floor":[54,28,21,21,22,14,33,8,8,27,27,46,46,53,53,52,61,46,35,22,22,0],"gold":98,"neow_bonus":"TWO_FIFTY_GOLD","is_prod":false,"is_daily":false,"chose_seed":false,"campfire_upgraded":1,"win_rate":0,"timestamp":1538622456,"path_taken":["M","?","M","$","M","E","R","M","T","R","?","R","$","E","R","BOSS","M","M","M","?","M"],"build_version":"2018-09-27","purchased_purges":2,"victory":false,"max_hp_per_floor":[64,64,64,64,64,64,64,64,64,64,64,64,64,64,64,64,64,64,64,64,64,64],"card_choices":[{"not_picked":["Rebound","Hologram"],"picked":"Beam Cell","floor":1},{"not_picked":["Capacitor","Rebound"],"picked":"Streamline","floor":3},{"not_picked":["Stack","Redo"],"picked":"Coolheaded","floor":5},{"not_picked":["Ball Lightning","Storm"],"picked":"Defragment","floor":6},{"not_picked":["Turbo","Compile Driver"],"picked":"Sweeping Beam","floor":8},{"not_picked":["Hyperbeam","Redo","Barrage"],"picked":"SKIP","floor":14},{"not_picked":["Rainbow","All For One"],"picked":"Seek","floor":16},{"not_picked":["Rebound","Tempest"],"picked":"Redo","floor":18},{"not_picked":["Stack","White Noise"],"picked":"Doom and Gloom+1","floor":19},{"not_picked":["Stack","Double Energy","Rebound"],"picked":"SKIP","floor":20}],"player_experience":551266,"relics_obtained":[{"floor":6,"key":"Centennial Puzzle"},{"floor":9,"key":"Kunai"},{"floor":14,"key":"Ancient Tea Set"}],"event_choices":[{"event_name":"Scrap Ooze","player_choice":"success","floor":2,"damage_taken":26},{"event_name":"Living Wall","player_choice":"Grow","floor":11,"damage_taken":0},{"event_name":"Beggar","player_choice":"Gave Gold","floor":21,"damage_taken":0}],"is_beta":false,"boss_relics":[{"not_picked":["Pandora\u0027s Box","Philosopher\u0027s Stone"],"picked":"Nuclear Battery"}],"items_purged_floors":[4,13],"is_endless":false,"potions_floor_spawned":[3,6,14,16,18],"killed_by":"Shelled Parasite and Fungi","ascension_level":20}