{"gold_per_floor":[110,121,121,133,146,177,177,208,208,66,66],"floor_reached":11,"playtime":587,"items_purged":[],"score":104,"play_id":"f96d27a2-e2ef-41af-ba79-71ea09b69052","local_time":"20180825015517","is_ascension_mode":true,"campfire_choices":[{"floor":7,"key":"REST"}],"neow_cost":"NONE","seed_source_timestamp":772684611225365,"circlet_count":0,"master_deck":["Defend_G","Defend_G","Defend_G","Defend_G","Defend_G","Strike_G","Strike_G","Strike_G","Strike_G","Strike_G","Survivor","Neutralize","Backstab","Sucker Punch","Heel Hook","Heel Hook","Sucker Punch","Adrenaline"],"relics":["Eternal Feather","Question Card","Shovel","Tingsha"],"potions_floor_usage":[6,11],"damage_taken":[{"damage":0,"enemies":"2 Louse","floor":1,"turns":4},{"damage":4,"enemies":"Jaw Worm","floor":2,"turns":3},{"damage":0,"enemies":"Cultist","floor":4,"turns":3},{"damage":8,"enemies":"Looter","floor":5,"turns":3},{"damage":55,"enemies":"Lagavulin","floor":6,"turns":13},{"damage":24,"enemies":"3 Sentries","floor":8,"turns":10},{"damage":15,"enemies":"Lagavulin","floor":11,"turns":8}],"seed_played":"-7337092340856175555","potions_obtained":[{"floor":1,"key":"GhostInAJar"},{"floor":4,"key":"PowerPotion"}],"is_trial":false,"path_per_floor":["M","M","?","M","M","E","R","E","T","$"],"character_chosen":"THE_SILENT","items_purchased":["Adrenaline"],"campfire_rested":1,"item_purchase_floors":[10],"current_hp_per_floor":[70,66,71,71,63,8,39,15,15,15,0],"gold":66,"neow_bonus":"BOSS_RELIC","is_prod":false,"is_daily":false,"chose_seed":false,"campfire_upgraded":0,"win_rate":0,"timestamp":1535176517,"path_taken":["M","M","?","?","M","E","R","E","T","$","E"],"build_version":"2018-08-23v2","purchased_purges":0,"victory":false,"max_hp_per_floor":[70,70,75,75,75,75,75,75,75,75,75],"card_choices":[{"not_picked":["Flying Knee","Accuracy"],"picked":"Backstab","floor":1},{"not_picked":["Quick Slash","Acrobatics"],"picked":"Sucker Punch","floor":2},{"not_picked":["Dagger Throw","Backflip"],"picked":"Heel Hook","floor":4},{"not_picked":["Poisoned Stab","Flechettes"],"picked":"Heel Hook","floor":5},{"not_picked":["Distraction","Tactician","Deadly Poison"],"picked":"SKIP","floor":6},{"not_picked":["Well Laid Plans","Skewer","Backflip"],"picked":"Sucker Punch","floor":8}],"player_experience":226560,"relics_obtained":[{"floor":6,"key":"Question Card"},{"floor":8,"key":"Shovel"},{"floor":9,"key":"Tingsha"}],"event_choices":[{"event_name":"Big Fish","player_choice":"Donut","floor":3,"damage_taken":0}],"is_beta":false,"boss_relics":[],"items_purged_floors":[],"is_endless":false,"potions_floor_spawned":[1,4],"killed_by":"Lagavulin","ascension_level":5}