{"gold_per_floor":[117,135,60,60,78,78,108,124,176,187,187,222,39,52,52,131,131,151,109,109,128,145,145,171,46,97,97,128,146,171,182,182,260,260,274,124,143,143,143,143,171,191,191,191,240,165,194,212,212,212,212],"floor_reached":51,"playtime":2780,"items_purged":["Strike_B","Strike_B","Pain","Strike_B"],"score":1625,"play_id":"10892a8c-7cbc-4220-b68d-96f092be06df","local_time":"20190707151903","is_ascension_mode":true,"campfire_choices":[{"data":"Sunder","floor":6.0,"key":"SMITH"},{"data":"Barrage","floor":11.0,"key":"SMITH"},{"data":"Capacitor","floor":15.0,"key":"SMITH"},{"data":"Biased Cognition","floor":23.0,"key":"SMITH"},{"data":"Self Repair","floor":27.0,"key":"SMITH"},{"data":"Coolheaded","floor":32.0,"key":"SMITH"},{"data":"Electrodynamics","floor":40.0,"key":"SMITH"},{"floor":44.0,"key":"RECALL"},{"data":"Seek","floor":49.0,"key":"SMITH"}],"neow_cost":"NONE","seed_source_timestamp":517853043253430,"circlet_count":0,"master_deck":["AscendersBane","Strike_B","Defend_B","Defend_B","Defend_B+1","Defend_B","Zap+1","Dualcast","Conserve Battery","Coolheaded+1","Barrage+1","Sunder+1","Coolheaded+1","Chill","Capacitor+1","Ball Lightning","Biased Cognition+1","Self Repair+1","Sweeping Beam+1","Hologram","Electrodynamics+1","Darkness","Seek+1","Glacier","Genetic Algorithm","Machine Learning","Static Discharge"],"special_seed":0,"relics":["Cracked Core","Mercury Hourglass","Ancient Tea Set","DataDisk","Eternal Feather","WarpedTongs","Mango","Blood Vial","Dream Catcher","Gambling Chip","Sozu","War Paint","Ice Cream","Strawberry"],"potions_floor_usage":[50],"damage_taken":[{"damage":0.0,"enemies":"Cultist","floor":1.0,"turns":3.0},{"damage":0.0,"enemies":"2 Louse","floor":2.0,"turns":2.0},{"damage":12.0,"enemies":"Jaw Worm","floor":5.0,"turns":3.0},{"damage":18.0,"enemies":"Lagavulin","floor":7.0,"turns":6.0},{"damage":0.0,"enemies":"3 Louse","floor":8.0,"turns":2.0},{"damage":2.0,"enemies":"Large Slime","floor":10.0,"turns":4.0},{"damage":5.0,"enemies":"3 Sentries","floor":12.0,"turns":7.0},{"damage":0.0,"enemies":"Red Slaver","floor":14.0,"turns":3.0},{"damage":0.0,"enemies":"Slime Boss","floor":16.0,"turns":9.0},{"damage":3.0,"enemies":"Shell Parasite","floor":18.0,"turns":5.0},{"damage":19.0,"enemies":"2 Thieves","floor":21.0,"turns":4.0},{"damage":0.0,"enemies":"Cultist and Chosen","floor":22.0,"turns":6.0},{"damage":22.0,"enemies":"Book of Stabbing","floor":24.0,"turns":6.0},{"damage":0.0,"enemies":"Slavers","floor":28.0,"turns":5.0},{"damage":0.0,"enemies":"3 Cultists","floor":29.0,"turns":5.0},{"damage":25.0,"enemies":"Book of Stabbing","floor":30.0,"turns":6.0},{"damage":36.0,"enemies":"Snecko","floor":31.0,"turns":6.0},{"damage":45.0,"enemies":"Automaton","floor":33.0,"turns":9.0},{"damage":0.0,"enemies":"3 Shapes","floor":35.0,"turns":2.0},{"damage":0.0,"enemies":"Orb Walker","floor":37.0,"turns":4.0},{"damage":18.0,"enemies":"Reptomancer","floor":41.0,"turns":5.0},{"damage":0.0,"enemies":"Maw","floor":42.0,"turns":5.0},{"damage":17.0,"enemies":"2 Orb Walkers","floor":45.0,"turns":5.0},{"damage":36.0,"enemies":"Giant Head","floor":47.0,"turns":9.0},{"damage":0.0,"enemies":"3 Darklings","floor":48.0,"turns":3.0},{"damage":54,"enemies":"Awakened One","floor":50,"turns":18},{"damage":22,"enemies":"Time Eater","floor":51,"turns":3}],"seed_played":"7573315825562397280","potions_obtained":[{"floor":1.0,"key":"Regen Potion"},{"floor":5.0,"key":"EssenceOfSteel"},{"floor":7.0,"key":"Regen Potion"},{"floor":16.0,"key":"Weak Potion"},{"floor":28.0,"key":"PowerPotion"},{"floor":29.0,"key":"Ancient Potion"},{"floor":30.0,"key":"FocusPotion"}],"is_trial":false,"path_per_floor":["M","M","$","?","M","R","E","M","T","M","R","E","$","M","R","B",null,"M","$","?","M","M","R","E","$","T","R","E","M","E","M","R","B",null,"M","$","M","?","$","R","E","M","T","R","?","$","E","M","R","B","B"],"character_chosen":"DEFECT","items_purchased":["Capacitor","Self Repair","Static Discharge"],"campfire_rested":0,"item_purchase_floors":[13,19,46],"current_hp_per_floor":[64,64,64,64,52,52,48,48,48,46,46,56,56,56,56,56,67,64,64,64,52,52,64,63,63,63,75,85,85,70,46,58,25,70,82,82,84,84,84,85,77,85,85,85,68,68,51,63,78,36,16],"gold":212,"neow_bonus":"UPGRADE_CARD","is_prod":false,"is_daily":false,"chose_seed":false,"campfire_upgraded":8,"win_rate":0,"timestamp":1562527143,"path_taken":["M","M","?","?","M","R","E","?","T","?","R","E","$","M","R","BOSS","M","$","?","?","?","R","E","$","T","R","E","M","E","M","R","BOSS","M","$","M","?","$","R","E","M","T","R","?","?","E","M","R","BOSS","BOSS"],"build_version":"2019-07-05","purchased_purges":4,"victory":false,"max_hp_per_floor":[71,71,71,71,71,71,71,71,71,71,71,71,71,71,71,71,71,71,71,71,71,71,71,85,85,85,85,85,85,85,85,85,85,85,85,85,85,85,85,85,85,85,85,85,85,85,92,92,92,92,92],"card_choices":[{"not_picked":["Recycle","Go for the Eyes"],"picked":"Conserve Battery","floor":1.0},{"not_picked":["Blizzard","Steam Power"],"picked":"Coolheaded","floor":2.0},{"not_picked":["Compile Driver","Cold Snap"],"picked":"Sunder","floor":5.0},{"not_picked":["FTL","Rip and Tear"],"picked":"Leap","floor":7.0},{"not_picked":["Force Field","Leap","Steam"],"picked":"SKIP","floor":8.0},{"not_picked":["Sunder","Rip and Tear"],"picked":"Coolheaded","floor":10.0},{"not_picked":["Hologram","Compile Driver"],"picked":"Chill","floor":12.0},{"not_picked":["Streamline","BootSequence"],"picked":"Ball Lightning","floor":14.0},{"not_picked":["Core Surge","Seek"],"picked":"Biased Cognition","floor":16.0},{"not_picked":["Rebound+1","Streamline+1","Cold Snap"],"picked":"SKIP","floor":18.0},{"not_picked":["Stack","Fusion","Turbo+1"],"picked":"SKIP","floor":21.0},{"not_picked":["Sweeping Beam","Ball Lightning","Compile Driver"],"picked":"SKIP","floor":22.0},{"not_picked":["Go for the Eyes","Double Energy"],"picked":"Sweeping Beam+1","floor":24.0},{"not_picked":["Beam Cell","Barrage"],"picked":"Hologram","floor":28.0},{"not_picked":["Beam Cell","Compile Driver"],"picked":"Electrodynamics","floor":29.0},{"not_picked":["Sunder","Stack"],"picked":"Darkness","floor":30.0},{"not_picked":["Ball Lightning","Go for the Eyes","Cold Snap"],"picked":"SKIP","floor":31.0},{"not_picked":["Meteor Strike","Thunder Strike"],"picked":"Seek","floor":33.0},{"not_picked":["Self Repair+1","Hologram"],"picked":"Glacier","floor":35.0},{"not_picked":["Conserve Battery","Stack"],"picked":"Genetic Algorithm","floor":37.0},{"not_picked":["Steam","FTL"],"picked":"Machine Learning","floor":41.0},{"not_picked":["Hello World","Stack","Ball Lightning"],"picked":"SKIP","floor":42.0},{"not_picked":["Skim","Ball Lightning","Self Repair"],"picked":"SKIP","floor":47.0},{"not_picked":["Go for the Eyes","Thunder Strike","Static Discharge"],"picked":"SKIP","floor":48.0}],"player_experience":1583709,"relics_obtained":[{"floor":7.0,"key":"Mercury Hourglass"},{"floor":9.0,"key":"Ancient Tea Set"},{"floor":12.0,"key":"DataDisk"},{"floor":24.0,"key":"Mango"},{"floor":26.0,"key":"Blood Vial"},{"floor":28.0,"key":"Dream Catcher"},{"floor":30.0,"key":"Gambling Chip"},{"floor":41.0,"key":"War Paint"},{"floor":45.0,"key":"Ice Cream"},{"floor":47.0,"key":"Strawberry"}],"event_choices":[{"damage_healed":0.0,"max_hp_gain":0.0,"max_hp_loss":0.0,"gold_gain":0.0,"event_name":"Match and Keep!","player_choice":"1 cards matched","floor":4.0,"gold_loss":0.0,"damage_taken":0.0,"cards_obtained":["Barrage"]},{"damage_healed":0.0,"max_hp_gain":0.0,"max_hp_loss":0.0,"gold_gain":0.0,"event_name":"Accursed Blacksmith","player_choice":"Rummage","floor":20.0,"gold_loss":0.0,"damage_taken":0.0,"relics_obtained":["WarpedTongs"],"cards_obtained":["Pain"]},{"cards_removed":["Leap"],"damage_healed":0.0,"max_hp_gain":0.0,"max_hp_loss":0.0,"gold_gain":0.0,"event_name":"Falling","player_choice":"Removed Skill","floor":38.0,"gold_loss":0.0,"damage_taken":0.0},{"damage_healed":0.0,"max_hp_gain":0.0,"max_hp_loss":0.0,"gold_gain":0.0,"event_name":"Mysterious Sphere","player_choice":"Fight","floor":45.0,"gold_loss":0.0,"damage_taken":0.0}],"is_beta":false,"boss_relics":[{"not_picked":["Black Star","Runic Dome"],"picked":"Eternal Feather"},{"not_picked":["Astrolabe","Lizard Tail"],"picked":"Sozu"}],"items_purged_floors":[3,13,25,36],"is_endless":false,"potions_floor_spawned":[1,5,7,16,28,29,30,31,33,35,41,47,48],"killed_by":"Time Eater","ascension_level":20}