{"gold_per_floor":[117,128,148,162,179,179,179,25,25,25,25,46,80,80,80,176,176,194,194,210,310,327,327,426,426,497,497,497,156,156,181,181,276,276,291,391,391,410,285,285,315,315,315,334,184,184,203,28,28,28,28,28,28,53,53],"floor_reached":56,"playtime":2627,"items_purged":["Strike_B","Defend_B","Defend_B","Defend_B","Defend_B"],"score":1250,"play_id":"8b7503da-295f-4c67-819a-8f680ff47448","local_time":"20190722104620","is_ascension_mode":true,"campfire_choices":[{"data":"Streamline","floor":6.0,"key":"SMITH"},{"floor":15.0,"key":"REST"},{"floor":23.0,"key":"REST"},{"floor":25.0,"key":"RECALL"},{"data":"Go for the Eyes","floor":28.0,"key":"SMITH"},{"data":"Conserve Battery","floor":30.0,"key":"SMITH"},{"floor":32.0,"key":"REST"},{"floor":40.0,"key":"REST"},{"data":"Echo Form","floor":46.0,"key":"SMITH"},{"floor":49,"key":"REST"},{"data":"Dualcast","floor":52,"key":"SMITH"}],"neow_cost":"NONE","seed_source_timestamp":689586142119710,"circlet_count":0,"master_deck":["Zap+1","Dualcast+1","Streamline+1","Go for the Eyes+1","Conserve Battery+1","Gash","FTL","Gash","All For One","Go for the Eyes","Leap+1","Gash","Steam+1","Echo Form+1","Hologram","Turbo+1","Conserve Battery+1"],"special_seed":0,"relics":["Cracked Core","Odd Mushroom","Boot","Lizard Tail","Sundial","Kunai","Singing Bowl","Runic Pyramid","Turnip","Meat on the Bone","Bag of Preparation","Ornamental Fan","Gambling Chip"],"potions_floor_usage":[50,55,55,55],"damage_taken":[{"damage":1.0,"enemies":"Cultist","floor":1.0,"turns":3.0},{"damage":0.0,"enemies":"Small Slimes","floor":2.0,"turns":2.0},{"damage":0.0,"enemies":"Jaw Worm","floor":3.0,"turns":3.0},{"damage":0.0,"enemies":"Exordium Wildlife","floor":4.0,"turns":3.0},{"damage":5.0,"enemies":"Exordium Thugs","floor":5.0,"turns":5.0},{"damage":0.0,"enemies":"The Mushroom Lair","floor":12.0,"turns":2.0},{"damage":22.0,"enemies":"Lagavulin","floor":13.0,"turns":6.0},{"damage":25.0,"enemies":"Hexaghost","floor":16.0,"turns":8.0},{"damage":22.0,"enemies":"3 Byrds","floor":18.0,"turns":4.0},{"damage":0.0,"enemies":"Chosen","floor":20.0,"turns":4.0},{"damage":14.0,"enemies":"Snake Plant","floor":22.0,"turns":3.0},{"damage":20.0,"enemies":"Gremlin Leader","floor":31.0,"turns":4.0},{"damage":25.0,"enemies":"Collector","floor":33.0,"turns":8.0},{"damage":29.0,"enemies":"3 Shapes","floor":35.0,"turns":5.0},{"damage":5.0,"enemies":"Mind Bloom Boss Battle","floor":36.0,"turns":5.0},{"damage":9.0,"enemies":"Orb Walker","floor":38.0,"turns":3.0},{"damage":3.0,"enemies":"Nemesis","floor":41.0,"turns":5.0},{"damage":12.0,"enemies":"Spire Growth","floor":44.0,"turns":4.0},{"damage":0,"enemies":"4 Shapes","floor":47,"turns":6},{"damage":5,"enemies":"Donu and Deca","floor":50,"turns":8},{"damage":7,"enemies":"Shield and Spear","floor":54,"turns":6},{"damage":38,"enemies":"The Heart","floor":55,"turns":11}],"seed_played":"-4040256817007687232","potions_obtained":[{"floor":1.0,"key":"PowerPotion"},{"floor":3.0,"key":"LiquidBronze"},{"floor":5.0,"key":"Explosive Potion"},{"floor":18.0,"key":"Energy Potion"},{"floor":22.0,"key":"Regen Potion"},{"floor":31.0,"key":"LiquidBronze"},{"floor":36.0,"key":"GamblersBrew"},{"floor":41.0,"key":"Fruit Juice"},{"floor":47,"key":"Fire Potion"},{"floor":54,"key":"PowerPotion"}],"is_trial":false,"path_per_floor":["M","M","M","M","M","R","?","$","T","?","$","?","E","?","R","B",null,"M","?","M","?","M","R","?","R","T","?","R","$","R","E","R","B",null,"M","?","T","M","$","R","E","?","T","M","$","R","M","$","R","B",null,"R","$","E","B",null],"character_chosen":"DEFECT","items_purchased":["FTL","Kunai"],"campfire_rested":5,"item_purchase_floors":[8,29],"current_hp_per_floor":[74,74,74,74,69,69,62,62,62,62,62,62,40,40,62,37,75,53,53,53,53,39,61,61,61,61,61,61,61,61,50,72,47,75,46,41,41,46,46,69,66,66,66,56,56,56,58,58,81,81,86,86,86,81,55],"gold":53,"neow_bonus":"UPGRADE_CARD","is_prod":false,"is_daily":false,"chose_seed":false,"campfire_upgraded":5,"win_rate":0,"timestamp":1563806780,"path_taken":["M","?","M","M","M","R","?","$","T","?","$","?","E","?","R","BOSS","M","?","M","?","?","R","?","R","T","?","R","$","R","E","R","BOSS","M","?","?","M","$","R","E","?","T","M","$","R","M","$","R","BOSS","R","$","E","BOSS"],"build_version":"2019-07-17","purchased_purges":5,"victory":true,"max_hp_per_floor":[75,75,75,75,75,75,75,75,75,75,75,75,75,75,75,75,75,75,75,75,75,75,75,75,75,75,75,75,75,75,75,75,75,75,75,75,75,77,77,77,77,77,77,79,79,79,81,81,81,86,86,86,86,88,88],"card_choices":[{"not_picked":["BootSequence","Sweeping Beam","Redo"],"picked":"SKIP","floor":1.0},{"not_picked":["Rebound","Stack"],"picked":"Streamline","floor":2.0},{"not_picked":["Undo","Lockon"],"picked":"Go for the Eyes","floor":3.0},{"not_picked":["Streamline","Stack"],"picked":"Conserve Battery","floor":4.0},{"not_picked":["Coolheaded","Leap"],"picked":"Gash","floor":5.0},{"not_picked":["Electrodynamics","Undo"],"picked":"Gash","floor":12.0},{"not_picked":["Cold Snap","Double Energy","Barrage"],"picked":"SKIP","floor":13.0},{"not_picked":["Reboot","Electrodynamics"],"picked":"All For One","floor":16.0},{"not_picked":["Sweeping Beam","Cold Snap","Redo"],"picked":"SKIP","floor":18.0},{"not_picked":["Ball Lightning","Compile Driver+1"],"picked":"Go for the Eyes","floor":20.0},{"not_picked":["Cold Snap+1","Chill+1"],"picked":"Leap+1","floor":22.0},{"not_picked":["Glacier+1","Redo+1"],"picked":"Steam+1","floor":31.0},{"not_picked":["Amplify","Rainbow"],"picked":"Echo Form","floor":33.0},{"not_picked":["Beam Cell","Ball Lightning"],"picked":"Hologram","floor":35.0},{"not_picked":["Aggregate+1","Steam"],"picked":"Turbo+1","floor":36.0},{"not_picked":["Doom and Gloom","Reprogram+1","Barrage+1"],"picked":"Singing Bowl","floor":38.0},{"not_picked":["Coolheaded+1","Rebound"],"picked":"Conserve Battery+1","floor":41.0},{"not_picked":["Hello World","Steam","Tempest"],"picked":"Singing Bowl","floor":44.0},{"not_picked":["Hello World+1","Aggregate","Darkness"],"picked":"Singing Bowl","floor":47},{"not_picked":["Consume","Rebound","Conserve Battery"],"picked":"Singing Bowl","floor":54}],"player_experience":157717,"relics_obtained":[{"floor":12.0,"key":"Odd Mushroom"},{"floor":13.0,"key":"Boot"},{"floor":26.0,"key":"Sundial"},{"floor":31.0,"key":"Singing Bowl"},{"floor":36.0,"key":"Turnip"},{"floor":37.0,"key":"Meat on the Bone"},{"floor":41.0,"key":"Bag of Preparation"},{"floor":43.0,"key":"Ornamental Fan"},{"floor":54,"key":"Gambling Chip"}],"event_choices":[{"cards_removed":["Strike_B"],"damage_healed":0.0,"max_hp_gain":0.0,"max_hp_loss":0.0,"gold_gain":0.0,"event_name":"Golden Wing","player_choice":"Card Removal","floor":7.0,"gold_loss":0.0,"damage_taken":7.0},{"cards_removed":["Strike_B"],"damage_healed":0.0,"max_hp_gain":0.0,"max_hp_loss":0.0,"gold_gain":0.0,"event_name":"Living Wall","player_choice":"Forget","floor":10.0,"gold_loss":0.0,"damage_taken":0.0},{"damage_healed":0.0,"max_hp_gain":0.0,"max_hp_loss":0.0,"gold_gain":0.0,"event_name":"Mushrooms","player_choice":"Fought Mushrooms","floor":12.0,"gold_loss":0.0,"damage_taken":0.0},{"damage_healed":0.0,"max_hp_gain":0.0,"max_hp_loss":0.0,"gold_gain":0.0,"event_name":"Liars Game","player_choice":"Ignored","floor":14.0,"gold_loss":0.0,"damage_taken":0.0},{"cards_removed":["Strike_B"],"damage_healed":0.0,"max_hp_gain":0.0,"max_hp_loss":0.0,"gold_gain":0.0,"event_name":"Back to Basics","player_choice":"Elegance","floor":19.0,"gold_loss":0.0,"damage_taken":0.0},{"damage_healed":0.0,"max_hp_gain":0.0,"max_hp_loss":0.0,"gold_gain":100.0,"event_name":"Golden Shrine","player_choice":"Pray","floor":21.0,"gold_loss":0.0,"damage_taken":0.0},{"damage_healed":0.0,"max_hp_gain":0.0,"max_hp_loss":0.0,"gold_gain":99.0,"event_name":"Nest","player_choice":"Stole From Cult","floor":24.0,"gold_loss":0.0,"damage_taken":0.0},{"damage_healed":0.0,"max_hp_gain":0.0,"max_hp_loss":0.0,"gold_gain":0.0,"event_name":"The Library","player_choice":"Read","floor":27.0,"gold_loss":0.0,"damage_taken":0.0,"cards_obtained":["Gash"]},{"damage_healed":0.0,"max_hp_gain":0.0,"max_hp_loss":0.0,"gold_gain":0.0,"event_name":"MindBloom","player_choice":"Fight","floor":36.0,"gold_loss":0.0,"damage_taken":0.0},{"damage_healed":0.0,"max_hp_gain":0.0,"max_hp_loss":0.0,"gold_gain":0.0,"event_name":"SecretPortal","player_choice":"Ignored","floor":42.0,"gold_loss":0.0,"damage_taken":0.0}],"is_beta":false,"boss_relics":[{"not_picked":["Runic Dome","Tiny House"],"picked":"Lizard Tail"},{"not_picked":["White Beast Statue","Calling Bell"],"picked":"Runic Pyramid"}],"items_purged_floors":[8,29,39,45,48],"is_endless":false,"potions_floor_spawned":[1,3,5,18,22,31,36,41,47,54],"ascension_level":2}