{"gold_per_floor":[111,111,111,111,128,153,153,179,254,254,271,346,361,392,392,467,467,485,39,39,39,39,39,53,53,77,77],"floor_reached":27,"playtime":1116,"items_purged":["Strike_B"],"score":454,"play_id":"9963ea17-9e51-4073-97fa-d760ec807868","local_time":"20190526012828","is_ascension_mode":true,"campfire_choices":[{"floor":7,"key":"REST"},{"data":"Hologram","floor":10,"key":"SMITH"},{"data":"Ball Lightning","floor":15,"key":"SMITH"},{"data":"Biased Cognition","floor":23,"key":"SMITH"},{"floor":25,"key":"REST"}],"neow_cost":"NONE","seed_source_timestamp":885659974717585,"circlet_count":0,"master_deck":["AscendersBane","Strike_B","Strike_B","Defend_B","Defend_B+1","Defend_B","Defend_B","Zap+1","Dualcast","Hyperbeam+1","Ball Lightning+1","Chill","Hologram+1","Steam","Compile Driver","Undo","Biased Cognition+1","Self Repair","Genetic Algorithm"],"relics":["Cracked Core","Lantern","War Paint","Art of War","Orichalcum","Inserter","Pocketwatch","Nilry\u0027s Codex","Pen Nib"],"potions_floor_usage":[16,24],"damage_taken":[{"damage":1,"enemies":"Small Slimes","floor":1,"turns":3},{"damage":0,"enemies":"2 Louse","floor":5,"turns":2},{"damage":23,"enemies":"Lagavulin","floor":6,"turns":5},{"damage":5,"enemies":"3 Sentries","floor":8,"turns":2},{"damage":0,"enemies":"Jaw Worm","floor":11,"turns":2},{"damage":4,"enemies":"Looter","floor":13,"turns":2},{"damage":2,"enemies":"Lagavulin","floor":14,"turns":6},{"damage":8,"enemies":"Hexaghost","floor":16,"turns":9},{"damage":7,"enemies":"Spheric Guardian","floor":18,"turns":4},{"damage":25,"enemies":"3 Byrds","floor":24,"turns":6},{"damage":37,"enemies":"Shelled Parasite and Fungi","floor":27,"turns":7}],"seed_played":"8594489559148153069","potions_obtained":[{"floor":8,"key":"FairyPotion"},{"floor":13,"key":"Block Potion"},{"floor":14,"key":"AttackPotion"},{"floor":16,"key":"Strength Potion"},{"floor":22,"key":"Fire Potion"}],"is_trial":false,"path_per_floor":["M","?","?","?","M","E","R","E","T","R","M","?","M","E","R","B",null,"M","$","?","?","?","R","M","R","T","M"],"character_chosen":"DEFECT","items_purchased":["Self Repair","Pocketwatch"],"campfire_rested":2,"item_purchase_floors":[19,19],"current_hp_per_floor":[63,52,45,45,45,22,43,38,38,38,38,27,23,21,21,13,57,50,50,50,29,29,29,11,32,32,0],"gold":77,"neow_bonus":"ONE_RANDOM_RARE_CARD","is_prod":false,"is_daily":false,"chose_seed":false,"campfire_upgraded":3,"win_rate":0,"timestamp":1558848508,"path_taken":["M","?","?","?","M","E","R","E","T","R","M","?","M","E","R","BOSS","M","$","?","?","?","R","M","R","T","?"],"build_version":"2019-01-23","purchased_purges":1,"victory":false,"max_hp_per_floor":[71,71,71,71,71,71,71,71,71,71,71,71,71,71,71,71,71,71,71,71,71,71,71,71,71,71,71],"card_choices":[{"not_picked":["Go for the Eyes","Streamline"],"picked":"Ball Lightning","floor":1},{"not_picked":["Leap","Rainbow"],"picked":"Chill","floor":5},{"not_picked":["Force Field","Hello World"],"picked":"Hologram","floor":6},{"not_picked":["Cold Snap","Stack"],"picked":"Steam","floor":8},{"not_picked":["Rebound","Force Field"],"picked":"Compile Driver","floor":11},{"not_picked":["Fusion","Cold Snap","Hologram"],"picked":"SKIP","floor":13},{"not_picked":["Rip and Tear","Stack"],"picked":"Undo","floor":14},{"not_picked":["Creative AI","Core Surge"],"picked":"Biased Cognition","floor":16},{"not_picked":["Sweeping Beam","Go for the Eyes","Lockon"],"picked":"SKIP","floor":18},{"not_picked":["Sweeping Beam","Turbo","White Noise"],"picked":"SKIP","floor":24}],"player_experience":1417668,"relics_obtained":[{"floor":6,"key":"War Paint"},{"floor":8,"key":"Art of War"},{"floor":14,"key":"Orichalcum"},{"floor":21,"key":"Nilry\u0027s Codex"},{"floor":26,"key":"Pen Nib"}],"event_choices":[{"damage_healed":0,"gold_gain":0,"player_choice":"Success","damage_taken":11,"relics_obtained":["Lantern"],"max_hp_gain":0,"max_hp_loss":0,"event_name":"Scrap Ooze","floor":2,"gold_loss":0},{"cards_removed":["Strike_B"],"damage_healed":0,"gold_gain":0,"player_choice":"Card Removal","damage_taken":7,"max_hp_gain":0,"max_hp_loss":0,"event_name":"Golden Wing","floor":3,"gold_loss":0},{"damage_healed":0,"gold_gain":0,"player_choice":"Grow","damage_taken":0,"max_hp_gain":0,"max_hp_loss":0,"event_name":"Living Wall","floor":4,"gold_loss":0,"cards_upgraded":["Hyperbeam"]},{"damage_healed":0,"gold_gain":75,"player_choice":"Gather Gold","damage_taken":11,"max_hp_gain":0,"max_hp_loss":0,"event_name":"World of Goop","floor":12,"gold_loss":0},{"damage_healed":0,"gold_gain":0,"player_choice":"Read","damage_taken":0,"max_hp_gain":0,"max_hp_loss":0,"event_name":"The Library","floor":20,"gold_loss":0,"cards_obtained":["Genetic Algorithm"]},{"damage_healed":0,"gold_gain":0,"player_choice":"Obtained Book","damage_taken":21,"max_hp_gain":0,"max_hp_loss":0,"event_name":"Cursed Tome","floor":21,"gold_loss":0},{"damage_healed":0,"gold_gain":0,"player_choice":"Got Potions","damage_taken":0,"max_hp_gain":0,"max_hp_loss":0,"event_name":"Lab","floor":22,"gold_loss":0}],"is_beta":false,"boss_relics":[{"not_picked":["Nuclear Battery","White Beast Statue"],"picked":"Inserter"}],"items_purged_floors":[19],"is_endless":false,"potions_floor_spawned":[8,13,14,16],"killed_by":"Shelled Parasite and Fungi","ascension_level":20}