{"gold_per_floor":[363,363,35,35,49,49,81,94,94,122,122,133,53,73,73,147,147,159,169,69,69,69,69,85,7,7,22,22,22,35,50,50,122,172,185,185,185,204,204,204,84,101,101,116,116,130,130],"floor_reached":47,"playtime":3709,"items_purged":["Strike_B","Strike_B","Strike_B","Defend_B"],"score":809,"play_id":"048bb75a-7785-4544-9c5a-998c5c19dc8c","local_time":"20180916015911","is_ascension_mode":true,"campfire_choices":[{"floor":6,"key":"REST"},{"data":"Zap","floor":11,"key":"SMITH"},{"data":"Recycle","floor":15,"key":"SMITH"},{"data":"Redo","floor":23,"key":"SMITH"},{"data":"Bandage Up","floor":29,"key":"SMITH"},{"floor":32,"key":"REST"},{"data":"Dualcast","floor":40,"key":"SMITH"},{"data":"Seek","floor":45,"key":"SMITH"}],"neow_cost":"TEN_PERCENT_HP_LOSS","seed_source_timestamp":258549789199347,"circlet_count":0,"master_deck":["Defend_B","Defend_B","Defend_B","Zap+1","Dualcast+1","AscendersBane","Cold Snap","Gash","Go for the Eyes","Blind+1","Redo+1","BootSequence","Beam Cell","Recycle+1","Seek+1","Beam Cell","Chill","Steam","Reprogram","Bandage Up+1","Gash","Dark Shackles","Steam"],"relics":["Cracked Core","Unceasing Top","Anchor","The Courier","Pantograph","Orrery","Ornamental Fan","Tiny House","Darkstone Periapt"],"potions_floor_usage":[7,10,18,22,33,33],"damage_taken":[{"damage":8,"enemies":"Jaw Worm","floor":1,"turns":4},{"damage":2,"enemies":"Small Slimes","floor":5,"turns":3},{"damage":24,"enemies":"3 Sentries","floor":7,"turns":9},{"damage":0,"enemies":"2 Louse","floor":8,"turns":3},{"damage":14,"enemies":"Lagavulin","floor":10,"turns":9},{"damage":15,"enemies":"Large Slime","floor":12,"turns":6},{"damage":0,"enemies":"2 Fungi Beasts","floor":14,"turns":3},{"damage":18,"enemies":"Hexaghost","floor":16,"turns":11},{"damage":4,"enemies":"Chosen","floor":18,"turns":5},{"damage":10,"enemies":"Shell Parasite","floor":19,"turns":6},{"damage":4,"enemies":"Colosseum Slavers","floor":22,"turns":7},{"damage":4,"enemies":"3 Cultists","floor":24,"turns":7},{"damage":0,"enemies":"Shelled Parasite and Fungi","floor":27,"turns":5},{"damage":0,"enemies":"Centurion and Healer","floor":30,"turns":5},{"damage":0,"enemies":"3 Cultists","floor":31,"turns":6},{"damage":10,"enemies":"Collector","floor":33,"turns":10},{"damage":11,"enemies":"Orb Walker","floor":35,"turns":4},{"damage":0,"enemies":"3 Darklings","floor":38,"turns":6},{"damage":0,"enemies":"Spire Growth","floor":42,"turns":4},{"damage":0,"enemies":"Maw","floor":44,"turns":4},{"damage":0,"enemies":"Transient","floor":46,"turns":5},{"damage":66,"enemies":"Nemesis","floor":47,"turns":10}],"seed_played":"995398663766885857","potions_obtained":[{"floor":1,"key":"Explosive Potion"},{"floor":10,"key":"Ancient Potion"},{"floor":16,"key":"EssenceOfSteel"},{"floor":19,"key":"EssenceOfSteel"},{"floor":27,"key":"SkillPotion"},{"floor":31,"key":"LiquidBronze"},{"floor":34,"key":"SmokeBomb"},{"floor":42,"key":"Swift Potion"},{"floor":46,"key":"Strength Potion"}],"is_trial":false,"path_per_floor":["M","?","$","?","M","R","E","M","T","E","R","M","$","M","R","B",null,"M","M","$","?","?","R","M","$","T","M","$","R","M","M","R","B",null,"M","?","?","M","?","R","$","M","T","M","R","M"],"character_chosen":"DEFECT","items_purchased":["Gash","Go for the Eyes","Blind","Block Potion","Bandage Up"],"campfire_rested":2,"item_purchase_floors":[3,3,3,3,25],"current_hp_per_floor":[56,45,45,38,36,55,31,31,31,17,17,2,2,2,2,9,50,46,36,36,36,32,32,28,28,28,32,32,32,38,44,63,54,67,58,58,58,64,64,64,64,66,66,66,66,66,0],"gold":130,"neow_bonus":"TWO_FIFTY_GOLD","is_prod":false,"is_daily":false,"chose_seed":false,"campfire_upgraded":6,"win_rate":0,"timestamp":1537077551,"path_taken":["M","?","$","?","M","R","E","M","T","E","R","?","?","?","R","BOSS","M","M","$","?","?","R","M","$","T","M","?","R","?","M","R","BOSS","M","?","?","M","?","R","$","?","T","?","R","M","E"],"build_version":"2018-09-06","purchased_purges":4,"victory":false,"max_hp_per_floor":[64,64,64,64,64,64,64,64,64,64,64,64,64,64,64,64,64,64,64,64,64,64,64,64,64,64,64,64,64,64,64,64,64,69,69,66,66,66,66,66,66,66,66,66,66,66,66],"card_choices":[{"not_picked":["Static Discharge","Skim"],"picked":"Cold Snap","floor":1},{"not_picked":["Go for the Eyes","Stack"],"picked":"Redo","floor":5},{"not_picked":["Thunder Strike","Doom and Gloom"],"picked":"Defragment","floor":7},{"not_picked":["Compile Driver","Sunder","Conserve Battery"],"picked":"SKIP","floor":8},{"not_picked":["Sweeping Beam","Defragment"],"picked":"BootSequence","floor":10},{"not_picked":["Heatsinks","Scrape"],"picked":"Beam Cell","floor":12},{"not_picked":["Storm","Rebound"],"picked":"Recycle","floor":14},{"not_picked":["Core Surge","All For One"],"picked":"Seek","floor":16},{"not_picked":["Melter","Turbo"],"picked":"Beam Cell","floor":17},{"not_picked":["Amplify","Go for the Eyes"],"picked":"Chill","floor":17},{"not_picked":["Genetic Algorithm","Static Discharge"],"picked":"Steam","floor":18},{"not_picked":["Melter","Glacier","Lockon"],"picked":"SKIP","floor":19},{"not_picked":["FTL","Redo"],"picked":"Reprogram","floor":24},{"not_picked":["Go for the Eyes","Tempest","Buffer"],"picked":"SKIP","floor":27},{"not_picked":["Stack","Go for the Eyes","Rebound"],"picked":"SKIP","floor":30},{"not_picked":["Capacitor","Rebound","Beam Cell"],"picked":"SKIP","floor":31},{"not_picked":["Conserve Battery","Steam Power"],"picked":"Gash","floor":34},{"not_picked":["Sweeping Beam","Skim+1","Doom and Gloom+1"],"picked":"SKIP","floor":35},{"not_picked":["Tempest","Redo","Coolheaded"],"picked":"SKIP","floor":38},{"not_picked":["PanicButton","Trip"],"picked":"Dark Shackles","floor":39},{"not_picked":["Conserve Battery","Beam Cell"],"picked":"Steam","floor":42},{"not_picked":["Leap+1","Streamline+1","Turbo"],"picked":"SKIP","floor":44},{"not_picked":["Stack+1","Chill","Ball Lightning"],"picked":"SKIP","floor":46}],"player_experience":399766,"relics_obtained":[{"floor":7,"key":"Anchor"},{"floor":9,"key":"The Courier"},{"floor":10,"key":"Pantograph"},{"floor":26,"key":"Ornamental Fan"},{"floor":43,"key":"Darkstone Periapt"}],"event_choices":[{"event_name":"Scrap Ooze","player_choice":"success","floor":2,"damage_taken":11},{"event_name":"Golden Wing","player_choice":"Card Removal","floor":4,"damage_taken":0},{"event_name":"Vampires","player_choice":"Ignored","floor":21,"damage_taken":0},{"event_name":"Colosseum","player_choice":"Fight","floor":22,"damage_taken":0},{"event_name":"Colosseum","player_choice":"Fled From Nobs","floor":22,"damage_taken":0},{"event_name":"Winding Halls","player_choice":"Max HP","floor":36,"damage_taken":0},{"event_name":"Falling","player_choice":"Removed Power","floor":37,"damage_taken":0},{"event_name":"SensoryStone","player_choice":"Memory 1","floor":39,"damage_taken":0}],"is_beta":false,"boss_relics":[{"not_picked":["Runic Pyramid","Fusion Hammer"],"picked":"Orrery"},{"not_picked":["Coffee Dripper","Calling Bell"],"picked":"Tiny House"}],"items_purged_floors":[3,13,20,41],"is_endless":false,"potions_floor_spawned":[1,10,16,19,22,27,31,42,44,46],"killed_by":"Nemesis","ascension_level":15}