{"gold_per_floor":[113,113,188,188,205,205,130,130,130,110,127,74,106,125,125,125],"floor_reached":16,"playtime":442,"items_purged":["Strike_R"],"score":196,"play_id":"4f321826-c133-4c89-8799-7d99fbd1f9aa","local_time":"20190328232802","is_ascension_mode":true,"campfire_choices":[{"data":"Bash","floor":6,"key":"SMITH"},{"data":"Blood for Blood","floor":8,"key":"SMITH"},{"data":"Feed","floor":15,"key":"SMITH"}],"neow_cost":"TEN_PERCENT_HP_LOSS","seed_source_timestamp":1285862252058052,"circlet_count":0,"master_deck":["AscendersBane","Strike_R","Strike_R","Defend_R","Defend_R","Defend_R","Bash+1","Fire Breathing","Blood for Blood+1","Iron Wave","Pummel","Feed+1","Cleave","Spot Weakness","Shrug It Off"],"relics":["Burning Blood","Gremlin Horn","Kunai"],"potions_floor_usage":[16,16],"damage_taken":[{"damage":4,"enemies":"Jaw Worm","floor":1,"turns":4},{"damage":9,"enemies":"2 Louse","floor":5,"turns":3},{"damage":1,"enemies":"Small Slimes","floor":11,"turns":3},{"damage":30,"enemies":"3 Sentries","floor":13,"turns":7},{"damage":14,"enemies":"Blue Slaver","floor":14,"turns":4},{"damage":29,"enemies":"The Guardian","floor":16,"turns":11}],"seed_played":"5980783844344317086","potions_obtained":[{"floor":10,"key":"Block Potion"},{"floor":11,"key":"SkillPotion"}],"is_trial":false,"path_per_floor":["M","?","?","?","M","R","$","R","T","?","M","$","E","M","R","B"],"character_chosen":"IRONCLAD","items_purchased":["Cleave"],"campfire_rested":0,"item_purchase_floors":[12],"current_hp_per_floor":[68,61,50,50,47,47,47,47,47,47,52,52,31,26,26,0],"gold":125,"neow_bonus":"TRANSFORM_TWO_CARDS","is_prod":false,"is_daily":false,"chose_seed":false,"campfire_upgraded":3,"win_rate":0,"timestamp":1553830082,"path_taken":["M","?","?","?","M","R","?","R","T","?","?","$","E","M","R","BOSS"],"build_version":"2019-01-23","purchased_purges":1,"victory":false,"max_hp_per_floor":[68,68,68,68,68,68,68,68,68,68,68,68,71,74,74,74],"card_choices":[{"not_picked":["Headbutt","Sword Boomerang"],"picked":"Iron Wave","floor":1},{"not_picked":["Intimidate","Wild Strike"],"picked":"Pummel","floor":5},{"not_picked":["Wild Strike","Rage"],"picked":"Feed","floor":11},{"not_picked":["Shrug It Off","Brutality"],"picked":"Spot Weakness","floor":13},{"not_picked":["Rampage","Burning Pact"],"picked":"Shrug It Off","floor":14}],"player_experience":1035300,"relics_obtained":[{"floor":9,"key":"Gremlin Horn"},{"floor":13,"key":"Kunai"}],"event_choices":[{"cards_removed":["Strike_R"],"damage_healed":0,"gold_gain":0,"player_choice":"Card Removal","damage_taken":7,"max_hp_gain":0,"max_hp_loss":0,"event_name":"Golden Wing","floor":2,"gold_loss":0},{"damage_healed":0,"gold_gain":75,"player_choice":"Gather Gold","damage_taken":11,"max_hp_gain":0,"max_hp_loss":0,"event_name":"World of Goop","floor":3,"gold_loss":0},{"damage_healed":0,"gold_gain":0,"player_choice":"Ignored","damage_taken":0,"max_hp_gain":0,"max_hp_loss":0,"event_name":"Liars Game","floor":4,"gold_loss":0},{"damage_healed":0,"gold_gain":0,"player_choice":"Bought 1 Potion","damage_taken":0,"max_hp_gain":0,"max_hp_loss":0,"event_name":"The Woman in Blue","floor":10,"gold_loss":0}],"is_beta":false,"boss_relics":[],"items_purged_floors":[7],"is_endless":false,"potions_floor_spawned":[11],"killed_by":"The Guardian","ascension_level":20}