{"gold_per_floor":[112,287,61,80,99,130,144,44,70,70,80,98,118,138,138,238,238,257,207,219,219,13,13,33,33,57,67,85,105,117,135,135,231,231,247,258,105,124,0,0,11,28,28,39,57,57,57,76,76,76],"floor_reached":50,"playtime":5072,"items_purged":["Doubt","Strike_R","Strike_R"],"score":483,"play_id":"da1f242b-56c3-450a-bab2-dc2009182071","local_time":"20190715225426","is_ascension_mode":false,"campfire_choices":[{"data":"Cleave","floor":10,"key":"SMITH"},{"data":"Disarm","floor":15,"key":"SMITH"},{"data":"Inflame","floor":23,"key":"SMITH"},{"data":"Bash","floor":25,"key":"SMITH"},{"data":"Shrug It Off","floor":32,"key":"SMITH"},{"data":"Demon Form","floor":40,"key":"SMITH"},{"floor":47,"key":"REST"},{"floor":49,"key":"REST"}],"neow_cost":"NONE","seed_source_timestamp":51571315802737,"circlet_count":0,"master_deck":["Strike_R","Defend_R","Defend_R","Defend_R","Defend_R","Bash+1","Carnage","Battle Trance","Pommel Strike","Clothesline","Anger","Cleave+1","Feel No Pain","Dropkick","Disarm+1","Juggernaut","Flame Barrier+1","Inflame+1","True Grit","Armaments+1","Feed","Shrug It Off+1","Demon Form+1","Carnage+1","Shrug It Off+1","Havoc+1","Metallicize+1"],"relics":["Burning Blood","Lantern","Vajra","Omamori","Cursed Key","Boot","Philosopher\u0027s Stone","Oddly Smooth Stone","Red Mask","Regal Pillow"],"potions_floor_usage":[16,16,33,33,33,45,45,50,50],"damage_taken":[{"damage":1,"enemies":"Cultist","floor":1,"turns":3},{"damage":0,"enemies":"2 Louse","floor":4,"turns":2},{"damage":0,"enemies":"Small Slimes","floor":5,"turns":2},{"damage":21,"enemies":"Gremlin Nob","floor":6,"turns":4},{"damage":2,"enemies":"Looter","floor":7,"turns":2},{"damage":0,"enemies":"3 Louse","floor":11,"turns":1},{"damage":0,"enemies":"2 Fungi Beasts","floor":12,"turns":2},{"damage":8,"enemies":"Red Slaver","floor":13,"turns":2},{"damage":0,"enemies":"Large Slime","floor":14,"turns":3},{"damage":38,"enemies":"Hexaghost","floor":16,"turns":8},{"damage":3,"enemies":"3 Byrds","floor":18,"turns":4},{"damage":2,"enemies":"Chosen","floor":20,"turns":3},{"damage":16,"enemies":"Snake Plant","floor":24,"turns":4},{"damage":9,"enemies":"Centurion and Healer","floor":27,"turns":6},{"damage":20,"enemies":"Sentry and Sphere","floor":28,"turns":5},{"damage":0,"enemies":"Snecko","floor":29,"turns":4},{"damage":13,"enemies":"Shelled Parasite and Fungi","floor":30,"turns":4},{"damage":9,"enemies":"Snake Plant","floor":31,"turns":4},{"damage":28,"enemies":"Collector","floor":33,"turns":9},{"damage":9,"enemies":"Orb Walker","floor":35,"turns":2},{"damage":13,"enemies":"3 Shapes","floor":36,"turns":3},{"damage":24,"enemies":"Sphere and 2 Shapes","floor":38,"turns":5},{"damage":45,"enemies":"Transient","floor":41,"turns":5},{"damage":0,"enemies":"4 Shapes","floor":42,"turns":7},{"damage":19,"enemies":"Jaw Worm Horde","floor":44,"turns":7},{"damage":2,"enemies":"Transient","floor":45,"turns":5},{"damage":42,"enemies":"4 Shapes","floor":48,"turns":6},{"damage":78,"enemies":"Donu and Deca","floor":50,"turns":9}],"seed_played":"-5706944477676101080","potions_obtained":[{"floor":5,"key":"SteroidPotion"},{"floor":6,"key":"Swift Potion"},{"floor":12,"key":"Block Potion"},{"floor":13,"key":"EssenceOfSteel"},{"floor":16,"key":"Swift Potion"},{"floor":18,"key":"Fire Potion"},{"floor":27,"key":"EssenceOfSteel"},{"floor":29,"key":"Dexterity Potion"},{"floor":31,"key":"BloodPotion"},{"floor":36,"key":"Swift Potion"},{"floor":42,"key":"GamblersBrew"},{"floor":44,"key":"Fire Potion"},{"floor":48,"key":"SteroidPotion"}],"is_trial":false,"path_per_floor":["M","?","$","M","M","E","M","$","T","R","M","M","M","M","R","B",null,"M","?","M","?","$","R","M","R","T","M","M","M","M","M","R","B",null,"M","M","$","M","?","R","M","M","T","M","M","?","R","M","R","B"],"character_chosen":"IRONCLAD","items_purchased":["Lantern","Inflame","True Grit","Oddly Smooth Stone"],"campfire_rested":2,"item_purchase_floors":[3,22,22,37],"current_hp_per_floor":[80,80,80,80,80,65,69,69,69,69,75,80,78,80,80,48,80,80,80,80,80,80,80,70,70,70,67,53,59,52,49,49,47,80,80,76,76,61,61,61,22,31,31,21,25,25,68,32,75,0],"gold":76,"neow_bonus":"TRANSFORM_CARD","is_prod":false,"is_daily":false,"chose_seed":false,"campfire_upgraded":6,"win_rate":0.0,"timestamp":1563245666,"path_taken":["M","?","$","M","M","E","M","$","T","R","M","M","M","M","R","BOSS","M","?","?","?","?","R","M","R","T","M","M","?","M","M","R","BOSS","M","?","$","M","?","R","M","M","T","M","M","?","R","M","R","BOSS"],"build_version":"2019-07-05","purchased_purges":3,"victory":false,"max_hp_per_floor":[80,80,80,80,80,80,80,80,80,80,80,80,80,80,80,80,80,80,80,80,80,80,80,80,80,80,80,80,80,80,80,80,80,80,83,86,86,89,89,89,89,92,92,95,95,95,95,95,95,95],"card_choices":[{"not_picked":["Clash","Sword Boomerang"],"picked":"Battle Trance","floor":1},{"not_picked":["Fire Breathing","Twin Strike"],"picked":"Pommel Strike","floor":4},{"not_picked":["Clash","Pummel"],"picked":"Clothesline","floor":5},{"not_picked":["Fiend Fire","Reckless Charge"],"picked":"Anger","floor":6},{"not_picked":["Disarm","Flame Barrier"],"picked":"Cleave","floor":7},{"not_picked":["Body Slam","Iron Wave"],"picked":"Feel No Pain","floor":11},{"not_picked":["Havoc","Clash"],"picked":"Dropkick","floor":12},{"not_picked":["Uppercut","Anger","Reckless Charge"],"picked":"SKIP","floor":13},{"not_picked":["Battle Trance","Warcry"],"picked":"Disarm","floor":14},{"not_picked":["Berserk","Dark Embrace"],"picked":"Juggernaut","floor":16},{"not_picked":["Perfected Strike","Havoc","Clothesline+1"],"picked":"SKIP","floor":18},{"not_picked":["Wild Strike","Clash"],"picked":"Flame Barrier+1","floor":20},{"not_picked":["Combust","Warcry","Havoc"],"picked":"SKIP","floor":24},{"not_picked":["Headbutt+1","Corruption"],"picked":"Armaments+1","floor":27},{"not_picked":["Perfected Strike+1","Sentinel","Rupture"],"picked":"SKIP","floor":28},{"not_picked":["Body Slam+1","Searing Blow"],"picked":"Feed","floor":29},{"not_picked":["Cleave","Headbutt","Havoc"],"picked":"SKIP","floor":30},{"not_picked":["Havoc","Anger"],"picked":"Shrug It Off","floor":31},{"not_picked":["Brutality","Barricade"],"picked":"Demon Form","floor":33},{"not_picked":["Clash+1","Twin Strike+1","Cleave"],"picked":"SKIP","floor":35},{"not_picked":["Twin Strike+1","True Grit"],"picked":"Carnage+1","floor":36},{"not_picked":["Ghostly Armor+1","Warcry"],"picked":"Shrug It Off+1","floor":38},{"not_picked":["Wild Strike","Pommel Strike","Thunderclap"],"picked":"SKIP","floor":41},{"not_picked":["Feed","Pummel","Iron Wave"],"picked":"SKIP","floor":42},{"not_picked":["Warcry+1","Armaments+1","Clash+1"],"picked":"SKIP","floor":44},{"not_picked":["Shrug It Off+1","Iron Wave"],"picked":"Havoc+1","floor":45},{"not_picked":["Warcry","Iron Wave+1"],"picked":"Metallicize+1","floor":48}],"player_experience":71001,"relics_obtained":[{"floor":6,"key":"Vajra"},{"floor":9,"key":"Omamori"},{"floor":26,"key":"Boot"},{"floor":43,"key":"Regal Pillow"}],"event_choices":[{"damage_healed":0,"gold_gain":175,"player_choice":"AGREE","damage_taken":0,"max_hp_gain":0,"max_hp_loss":0,"event_name":"Liars Game","floor":2,"gold_loss":0,"cards_obtained":["Doubt"]},{"damage_healed":0,"gold_gain":0,"player_choice":"Bet on Owner","damage_taken":0,"max_hp_gain":0,"max_hp_loss":0,"event_name":"The Joust","floor":19,"gold_loss":50},{"damage_healed":0,"gold_gain":0,"player_choice":"Leave","damage_taken":0,"max_hp_gain":0,"max_hp_loss":0,"event_name":"FaceTrader","floor":21,"gold_loss":0},{"damage_healed":0,"gold_gain":0,"player_choice":"Paid","damage_taken":0,"relics_obtained":["Red Mask"],"max_hp_gain":0,"max_hp_loss":0,"event_name":"Tomb of Lord Red Mask","floor":39,"gold_loss":124},{"cards_removed":["Strike_R"],"damage_healed":0,"gold_gain":0,"player_choice":"Removed Attack","damage_taken":0,"max_hp_gain":0,"max_hp_loss":0,"event_name":"Falling","floor":46,"gold_loss":0}],"is_beta":false,"boss_relics":[{"not_picked":["Snecko Eye","Busted Crown"],"picked":"Cursed Key"},{"not_picked":["Orrery","Calling Bell"],"picked":"Philosopher\u0027s Stone"}],"items_purged_floors":[3,8,22],"is_endless":false,"potions_floor_spawned":[5,6,12,13,16,18,27,29,31,36,42,44,48],"killed_by":"Donu and Deca","ascension_level":0}