{"gold_per_floor":[110,129,129,204,217,217,248,248,248,248,248],"floor_reached":11,"playtime":281,"items_purged":[],"score":142,"play_id":"75cb3daa-a59e-45e5-b49e-0050bcf7267d","local_time":"20190717102019","is_ascension_mode":true,"campfire_choices":[{"floor":6,"key":"REST"},{"data":"1","floor":10,"key":"LIFT"}],"neow_cost":"NONE","seed_source_timestamp":633667581368594,"circlet_count":0,"master_deck":["AscendersBane","Strike_B","Strike_B","Strike_B","Strike_B","Defend_B","Defend_B","Defend_B","Defend_B","Zap","Dualcast","Cold Snap","Steam","Biased Cognition+1","Lockon"],"relics":["Cracked Core","Letter Opener","Girya","Potion Belt"],"potions_floor_usage":[],"damage_taken":[{"damage":7,"enemies":"Jaw Worm","floor":1,"turns":4},{"damage":12,"enemies":"2 Louse","floor":2,"turns":3},{"damage":4,"enemies":"Small Slimes","floor":5,"turns":3},{"damage":27,"enemies":"Gremlin Nob","floor":7,"turns":4},{"damage":26,"enemies":"The Mushroom Lair","floor":11,"turns":3}],"seed_played":"5397373399569175547","potions_obtained":[{"floor":5,"key":"Strength Potion"}],"is_trial":false,"path_per_floor":["M","M","?","?","M","R","E","?","T","R","?"],"character_chosen":"DEFECT","items_purchased":[],"campfire_rested":1,"item_purchase_floors":[],"current_hp_per_floor":[64,52,34,23,19,42,15,15,15,15,0],"gold":248,"neow_bonus":"TEN_PERCENT_HP_BONUS","is_prod":false,"is_daily":false,"chose_seed":false,"campfire_upgraded":0,"win_rate":0,"timestamp":1563373219,"path_taken":["M","M","?","?","M","R","E","?","T","R","?"],"build_version":"2019-07-05","purchased_purges":0,"victory":false,"max_hp_per_floor":[78,78,78,78,78,78,78,78,78,78,78],"card_choices":[{"not_picked":["Beam Cell","Tempest"],"picked":"Cold Snap","floor":1},{"not_picked":["Go for the Eyes","Recycle"],"picked":"Steam","floor":2},{"not_picked":["Turbo","Stack"],"picked":"Biased Cognition","floor":5},{"not_picked":["Stack","Scrape"],"picked":"Lockon","floor":7}],"player_experience":1612416,"relics_obtained":[{"floor":7,"key":"Girya"},{"floor":9,"key":"Potion Belt"}],"event_choices":[{"damage_healed":0,"gold_gain":0,"player_choice":"Success","damage_taken":18,"relics_obtained":["Letter Opener"],"max_hp_gain":0,"max_hp_loss":0,"event_name":"Scrap Ooze","floor":3,"gold_loss":0},{"damage_healed":0,"gold_gain":75,"player_choice":"Gather Gold","damage_taken":11,"max_hp_gain":0,"max_hp_loss":0,"event_name":"World of Goop","floor":4,"gold_loss":0},{"damage_healed":0,"gold_gain":0,"player_choice":"Grow","damage_taken":0,"max_hp_gain":0,"max_hp_loss":0,"event_name":"Living Wall","floor":8,"gold_loss":0,"cards_upgraded":["Biased Cognition"]},{"damage_healed":0,"gold_gain":0,"player_choice":"Fought Mushrooms","damage_taken":0,"max_hp_gain":0,"max_hp_loss":0,"event_name":"Mushrooms","floor":11,"gold_loss":0}],"is_beta":false,"boss_relics":[],"items_purged_floors":[],"is_endless":false,"potions_floor_spawned":[5],"killed_by":"The Mushroom Lair","ascension_level":20}