{"gold_per_floor":[116,116,128,53,69,69,96,114,114,114,148,148,73,84,84,84],"floor_reached":16,"playtime":480,"items_purged":["Strike_B"],"score":220,"play_id":"8916f65d-7fde-47d9-adfb-90447a5053af","local_time":"20190702220729","is_ascension_mode":true,"campfire_choices":[{"data":"Zap","floor":6,"key":"SMITH"},{"floor":10,"key":"REST"},{"data":"Coolheaded","floor":12,"key":"SMITH"},{"data":"Sweeping Beam","floor":15,"key":"SMITH"}],"neow_cost":"NONE","seed_source_timestamp":113121003091097,"circlet_count":0,"master_deck":["AscendersBane","Strike_B","Strike_B","Defend_B","Defend_B","Defend_B","Defend_B","Zap+1","Dualcast","Leap","Genetic Algorithm","Coolheaded+1","Compile Driver","Cold Snap","Conserve Battery","Sweeping Beam+1"],"relics":["Cracked Core","Kunai","Gremlin Horn","Letter Opener"],"potions_floor_usage":[7,7],"damage_taken":[{"damage":1,"enemies":"2 Louse","floor":1,"turns":4},{"damage":4,"enemies":"Small Slimes","floor":3,"turns":4},{"damage":0,"enemies":"Jaw Worm","floor":5,"turns":3},{"damage":49,"enemies":"Gremlin Nob","floor":7,"turns":5},{"damage":0,"enemies":"Looter","floor":8,"turns":3},{"damage":14,"enemies":"3 Sentries","floor":11,"turns":10},{"damage":8,"enemies":"Exordium Thugs","floor":14,"turns":4},{"damage":2,"enemies":"Hexaghost","floor":16,"turns":4}],"seed_played":"-3125778207449683936","potions_obtained":[{"floor":0,"key":"FocusPotion"},{"floor":0,"key":"EntropicBrew"}],"is_trial":false,"path_per_floor":["M","?","M","?","M","R","E","M","T","R","E","R","$","M","R","B"],"character_chosen":"DEFECT","items_purchased":[],"campfire_rested":1,"item_purchase_floors":[],"current_hp_per_floor":[63,63,59,59,59,59,10,10,10,31,17,17,17,9,9,7],"gold":84,"neow_bonus":"THREE_SMALL_POTIONS","is_prod":false,"is_daily":false,"chose_seed":false,"campfire_upgraded":3,"win_rate":0,"timestamp":1562119649,"path_taken":["M","?","M","?","M","R","E","M","T","R","E","R","$","M","R","BOSS"],"build_version":"2019-07-01","purchased_purges":1,"victory":false,"max_hp_per_floor":[71,71,71,71,71,71,71,71,71,71,71,71,71,71,71,71],"card_choices":[{"not_picked":["Force Field","BootSequence"],"picked":"Leap","floor":1},{"not_picked":["Compile Driver","Redo"],"picked":"Genetic Algorithm","floor":3},{"not_picked":["Hologram","Go for the Eyes"],"picked":"Coolheaded","floor":5},{"not_picked":["Streamline","Barrage"],"picked":"Compile Driver","floor":7},{"not_picked":["Auto Shields","Rebound"],"picked":"Cold Snap","floor":8},{"not_picked":["Force Field","Heatsinks"],"picked":"Conserve Battery","floor":11},{"not_picked":["Amplify","Steam Power"],"picked":"Sweeping Beam","floor":14}],"player_experience":1573082,"relics_obtained":[{"floor":7,"key":"Kunai"},{"floor":9,"key":"Gremlin Horn"},{"floor":11,"key":"Letter Opener"}],"event_choices":[{"damage_healed":0,"gold_gain":0,"player_choice":"Ignored","damage_taken":0,"max_hp_gain":0,"max_hp_loss":0,"event_name":"Liars Game","floor":2,"gold_loss":0},{"cards_removed":["Strike_B"],"damage_healed":0,"gold_gain":0,"player_choice":"Card Removal","damage_taken":0,"max_hp_gain":0,"max_hp_loss":0,"event_name":"The Cleric","floor":4,"gold_loss":75}],"is_beta":false,"boss_relics":[],"items_purged_floors":[13],"is_endless":false,"potions_floor_spawned":[8,11,14],"killed_by":"Hexaghost","ascension_level":20}