{"gold_per_floor":[119,119,139,139,154,154,188,188,188,188,214,73,73,102,102,102],"floor_reached":16,"playtime":641,"items_purged":["Strike_G"],"score":209,"play_id":"83a969e0-4e21-45bd-8129-0eb4f6c9bf0b","local_time":"20180922185838","is_ascension_mode":true,"campfire_choices":[{"data":"Neutralize","floor":6,"key":"SMITH"},{"floor":8,"key":"REST"},{"floor":10,"key":"REST"},{"data":"Footwork","floor":15,"key":"SMITH"}],"neow_cost":"","seed_source_timestamp":841233071966565,"circlet_count":0,"master_deck":["Defend_G","Defend_G","Defend_G","Defend_G","Defend_G","Strike_G","Strike_G","Strike_G","Strike_G","Survivor","Neutralize+1","AscendersBane","Footwork+1","Cloak And Dagger","Deflect","Dash","Dagger Throw","Backflip","Flying Knee","Backflip"],"special_seed":0,"relics":["Ring of the Snake","Dodecahedron","Smiling Mask","Ancient Tea Set","Regal Pillow","Pear"],"potions_floor_usage":[7,14],"damage_taken":[{"damage":0.0,"enemies":"Small Slimes","floor":1.0,"turns":4.0},{"damage":7,"enemies":"Cultist","floor":3,"turns":6},{"damage":1,"enemies":"2 Louse","floor":5,"turns":4},{"damage":43,"enemies":"Lagavulin","floor":7,"turns":13},{"damage":7,"enemies":"3 Sentries","floor":11,"turns":14},{"damage":22,"enemies":"Gremlin Nob","floor":14,"turns":5},{"damage":32,"enemies":"Hexaghost","floor":16,"turns":14}],"seed_played":"4788221177010893221","potions_obtained":[{"floor":5,"key":"FearPotion"},{"floor":11,"key":"SkillPotion"},{"floor":14,"key":"Dexterity Potion"}],"is_trial":false,"path_per_floor":["M","?","M","?","M","R","E","R","T","R","E","$","?","E","R"],"character_chosen":"THE_SILENT","items_purchased":["Backflip","Flying Knee"],"campfire_rested":2,"item_purchase_floors":[12,12],"current_hp_per_floor":[59,64,57,46,45,45,2,23,23,44,37,37,37,25,25,0],"gold":102,"neow_bonus":"","is_prod":false,"is_daily":false,"chose_seed":false,"campfire_upgraded":2,"win_rate":0,"timestamp":1537657118,"path_taken":["M","?","M","?","M","R","E","R","T","R","E","$","?","E","R","BOSS"],"build_version":"2018-09-20","purchased_purges":1,"victory":false,"max_hp_per_floor":[66,71,71,71,71,71,71,71,71,71,71,71,71,81,81,81],"card_choices":[{"not_picked":["Bane","Backflip"],"picked":"Footwork","floor":1},{"not_picked":["Skewer","All Out Attack"],"picked":"Cloak And Dagger","floor":3},{"not_picked":["Setup","Poisoned Stab"],"picked":"Deflect","floor":5},{"not_picked":["Backflip","Deflect"],"picked":"Dash","floor":7},{"not_picked":["Tactician","Acrobatics"],"picked":"Dagger Throw","floor":11},{"not_picked":["Setup","Glass Knife"],"picked":"Backflip","floor":14}],"player_experience":524809,"relics_obtained":[{"floor":7,"key":"Smiling Mask"},{"floor":9,"key":"Ancient Tea Set"},{"floor":11,"key":"Regal Pillow"},{"floor":14,"key":"Pear"}],"event_choices":[{"event_name":"Big Fish","player_choice":"Donut","floor":2,"damage_taken":0},{"event_name":"Scrap Ooze","player_choice":"success","floor":4,"damage_taken":11},{"event_name":"Dead Adventurer","player_choice":"Searched \u00271\u0027 times","floor":13,"damage_taken":0}],"is_beta":false,"boss_relics":[],"items_purged_floors":[12],"is_endless":false,"potions_floor_spawned":[5,11,14],"killed_by":"Hexaghost","ascension_level":16}