{"gold_per_floor":[112,130,130,430,2,2,45,45,115,115,136,136,161,186,186,282,345,361,276,121,137,137,137,161,196,243,243,268,268,284,327,327,426,426,444,569,569,592,607,651,651,690,739,764,779,311,311,352,352,352,352,352,352,148,181,181],"floor_reached":57,"playtime":7220,"items_purged":["Strike_B","Strike_B","Strike_B"],"score":3085,"play_id":"5aef55f5-8125-4641-8d2a-8e0526719092","local_time":"20190510221936","is_ascension_mode":true,"campfire_choices":[{"data":"Sunder","floor":6.0,"key":"SMITH"},{"data":"Zap","floor":8.0,"key":"SMITH"},{"data":"Doom and Gloom","floor":10.0,"key":"SMITH"},{"floor":15.0,"key":"REST"},{"data":"Buffer","floor":23.0,"key":"SMITH"},{"data":"Coolheaded","floor":27.0,"key":"SMITH"},{"data":"Skim","floor":29.0,"key":"SMITH"},{"data":"Turbo","floor":32.0,"key":"SMITH"},{"data":"Recycle","floor":41.0,"key":"SMITH"},{"floor":49.0,"key":"RECALL"},{"data":"Skim","floor":53,"key":"SMITH"}],"neow_cost":"NONE","seed_source_timestamp":587425981077140,"circlet_count":0,"master_deck":["AscendersBane","Defend_B","Defend_B","Defend_B","Defend_B","Zap+1","Dualcast","Skim+1","Sunder+1","Beam Cell","Doom and Gloom+1","Conserve Battery+1","Static Discharge+1","Genetic Algorithm","Hologram+1","Buffer+1","Turbo+1","Self Repair","Coolheaded+1","Reinforced Body","Echo Form+1","Electrodynamics+1","Coolheaded+1","Loop+1","Recycle+1","Hologram","Skim+1","Turbo+1","Conserve Battery+1","Capacitor+1","Fission","Static Discharge+1"],"special_seed":0,"relics":["Cracked Core","Golden Idol","Old Coin","Incense Burner","Pen Nib","Singing Bowl","Tiny House","Anchor","Frozen Egg 2","Emotion Chip","Bag of Marbles","Dream Catcher","Orrery","Ice Cream","Blue Candle","Omamori","Lantern","Bag of Preparation","Symbiotic Virus","Vajra"],"potions_floor_usage":[56,56],"damage_taken":[{"damage":6.0,"enemies":"Jaw Worm","floor":1.0,"turns":4.0},{"damage":3.0,"enemies":"2 Louse","floor":2.0,"turns":3.0},{"damage":20.0,"enemies":"Lagavulin","floor":7.0,"turns":5.0},{"damage":0.0,"enemies":"Small Slimes","floor":11.0,"turns":2.0},{"damage":9.0,"enemies":"3 Louse","floor":13.0,"turns":3.0},{"damage":0.0,"enemies":"Red Slaver","floor":14.0,"turns":2.0},{"damage":22.0,"enemies":"The Guardian","floor":16.0,"turns":11.0},{"damage":9.0,"enemies":"Chosen","floor":18.0,"turns":5.0},{"damage":10.0,"enemies":"Shell Parasite","floor":21.0,"turns":5.0},{"damage":0.0,"enemies":"Sentry and Sphere","floor":24.0,"turns":7.0},{"damage":20.0,"enemies":"Gremlin Leader","floor":25.0,"turns":10.0},{"damage":0.0,"enemies":"Centurion and Healer","floor":28.0,"turns":9.0},{"damage":0.0,"enemies":"Snecko","floor":30.0,"turns":5.0},{"damage":24.0,"enemies":"Slavers","floor":31.0,"turns":6.0},{"damage":0.0,"enemies":"Collector","floor":33.0,"turns":12.0},{"damage":1.0,"enemies":"Orb Walker","floor":35.0,"turns":5.0},{"damage":21.0,"enemies":"Mind Bloom Boss Battle","floor":36.0,"turns":11.0},{"damage":8.0,"enemies":"3 Shapes","floor":38.0,"turns":6.0},{"damage":27.0,"enemies":"Transient","floor":39.0,"turns":6.0},{"damage":0.0,"enemies":"Giant Head","floor":40.0,"turns":11.0},{"damage":8.0,"enemies":"Nemesis","floor":42.0,"turns":11.0},{"damage":8.0,"enemies":"Sphere and 2 Shapes","floor":44.0,"turns":5.0},{"damage":9.0,"enemies":"4 Shapes","floor":45.0,"turns":3.0},{"damage":0.0,"enemies":"Giant Head","floor":48.0,"turns":8.0},{"damage":49.0,"enemies":"Awakened One","floor":50.0,"turns":24.0},{"damage":0,"enemies":"Donu and Deca","floor":51,"turns":12},{"damage":5,"enemies":"Shield and Spear","floor":55,"turns":13},{"damage":85,"enemies":"The Heart","floor":56,"turns":11}],"seed_played":"4313358427996433687","potions_obtained":[{"floor":1.0,"key":"SkillPotion"},{"floor":7.0,"key":"SteroidPotion"},{"floor":13.0,"key":"Strength Potion"},{"floor":14.0,"key":"Weak Potion"},{"floor":17.0,"key":"Energy Potion"},{"floor":24.0,"key":"Weak Potion"},{"floor":25.0,"key":"EntropicBrew"},{"floor":30.0,"key":"Explosive Potion"},{"floor":38.0,"key":"SkillPotion"},{"floor":42.0,"key":"PowerPotion"}],"is_trial":false,"path_per_floor":["M","M","?","?","$","R","E","R","T","R","M","?","M","M","R","B",null,"M","?","$","M","?","R","M","E","T","R","M","R","M","E","R","B",null,"M","?","T","M","M","E","R","E","T","M","M","$","?","E","R","B","B",null,"R","$","E","B",null],"character_chosen":"DEFECT","items_purchased":["Doom and Gloom","Incense Burner","Conserve Battery","Self Repair","Capacitor+1","Bag of Preparation","Fission","FocusPotion"],"campfire_rested":1,"item_purchase_floors":[5,5,5,20,46,46,46,54],"current_hp_per_floor":[58,55,55,50,50,50,30,30,30,30,30,11,4,4,23,1,55,48,48,48,45,45,45,54,41,41,41,50,50,50,35,35,42,72,80,75,75,83,72,88,88,87,87,86,84,84,84,86,86,51,65,81,81,81,88,10],"gold":181,"neow_bonus":"TRANSFORM_CARD","is_prod":false,"is_daily":false,"chose_seed":false,"campfire_upgraded":9,"win_rate":0,"timestamp":1557541176,"path_taken":["M","M","?","?","$","R","E","R","T","R","M","?","M","M","R","BOSS","M","?","$","M","?","R","M","E","T","R","?","R","M","E","R","BOSS","M","?","?","M","M","E","R","E","T","M","M","$","?","E","R","BOSS","BOSS","R","$","E","BOSS"],"build_version":"2019-01-23","purchased_purges":3,"victory":true,"max_hp_per_floor":[71,71,64,64,64,64,64,64,64,64,64,64,66,66,66,66,71,73,73,73,73,73,73,75,75,75,75,77,77,77,79,79,79,81,83,85,85,87,89,91,91,91,91,91,91,91,86,86,86,86,86,86,86,86,88,88],"card_choices":[{"not_picked":["Turbo","Reprogram"],"picked":"Sunder","floor":1.0},{"not_picked":["Steam","Sweeping Beam"],"picked":"Beam Cell","floor":2.0},{"not_picked":["Cold Snap","Consume"],"picked":"Static Discharge","floor":7.0},{"not_picked":["Coolheaded","Fusion"],"picked":"Genetic Algorithm","floor":11.0},{"not_picked":["Conserve Battery","Cold Snap","Go for the Eyes"],"picked":"Singing Bowl","floor":13.0},{"not_picked":["Streamline","Barrage"],"picked":"Hologram","floor":14.0},{"not_picked":["Thunder Strike","Amplify"],"picked":"Buffer","floor":16.0},{"not_picked":["Beam Cell","Fusion"],"picked":"Turbo","floor":17.0},{"not_picked":["Heatsinks","Hologram","Ball Lightning"],"picked":"Singing Bowl","floor":18.0},{"not_picked":["Turbo","Storm"],"picked":"Coolheaded","floor":21.0},{"not_picked":["Melter","Rebound","Stack"],"picked":"Singing Bowl","floor":24.0},{"not_picked":["Compile Driver","BootSequence"],"picked":"Reinforced Body","floor":25.0},{"not_picked":["Compile Driver+1","Double Energy","Doom and Gloom"],"picked":"Singing Bowl","floor":28.0},{"not_picked":["Redo","Stack"],"picked":"Echo Form+1","floor":30.0},{"not_picked":["Darkness","Sweeping Beam","Skim"],"picked":"Singing Bowl","floor":31.0},{"not_picked":["Thunder Strike","Meteor Strike"],"picked":"Electrodynamics+1","floor":33.0},{"not_picked":["Reprogram","Streamline"],"picked":"Coolheaded+1","floor":34.0},{"not_picked":["Leap","Storm+1"],"picked":"Loop+1","floor":34.0},{"not_picked":["Gash","Rip and Tear"],"picked":"Recycle","floor":34.0},{"not_picked":["Rebound","Beam Cell","Fusion"],"picked":"Singing Bowl","floor":34.0},{"not_picked":["Streamline","Steam"],"picked":"Hologram","floor":34.0},{"not_picked":["Turbo","Hologram+1","Rebound"],"picked":"Singing Bowl","floor":35.0},{"not_picked":["Ball Lightning+1","Hologram","Streamline"],"picked":"Singing Bowl","floor":36.0},{"not_picked":["Turbo","Go for the Eyes","Cold Snap"],"picked":"Singing Bowl","floor":38.0},{"not_picked":["Sunder","Melter","Undo"],"picked":"Singing Bowl","floor":39.0},{"not_picked":["FTL","Auto Shields","Multi-Cast"],"picked":"Singing Bowl","floor":40.0},{"not_picked":["Force Field","Steam"],"picked":"Skim","floor":42.0},{"not_picked":["Coolheaded","Barrage+1"],"picked":"Turbo+1","floor":44.0},{"not_picked":["Leap","Tempest"],"picked":"Conserve Battery+1","floor":45.0},{"not_picked":["Rebound+1","Redo+1"],"picked":"Static Discharge+1","floor":48.0},{"not_picked":["Stack+1","Conserve Battery","Sunder"],"picked":"Singing Bowl","floor":55}],"player_experience":1264831,"relics_obtained":[{"floor":7.0,"key":"Pen Nib"},{"floor":9.0,"key":"Singing Bowl"},{"floor":25.0,"key":"Emotion Chip"},{"floor":26.0,"key":"Bag of Marbles"},{"floor":31.0,"key":"Dream Catcher"},{"floor":36.0,"key":"Ice Cream"},{"floor":40.0,"key":"Blue Candle"},{"floor":42.0,"key":"Omamori"},{"floor":43.0,"key":"Lantern"},{"floor":48.0,"key":"Symbiotic Virus"},{"floor":55,"key":"Vajra"}],"event_choices":[{"damage_healed":0.0,"max_hp_gain":0.0,"max_hp_loss":7.0,"gold_gain":0.0,"event_name":"Golden Idol","player_choice":"Lose Max HP","floor":3.0,"gold_loss":0.0,"damage_taken":0.0,"relics_obtained":["Golden Idol"]},{"damage_healed":0.0,"max_hp_gain":0.0,"max_hp_loss":0.0,"gold_gain":0.0,"event_name":"Scrap Ooze","player_choice":"Success","floor":4.0,"gold_loss":0.0,"damage_taken":5.0,"relics_obtained":["Old Coin"]},{"damage_healed":0.0,"max_hp_gain":0.0,"max_hp_loss":0.0,"gold_gain":0.0,"event_name":"Shining Light","player_choice":"Entered Light","floor":12.0,"gold_loss":0.0,"damage_taken":19.0,"cards_upgraded":["Static Discharge","Conserve Battery"]},{"damage_healed":0.0,"max_hp_gain":0.0,"max_hp_loss":0.0,"gold_gain":0.0,"event_name":"Addict","player_choice":"Obtained Relic","floor":19.0,"gold_loss":85.0,"damage_taken":0.0,"relics_obtained":["Anchor"]},{"damage_healed":0.0,"max_hp_gain":0.0,"max_hp_loss":0.0,"gold_gain":0.0,"event_name":"WeMeetAgain","player_choice":"Gave Potion","floor":22.0,"gold_loss":0.0,"damage_taken":0.0,"relics_obtained":["Frozen Egg 2"]},{"damage_healed":0.0,"max_hp_gain":0.0,"max_hp_loss":0.0,"gold_gain":0.0,"event_name":"MindBloom","player_choice":"Fight","floor":36.0,"gold_loss":0.0,"damage_taken":0.0},{"damage_healed":0.0,"max_hp_gain":0.0,"max_hp_loss":5.0,"gold_gain":0.0,"event_name":"Winding Halls","player_choice":"Max HP","floor":47.0,"gold_loss":0.0,"damage_taken":0.0}],"is_beta":false,"boss_relics":[{"not_picked":["Coffee Dripper","Runic Dome"],"picked":"Tiny House"},{"not_picked":["FrozenCore","White Beast Statue"],"picked":"Orrery"}],"items_purged_floors":[20,46,54],"is_endless":false,"potions_floor_spawned":[1,7,13,14,24,25,28,30,36,38,42,45,48],"ascension_level":20}