{"gold_per_floor":[119,119,130,144,164,164,196,196,245,1,34,51,51,51,51,156,156,171,20,20,20,34,34,63,63,63,76,76,76,91,125,125,224,224,236,311,311,323,342,342,218,248,248,5,39,52,52,82,82,179,179,196,4,14,28,28,28,48,58,58,87,87,87,41,67,67,167,167,179,54,73,73,73,73,102,102,137,137,151,169,169,169,169,269,269,282,92,102,102,102,136,181,181,206,206,231,231,81,81,81,186,186,197,197,217,252,47,86,86,110,149,149,182,196,196,271,271,397,397,413,431,23,46,85,123,123,157,195,195,238,238,258,258,258,389,389,413,635,26,62,75,75,25,25,59,79,119,137,157,176,176,295,295,314,352,371,371,23,66,66,66,106,106,145,170,120,163,163,163],"floor_reached":169,"playtime":9885,"items_purged":["Normality","Decay","Strike_R","Clumsy","Pommel Strike+1","Rage","Clothesline","Regret","Limit Break+1"],"score":4702,"play_id":"d2943ecd-062e-408a-811a-b7151d876ea7","local_time":"20180922173348","daily_mods":["Elite Swarm"],"is_ascension_mode":false,"campfire_choices":[{"data":"Uppercut","floor":6.0,"key":"SMITH"},{"data":"True Grit","floor":8.0,"key":"SMITH"},{"data":"Offering","floor":13.0,"key":"SMITH"},{"floor":15.0,"key":"REST"},{"data":"Double Tap","floor":23.0,"key":"SMITH"},{"data":"Barricade","floor":25.0,"key":"SMITH"},{"data":"Power Through","floor":32.0,"key":"SMITH"},{"data":"Deep Breath","floor":40.0,"key":"SMITH"},{"floor":49.0,"key":"REST"},{"data":"Madness","floor":57.0,"key":"SMITH"},{"data":"Impervious","floor":63.0,"key":"SMITH"},{"data":"True Grit","floor":66.0,"key":"SMITH"},{"data":"Searing Blow+1","floor":74.0,"key":"SMITH"},{"data":"Searing Blow+2","floor":76.0,"key":"SMITH"},{"data":"Searing Blow+3","floor":78.0,"key":"SMITH"},{"data":"Searing Blow+4","floor":81.0,"key":"SMITH"},{"data":"Searing Blow+5","floor":83.0,"key":"SMITH"},{"data":"Searing Blow+6","floor":93.0,"key":"SMITH"},{"data":"Searing Blow+7","floor":95.0,"key":"SMITH"},{"data":"Enlightenment","floor":100.0,"key":"SMITH"},{"data":"Searing Blow+8","floor":109.0,"key":"SMITH"},{"data":"Searing Blow+9","floor":112.0,"key":"SMITH"},{"data":"Searing Blow+10","floor":117.0,"key":"SMITH"},{"data":"Searing Blow+12","floor":126,"key":"SMITH"},{"data":"Searing Blow+13","floor":131,"key":"SMITH"},{"data":"Searing Blow+14","floor":134,"key":"SMITH"},{"data":"Searing Blow+15","floor":142,"key":"SMITH"},{"data":"Searing Blow+16","floor":144,"key":"SMITH"},{"data":"Searing Blow+17","floor":151,"key":"SMITH"},{"data":"Searing Blow+18","floor":160,"key":"SMITH"},{"data":"Searing Blow+19","floor":163,"key":"SMITH"},{"data":"Searing Blow+20","floor":168,"key":"SMITH"}],"neow_cost":"","seed_source_timestamp":0,"circlet_count":0,"master_deck":["Iron Wave+1","True Grit+1","Uppercut+1","Double Tap+1","Offering+1","Armaments+1","Feed+1","Barricade+1","Iron Wave+1","Body Slam+1","Power Through+1","Demon Form+1","Entrench+1","Deep Breath+1","Shrug It Off+1","Madness","Madness+1","Battle Trance","Body Slam+1","Battle Trance","Evolve+1","Impervious+1","True Grit+1","Searing Blow+21","Deep Breath+1","Shrug It Off+1","Enlightenment+1","Impervious","White Noise","Adrenaline","Adrenaline","Body Slam+1","Shrug It Off","Spot Weakness","Backflip+1","Master of Strategy","Feel No Pain+1","Inflame+1"],"special_seed":0,"relics":["Black Blood","Calipers","Anchor","Molten Egg 2","Ancient Tea Set","Cursed Key","Lantern","Meat on the Bone","Frozen Egg 2","Bottled Tornado","Gambling Chip","Black Star","Mercury Hourglass","Gremlin Horn","Potion Belt","Torii","Pocketwatch","Darkstone Periapt","Shuriken","ClockworkSouvenir","Singing Bowl","FossilizedHelix","Odd Mushroom","Eternal Feather","Empty Cage","PrismaticShard","Bird Faced Urn","White Beast Statue","Golden Idol","Toy Ornithopter","Smiling Mask","Whetstone","TheAbacus","Red Mask","Pandora\u0027s Box","Mummified Hand","Tiny Chest","Lee\u0027s Waffle","Astrolabe","Blood Vial","Incense Burner","Blue Candle"],"potions_floor_usage":[125,125,125,130,130,132,140,140,148,148],"damage_taken":[{"damage":4.0,"enemies":"Small Slimes","floor":1.0,"turns":4.0},{"damage":1.0,"enemies":"Cultist","floor":3.0,"turns":4.0},{"damage":0.0,"enemies":"Jaw Worm","floor":4.0,"turns":3.0},{"damage":25.0,"enemies":"Gremlin Gang","floor":5.0,"turns":9.0},{"damage":21.0,"enemies":"Lagavulin","floor":7.0,"turns":5.0},{"damage":27.0,"enemies":"3 Sentries","floor":11.0,"turns":7.0},{"damage":6.0,"enemies":"Blue Slaver","floor":12.0,"turns":1.0},{"damage":23.0,"enemies":"The Guardian","floor":16.0,"turns":16.0},{"damage":6.0,"enemies":"Spheric Guardian","floor":18.0,"turns":1.0},{"damage":6.0,"enemies":"Shell Parasite","floor":22.0,"turns":4.0},{"damage":21.0,"enemies":"Gremlin Leader","floor":24.0,"turns":10.0},{"damage":29.0,"enemies":"Snecko","floor":27.0,"turns":9.0},{"damage":33.0,"enemies":"Shelled Parasite and Fungi","floor":30.0,"turns":7.0},{"damage":6.0,"enemies":"Book of Stabbing","floor":31.0,"turns":5.0},{"damage":55.0,"enemies":"Champ","floor":33.0,"turns":15.0},{"damage":26.0,"enemies":"Orb Walker","floor":35.0,"turns":6.0},{"damage":8.0,"enemies":"3 Shapes","floor":38.0,"turns":6.0},{"damage":26.0,"enemies":"Reptomancer","floor":39.0,"turns":6.0},{"damage":6.0,"enemies":"2 Orb Walkers","floor":42.0,"turns":6.0},{"damage":6.0,"enemies":"Giant Head","floor":45.0,"turns":6.0},{"damage":23.0,"enemies":"Transient","floor":46.0,"turns":5.0},{"damage":30.0,"enemies":"2 Orb Walkers","floor":48.0,"turns":6.0},{"damage":14.0,"enemies":"Awakened One","floor":50.0,"turns":10.0},{"damage":6.0,"enemies":"Cultist","floor":52.0,"turns":2.0},{"damage":0.0,"enemies":"Jaw Worm","floor":54.0,"turns":3.0},{"damage":0.0,"enemies":"2 Louse","floor":55.0,"turns":1.0},{"damage":15.0,"enemies":"Large Slime","floor":58.0,"turns":3.0},{"damage":0.0,"enemies":"3 Louse","floor":59.0,"turns":3.0},{"damage":1.0,"enemies":"Gremlin Nob","floor":61.0,"turns":3.0},{"damage":0.0,"enemies":"The Mushroom Lair","floor":65.0,"turns":4.0},{"damage":6.0,"enemies":"Slime Boss","floor":67.0,"turns":9.0},{"damage":0.0,"enemies":"Spheric Guardian","floor":69.0,"turns":5.0},{"damage":6.0,"enemies":"Shell Parasite","floor":71.0,"turns":2.0},{"damage":0.0,"enemies":"Gremlin Leader","floor":75.0,"turns":6.0},{"damage":28.0,"enemies":"Book of Stabbing","floor":77.0,"turns":5.0},{"damage":0.0,"enemies":"Sentry and Sphere","floor":79.0,"turns":3.0},{"damage":6.0,"enemies":"Snake Plant","floor":80.0,"turns":4.0},{"damage":0.0,"enemies":"Champ","floor":84.0,"turns":8.0},{"damage":0.0,"enemies":"3 Darklings","floor":86.0,"turns":4.0},{"damage":0.0,"enemies":"3 Shapes","floor":88.0,"turns":4.0},{"damage":6.0,"enemies":"Giant Head","floor":91.0,"turns":7.0},{"damage":0.0,"enemies":"Mysterious Sphere","floor":92.0,"turns":4.0},{"damage":0.0,"enemies":"Nemesis","floor":94.0,"turns":7.0},{"damage":46.0,"enemies":"2 Orb Walkers","floor":96.0,"turns":6.0},{"damage":72.0,"enemies":"Time Eater","floor":101.0,"turns":10.0},{"damage":0.0,"enemies":"Jaw Worm","floor":103.0,"turns":1.0},{"damage":0.0,"enemies":"Small Slimes","floor":105.0,"turns":1.0},{"damage":6.0,"enemies":"Lagavulin","floor":106.0,"turns":4.0},{"damage":0.0,"enemies":"Gremlin Nob","floor":108.0,"turns":3.0},{"damage":0.0,"enemies":"2 Louse","floor":110.0,"turns":1.0},{"damage":0.0,"enemies":"3 Sentries","floor":111.0,"turns":4.0},{"damage":0.0,"enemies":"Lagavulin","floor":113.0,"turns":4.0},{"damage":0.0,"enemies":"Large Slime","floor":114.0,"turns":4.0},{"damage":0.0,"enemies":"Slime Boss","floor":118.0,"turns":7.0},{"damage":0.0,"enemies":"Spheric Guardian","floor":120.0,"turns":3.0},{"damage":0.0,"enemies":"Chosen","floor":121.0,"turns":6.0},{"damage":0.0,"enemies":"Snecko","floor":123.0,"turns":6.0},{"damage":0.0,"enemies":"Masked Bandits","floor":124.0,"turns":3.0},{"damage":0,"enemies":"Slavers","floor":125,"turns":3},{"damage":0,"enemies":"Gremlin Leader","floor":127,"turns":4},{"damage":12,"enemies":"Slavers","floor":128,"turns":5},{"damage":0,"enemies":"Gremlin Leader","floor":130,"turns":4},{"damage":0,"enemies":"Chosen and Byrds","floor":132,"turns":5},{"damage":0,"enemies":"Automaton","floor":135,"turns":5},{"damage":0,"enemies":"3 Darklings","floor":137,"turns":5},{"damage":0,"enemies":"Giant Head","floor":140,"turns":3},{"damage":0,"enemies":"Orb Walker","floor":141,"turns":2},{"damage":0,"enemies":"Nemesis","floor":145,"turns":3},{"damage":0,"enemies":"4 Shapes","floor":146,"turns":3},{"damage":0,"enemies":"2 Orb Walkers","floor":147,"turns":2},{"damage":0,"enemies":"Transient","floor":148,"turns":5},{"damage":0,"enemies":"Reptomancer","floor":149,"turns":1},{"damage":6,"enemies":"3 Darklings","floor":150,"turns":5},{"damage":0,"enemies":"Time Eater","floor":152,"turns":6},{"damage":0,"enemies":"2 Louse","floor":154,"turns":2},{"damage":0,"enemies":"3 Sentries","floor":155,"turns":2},{"damage":0,"enemies":"Jaw Worm","floor":156,"turns":1},{"damage":0,"enemies":"Lagavulin","floor":159,"turns":3},{"damage":0,"enemies":"Gremlin Nob","floor":162,"turns":2},{"damage":0,"enemies":"3 Sentries","floor":164,"turns":2},{"damage":0,"enemies":"Small Slimes","floor":165,"turns":1},{"damage":0,"enemies":"Gremlin Nob","floor":167,"turns":1},{"damage":367,"enemies":"Hexaghost","floor":169,"turns":2}],"seed_played":"-2226795590205316671","potions_obtained":[{"floor":1.0,"key":"SkillPotion"},{"floor":7.0,"key":"Explosive Potion"},{"floor":11.0,"key":"Energy Potion"},{"floor":12.0,"key":"SteroidPotion"},{"floor":16.0,"key":"Fire Potion"},{"floor":31.0,"key":"Fruit Juice"},{"floor":33.0,"key":"GamblersBrew"},{"floor":39.0,"key":"Fire Potion"},{"floor":45.0,"key":"Weak Potion"},{"floor":50.0,"key":"Regen Potion"},{"floor":58.0,"key":"AttackPotion"},{"floor":65.0,"key":"FearPotion"},{"floor":69.0,"key":"Block Potion"},{"floor":75.0,"key":"Energy Potion"},{"floor":79.0,"key":"Swift Potion"},{"floor":88.0,"key":"AttackPotion"},{"floor":101.0,"key":"Strength Potion"},{"floor":103.0,"key":"Fire Potion"},{"floor":105.0,"key":"BloodPotion"},{"floor":108.0,"key":"Dexterity Potion"},{"floor":110.0,"key":"Energy Potion"},{"floor":124,"key":"FearPotion"},{"floor":125,"key":"SkillPotion"},{"floor":127,"key":"Strength Potion"},{"floor":128,"key":"Poison Potion"},{"floor":130,"key":"LiquidBronze"},{"floor":132,"key":"BloodPotion"},{"floor":135,"key":"Strength Potion"},{"floor":140,"key":"Energy Potion"},{"floor":141,"key":"FearPotion"},{"floor":145,"key":"SkillPotion"},{"floor":147,"key":"Fire Potion"},{"floor":148,"key":"Weak Potion"},{"floor":149,"key":"SkillPotion"},{"floor":152,"key":"GamblersBrew"},{"floor":156,"key":"PowerPotion"}],"is_trial":true,"path_per_floor":["M","?","M","M","M","R","E","R","T","$","E","M","R","$","R","B",null,"M","$","?","?","M","R","E","R","T","M","?","T","M","E","R","B",null,"M","?","?","M","M","R","$","E","T","$","E","M","?","E","R","B",null,"M","$","M","M","?","R","M","M","T","E","?","R","$","?","R","B",null,"M","$","M","$","?","R","E","R","E","R","M","M","R","?","R","B",null,"M","$","M","?","$","E","?","R","E","R","E","?","$","?","R","B",null,"M","?","M","E","$","E","R","M","E","R","E","M","?","?","R","B",null,"M","M","$","M","?","E","R","E","E","?","E","R","M","?","R","B",null,"M","?","$","E","M","R","$","R","E","M","E","M","M","M","R","B",null,"M","E","M","?","$","E","R","?","E","R","E","M","$","E","R"],"character_chosen":"IRONCLAD","items_purchased":["Molten Egg 2","Lantern","Swift Potion","Potion Belt","ClockworkSouvenir","True Grit","PrismaticShard","Toy Ornithopter","Whetstone","TheAbacus","Mummified Hand","Tiny Chest","Lee\u0027s Waffle","Incense Burner"],"campfire_rested":2,"item_purchase_floors":[10,19,41,44,53,64,87,107,122,122,139,139,139,158],"current_hp_per_floor":[80,80,80,80,61,61,46,46,46,46,25,25,25,25,49,32,80,84,84,84,84,88,88,77,77,77,58,58,58,47,64,64,31,109,89,79,74,76,68,68,68,68,68,68,72,67,52,44,80,72,121,121,121,125,133,108,108,103,113,119,128,128,128,128,142,142,149,149,155,155,157,157,157,157,163,163,151,169,171,175,175,136,157,173,186,188,188,198,198,198,202,208,208,214,214,184,184,184,184,205,151,222,224,168,180,192,192,210,231,240,244,244,246,256,244,219,240,262,262,264,270,270,270,274,280,280,282,282,216,270,289,291,291,291,291,291,291,291,298,298,304,304,304,304,306,308,310,312,314,316,316,318,318,318,318,318,318,318,318,318,311,318,318,318,318,318,318,318,0],"gold":163,"neow_bonus":"","is_prod":false,"is_daily":false,"chose_seed":false,"campfire_upgraded":30,"win_rate":0,"timestamp":1537652028,"path_taken":["M","?","M","M","M","R","E","R","T","$","E","M","R","?","R","BOSS","M","$","?","?","M","R","E","R","T","M","?","?","M","E","R","BOSS","M","?","?","M","?","R","$","E","T","$","E","M","?","E","R","BOSS","M","$","M","M","?","R","M","M","T","E","?","R","?","?","R","BOSS","M","$","M","$","?","R","E","R","E","R","M","M","R","?","R","BOSS","M","$","M","?","$","E","?","R","E","R","E","?","$","?","R","BOSS","M","?","M","?","$","E","R","M","E","R","E","?","?","?","R","BOSS","M","M","$","M","?","E","R","E","E","?","E","R","?","?","R","BOSS","M","?","$","?","M","R","$","R","E","M","E","?","M","M","R","BOSS","M","?","M","?","$","E","R","?","E","R","E","M","$","E","R","BOSS"],"build_version":"2018-09-20","purchased_purges":9,"victory":false,"max_hp_per_floor":[80,80,80,80,80,80,80,80,80,80,80,80,80,80,80,80,80,84,84,84,84,88,88,92,92,92,96,96,96,100,105,105,109,109,109,109,109,113,113,113,113,113,113,113,117,117,117,121,121,121,121,121,121,125,133,133,133,133,133,139,139,139,139,139,143,143,149,149,155,155,157,157,157,157,163,163,169,169,171,175,175,180,180,186,186,188,188,198,198,198,202,208,208,214,214,220,220,220,220,220,222,222,224,224,226,228,228,234,234,240,244,244,246,256,256,256,256,262,262,264,270,270,270,274,280,280,282,282,287,289,289,291,291,291,291,291,291,291,298,298,304,304,304,304,306,308,310,312,314,316,316,318,318,318,318,318,318,318,318,318,318,318,318,318,318,318,318,318,318],"card_choices":[{"not_picked":["Pummel","Havoc"],"picked":"Iron Wave","floor":1.0},{"not_picked":["Armaments","Perfected Strike"],"picked":"True Grit","floor":3.0},{"not_picked":["Body Slam","Second Wind"],"picked":"Clothesline","floor":4.0},{"not_picked":["Perfected Strike","Havoc"],"picked":"Uppercut","floor":5.0},{"not_picked":["Limit Break","Juggernaut"],"picked":"Double Tap","floor":7.0},{"not_picked":["Limit Break","Double Tap"],"picked":"Offering","floor":11.0},{"not_picked":["Clothesline+1","Pommel Strike+1"],"picked":"Armaments","floor":12.0},{"not_picked":["Reaper+1","Limit Break"],"picked":"Feed+1","floor":16.0},{"not_picked":["Warcry+1","Anger+1"],"picked":"Pommel Strike+1","floor":18.0},{"not_picked":["Pommel Strike+1","Hemokinesis+1","Rage+1"],"picked":"SKIP","floor":22.0},{"not_picked":["Fiend Fire+1","Brutality"],"picked":"Barricade","floor":24.0},{"not_picked":["Sentinel","Sword Boomerang+1"],"picked":"Iron Wave+1","floor":27.0},{"not_picked":["Havoc","Clothesline+1"],"picked":"Power Through","floor":30.0},{"not_picked":["Bludgeon+1","Exhume","Offering"],"picked":"SKIP","floor":31.0},{"not_picked":["Immolate+1","Offering"],"picked":"Demon Form+1","floor":33.0},{"not_picked":["Wild Strike+1","Pommel Strike+1"],"picked":"Entrench+1","floor":35.0},{"not_picked":["Jack Of All Trades","Trip"],"picked":"Deep Breath","floor":37.0},{"not_picked":["Cleave+1","Pommel Strike+1","Reckless Charge+1"],"picked":"SKIP","floor":38.0},{"not_picked":["Heavy Blade+1","Twin Strike+1"],"picked":"Shrug It Off+1","floor":39.0},{"not_picked":["Brutality+1","Fiend Fire+1"],"picked":"Limit Break","floor":42.0},{"not_picked":["Limit Break","Fiend Fire+1"],"picked":"Feed+1","floor":45.0},{"not_picked":["Clash+1","Dual Wield","Infernal Blade"],"picked":"SKIP","floor":46.0},{"not_picked":["Limit Break","Bludgeon+1","Juggernaut+1"],"picked":"SKIP","floor":48.0},{"not_picked":["Perfected Strike+1","Clash+1"],"picked":"Battle Trance","floor":52.0},{"not_picked":["Rampage+1","Shockwave","Thunderclap+1"],"picked":"SKIP","floor":54.0},{"not_picked":["Pommel Strike+1","Limit Break"],"picked":"Body Slam+1","floor":55.0},{"not_picked":["Clash+1","Twin Strike+1"],"picked":"Battle Trance","floor":58.0},{"not_picked":["Disarm","Feel No Pain+1"],"picked":"Evolve+1","floor":59.0},{"not_picked":["Juggernaut+1","Demon Form+1"],"picked":"Impervious","floor":61.0},{"not_picked":["Perfected Strike+1","Hemokinesis+1"],"picked":"Searing Blow+1","floor":65.0},{"not_picked":["Exhume","Demon Form+1","Berserk+1"],"picked":"Singing Bowl","floor":67.0},{"not_picked":["Heavy Blade+1","Sword Boomerang+1","Warcry+1"],"picked":"Singing Bowl","floor":69.0},{"not_picked":["Armaments","Body Slam+1","Warcry+1"],"picked":"Singing Bowl","floor":71.0},{"not_picked":["Brutality+1","Fiend Fire+1","Bludgeon+1"],"picked":"Singing Bowl","floor":75.0},{"not_picked":["Fiend Fire+1","Berserk+1","Offering"],"picked":"Singing Bowl","floor":77.0},{"not_picked":["Sword Boomerang+1","Body Slam+1","Reckless Charge+1"],"picked":"Singing Bowl","floor":79.0},{"not_picked":["Warcry","Havoc"],"picked":"Shrug It Off+1","floor":80.0},{"not_picked":["Reaper+1","Offering","Feed+1"],"picked":"Singing Bowl","floor":84.0},{"not_picked":["Burning Pact+1","Flex","Intimidate+1"],"picked":"Singing Bowl","floor":86.0},{"not_picked":["Static Discharge+1","Armaments+1","Dark Shackles+1"],"picked":"Singing Bowl","floor":88.0},{"not_picked":["Fission","Secret Technique"],"picked":"Feed+1","floor":91.0},{"not_picked":["Cold Snap+1","Panacea","Corruption+1"],"picked":"Singing Bowl","floor":92.0},{"not_picked":["Sadistic Nature+1","Reaper+1","Grand Finale+1"],"picked":"Singing Bowl","floor":94.0},{"not_picked":["Secret Technique","Rainbow","Thinking Ahead"],"picked":"Singing Bowl","floor":96.0},{"not_picked":["Good Instincts","Panacea"],"picked":"Enlightenment","floor":99.0},{"not_picked":["Reaper+1","Limit Break","Tools of the Trade+1"],"picked":"Singing Bowl","floor":101.0},{"not_picked":["Panacea","Sucker Punch+1","Static Discharge+1"],"picked":"Singing Bowl","floor":103.0},{"not_picked":["Sever Soul+1","Clash+1","Anger+1"],"picked":"Singing Bowl","floor":105.0},{"not_picked":["Biased Cognition+1","Unload+1","Apotheosis"],"picked":"Singing Bowl","floor":106.0},{"not_picked":["All For One+1","Reaper+1","Immolate+1"],"picked":"Singing Bowl","floor":108.0},{"not_picked":["Pummel+1","Skim","Wild Strike+1"],"picked":"Singing Bowl","floor":110.0},{"not_picked":["Limit Break","Dark Embrace+1"],"picked":"Impervious","floor":111.0},{"not_picked":["Storm of Steel","Envenom+1","Reaper+1"],"picked":"Singing Bowl","floor":113.0},{"not_picked":["Static Discharge+1","Slice+1","PiercingWail"],"picked":"Singing Bowl","floor":114.0},{"not_picked":["Amplify","Mayhem+1","Demon Form+1"],"picked":"Singing Bowl","floor":118.0},{"not_picked":["Dash+1","Purity","Good Instincts"],"picked":"Singing Bowl","floor":120.0},{"not_picked":["Chill","Armaments","Ball Lightning+1"],"picked":"Singing Bowl","floor":121.0},{"not_picked":["PiercingWail","Pummel+1"],"picked":"White Noise","floor":123.0},{"not_picked":["Reaper+1","Mayhem+1","Panache+1"],"picked":"Singing Bowl","floor":125},{"not_picked":["Amplify","Corpse Explosion","Phantasmal Killer"],"picked":"Singing Bowl","floor":127},{"not_picked":["Thinking Ahead","Malaise"],"picked":"Adrenaline","floor":128},{"not_picked":["Feed+1","Amplify","Unload+1"],"picked":"Singing Bowl","floor":130},{"not_picked":["Defragment+1","Metallicize+1","Crippling Poison+1"],"picked":"Singing Bowl","floor":132},{"not_picked":["Hyperbeam+1","Offering"],"picked":"Adrenaline","floor":135},{"not_picked":["Warcry","Wild Strike+1"],"picked":"Backflip+1","floor":137},{"not_picked":["Violence","Envenom+1"],"picked":"Master of Strategy","floor":140},{"not_picked":["Headbutt+1","Cleave+1","Underhanded Strike+1"],"picked":"Singing Bowl","floor":141},{"not_picked":["Meteor Strike+1","The Bomb","Sadistic Nature+1"],"picked":"Singing Bowl","floor":145},{"not_picked":["Footwork+1","Distraction","Force Field"],"picked":"Singing Bowl","floor":146},{"not_picked":["Adrenaline","Burst","Reboot"],"picked":"Singing Bowl","floor":147},{"not_picked":["Warcry+1","Warcry+1","Seeing Red+1"],"picked":"Singing Bowl","floor":148},{"not_picked":["Stack","Dodge and Roll+1","Headbutt+1"],"picked":"Singing Bowl","floor":149},{"not_picked":["Prepared+1","Heavy Blade+1","Phantasmal Killer"],"picked":"Singing Bowl","floor":150},{"not_picked":["Transmutation","Rainbow","Adrenaline"],"picked":"Singing Bowl","floor":152},{"not_picked":["Wild Strike+1","Perfected Strike+1","Prepared"],"picked":"Singing Bowl","floor":154},{"not_picked":["Chrysalis","Electrodynamics+1","Apotheosis"],"picked":"Singing Bowl","floor":155},{"not_picked":["Twin Strike+1","Panacea","Redo"],"picked":"Singing Bowl","floor":156},{"not_picked":["Hyperbeam+1","Berserk+1","Buffer+1"],"picked":"Singing Bowl","floor":159},{"not_picked":["Rainbow","Die Die Die+1","Secret Technique"],"picked":"Singing Bowl","floor":162},{"not_picked":["Metamorphosis","Seek","All For One+1"],"picked":"Singing Bowl","floor":164},{"not_picked":["Rupture+1","Darkness","Glacier"],"picked":"Singing Bowl","floor":165},{"not_picked":["Sadistic Nature+1","Night Terror","Corpse Explosion"],"picked":"Singing Bowl","floor":167}],"player_experience":514229,"relics_obtained":[{"floor":7.0,"key":"Calipers"},{"floor":9.0,"key":"Anchor"},{"floor":11.0,"key":"Ancient Tea Set"},{"floor":24.0,"key":"Meat on the Bone"},{"floor":26.0,"key":"Frozen Egg 2"},{"floor":29.0,"key":"Bottled Tornado"},{"floor":31.0,"key":"Gambling Chip"},{"floor":42.0,"key":"Mercury Hourglass"},{"floor":42.0,"key":"Gremlin Horn"},{"floor":45.0,"key":"Torii"},{"floor":45.0,"key":"Pocketwatch"},{"floor":48.0,"key":"Darkstone Periapt"},{"floor":48.0,"key":"Shuriken"},{"floor":60.0,"key":"FossilizedHelix"},{"floor":65.0,"key":"Odd Mushroom"},{"floor":92.0,"key":"Bird Faced Urn"},{"floor":124,"key":"Red Mask"}],"event_choices":[{"event_name":"Bonfire Elementals","player_choice":"BASIC","floor":2.0,"damage_taken":0.0},{"event_name":"Upgrade Shrine","player_choice":"Upgraded","floor":20.0,"damage_taken":0.0},{"event_name":"Vampires","player_choice":"Ignored","floor":21.0,"damage_taken":0.0},{"event_name":"The Library","player_choice":"Read","floor":28.0,"damage_taken":0.0},{"event_name":"FaceTrader","player_choice":"Touch","floor":36.0,"damage_taken":0.0},{"event_name":"SensoryStone","player_choice":"Memory 2","floor":37.0,"damage_taken":0.0},{"event_name":"Winding Halls","player_choice":"Embrace Madness","floor":47.0,"damage_taken":0.0},{"event_name":"Scrap Ooze","player_choice":"success","floor":56.0,"damage_taken":25.0},{"event_name":"Living Wall","player_choice":"Forget","floor":62.0,"damage_taken":0.0},{"event_name":"Mushrooms","player_choice":"Fought Mushrooms","floor":65.0,"damage_taken":0.0},{"event_name":"Duplicator","player_choice":"One dupe","floor":73.0,"damage_taken":0.0},{"event_name":"Forgotten Altar","player_choice":"Shed Blood","floor":82.0,"damage_taken":0.0},{"event_name":"Transmorgrifier","player_choice":"Transform","floor":89.0,"damage_taken":0.0},{"event_name":"Mysterious Sphere","player_choice":"Fight","floor":92.0,"damage_taken":0.0},{"event_name":"Tomb of Lord Red Mask","player_choice":"Ignored","floor":97.0,"damage_taken":0.0},{"event_name":"SensoryStone","player_choice":"Memory 1","floor":99.0,"damage_taken":0.0},{"event_name":"Golden Idol","player_choice":"Take Damage","floor":104.0,"damage_taken":0.0},{"event_name":"Scrap Ooze","player_choice":"success","floor":115.0,"damage_taken":12.0},{"event_name":"FaceTrader","player_choice":"Touch","floor":116.0,"damage_taken":0.0},{"event_name":"Masked Bandits","player_choice":"Fought Bandits","floor":124.0,"damage_taken":0.0},{"event_name":"Forgotten Altar","player_choice":"Shed Blood","floor":129,"damage_taken":0},{"event_name":"Purifier","player_choice":"One Purge","floor":133,"damage_taken":0},{"event_name":"Tomb of Lord Red Mask","player_choice":"Wore Mask","floor":138,"damage_taken":0},{"event_name":"Big Fish","player_choice":"Box","floor":157,"damage_taken":0},{"event_name":"Scrap Ooze","player_choice":"success","floor":161,"damage_taken":7}],"is_beta":false,"boss_relics":[{"not_picked":["Coffee Dripper","Empty Cage"],"picked":"Cursed Key"},{"not_picked":["Astrolabe","Pandora\u0027s Box"],"picked":"Black Star"},{"not_picked":["Snecko Eye","Mark of Pain"],"picked":"Black Blood"},{"not_picked":["Astrolabe","Orrery"],"picked":"Eternal Feather"},{"not_picked":["Sozu","Velvet Choker"],"picked":"Empty Cage"},{"not_picked":["Runic Cube","Pandora\u0027s Box"],"picked":"White Beast Statue"},{"not_picked":["Coffee Dripper","Snecko Eye","Ectoplasm"]},{"not_picked":["Runic Dome","Orrery"],"picked":"Pandora\u0027s Box"},{"not_picked":["Calling Bell","Runic Cube"],"picked":"Astrolabe"}],"items_purged_floors":[41,44,70,98,122,139,143,158,166],"is_endless":true,"potions_floor_spawned":[1,7,11,12,16,30,31,33,35,39,45,50,58,65,69,75,79,80,88,101,103,105,106,108,110,111,113,114,118,120,121,123,124,125,127,128,130,132,135,137,140,141,145,146,147,148,149,150,152,154,155,156,159,162,164,165,167],"killed_by":"Hexaghost","ascension_level":0}