{"gold_per_floor":[362,512,587,602,136,167,167,177,177,177,197,228,228,259,259,333,333,350,66,66,66,81,81,81,81],"floor_reached":25,"playtime":1178,"items_purged":["Doubt","Strike_B"],"score":478,"play_id":"08b3fce7-407d-4851-a602-eaa5e61801ed","local_time":"20190511233202","is_ascension_mode":true,"campfire_choices":[{"floor":7,"key":"REST"},{"floor":13,"key":"REST"},{"data":"Hologram","floor":15,"key":"SMITH"},{"floor":24,"key":"REST"}],"neow_cost":"TEN_PERCENT_HP_LOSS","seed_source_timestamp":684534177379454,"circlet_count":0,"master_deck":["AscendersBane","Strike_B","Strike_B","Strike_B","Defend_B+1","Defend_B","Defend_B","Defend_B","Zap","Dualcast+1","Lockon","Melter","Static Discharge","Gash","Conserve Battery","Compile Driver","FTL","Auto Shields","Hologram+1","Creative AI","Reinforced Body+1","Defragment","Darkness"],"special_seed":0,"relics":["Cracked Core","Membership Card","Vajra","War Paint","Prayer Wheel","Mummified Hand","Orichalcum","Juzu Bracelet","Cursed Key","Thread and Needle"],"potions_floor_usage":[10,12,16,23,23,23,25],"damage_taken":[{"damage":9.0,"enemies":"Jaw Worm","floor":1.0,"turns":5.0},{"damage":1.0,"enemies":"Small Slimes","floor":4.0,"turns":3.0},{"damage":24,"enemies":"3 Sentries","floor":6,"turns":7},{"damage":0,"enemies":"Cultist","floor":8,"turns":2},{"damage":0,"enemies":"Lots of Slimes","floor":10,"turns":1},{"damage":12,"enemies":"Large Slime","floor":11,"turns":5},{"damage":10,"enemies":"Lagavulin","floor":12,"turns":6},{"damage":8,"enemies":"3 Sentries","floor":14,"turns":7},{"damage":9,"enemies":"The Guardian","floor":16,"turns":10},{"damage":9,"enemies":"3 Byrds","floor":18,"turns":5},{"damage":0,"enemies":"Spheric Guardian","floor":22,"turns":1},{"damage":0,"enemies":"Book of Stabbing","floor":23,"turns":2},{"damage":54,"enemies":"Slavers","floor":25,"turns":4}],"seed_played":"-1187231683881622537","potions_obtained":[{"floor":1.0,"key":"FearPotion"},{"floor":4.0,"key":"SmokeBomb"},{"floor":14,"key":"Weak Potion"},{"floor":22,"key":"EntropicBrew"}],"is_trial":false,"path_per_floor":["M","?","?","M","$","E","R","M","T","M","M","E","R","E","R","B",null,"M","$","?","T","M","E","R","E"],"character_chosen":"DEFECT","items_purchased":["Membership Card","Vajra","War Paint","Static Discharge","Defragment","Thread and Needle","Block Potion"],"campfire_rested":3,"item_purchase_floors":[5,5,5,5,19,19,19],"current_hp_per_floor":[55,55,44,43,43,19,38,38,38,38,26,16,35,27,27,18,53,44,44,27,27,27,27,47,0],"gold":81,"neow_bonus":"TWO_FIFTY_GOLD","is_prod":false,"is_daily":false,"chose_seed":false,"campfire_upgraded":1,"win_rate":0,"timestamp":1557631922,"path_taken":["M","?","?","M","$","E","R","M","T","M","M","E","R","E","R","BOSS","M","$","?","?","M","E","R","E"],"build_version":"2019-01-23","purchased_purges":2,"victory":false,"max_hp_per_floor":[64,64,64,64,64,64,64,64,64,64,64,64,64,64,64,64,64,64,64,69,69,69,69,69,69],"card_choices":[{"not_picked":["Loop","Steam Power"],"picked":"Lockon","floor":1.0},{"not_picked":["Skim","Recycle"],"picked":"Melter","floor":4.0},{"not_picked":["Redo","BootSequence"],"picked":"Gash","floor":6},{"not_picked":["Streamline","Leap"],"picked":"Conserve Battery","floor":8},{"not_picked":["Heatsinks","Beam Cell"],"picked":"Compile Driver","floor":8},{"not_picked":["Reboot","Force Field"],"picked":"FTL","floor":11},{"not_picked":["Sweeping Beam","Stack"],"picked":"Auto Shields","floor":11},{"not_picked":["Barrage","Steam"],"picked":"Hologram","floor":12},{"not_picked":["Auto Shields","Barrage","Redo"],"picked":"SKIP","floor":14},{"not_picked":["Amplify","All For One"],"picked":"Creative AI","floor":16},{"not_picked":["Rebound","Turbo"],"picked":"Reinforced Body+1","floor":18},{"not_picked":["Scrape","Hologram","Rip and Tear"],"picked":"SKIP","floor":18},{"not_picked":["Go for the Eyes","Sweeping Beam"],"picked":"Darkness","floor":22},{"not_picked":["Go for the Eyes","Compile Driver","Streamline"],"picked":"SKIP","floor":22}],"player_experience":1294371,"relics_obtained":[{"floor":6,"key":"Prayer Wheel"},{"floor":9,"key":"Mummified Hand"},{"floor":12,"key":"Orichalcum"},{"floor":14,"key":"Juzu Bracelet"}],"event_choices":[{"damage_healed":0.0,"max_hp_gain":0.0,"max_hp_loss":0.0,"gold_gain":150.0,"event_name":"Liars Game","player_choice":"AGREE","floor":2.0,"gold_loss":0.0,"damage_taken":0.0,"cards_obtained":["Doubt"]},{"damage_healed":0.0,"max_hp_gain":0.0,"max_hp_loss":0.0,"gold_gain":75.0,"event_name":"World of Goop","player_choice":"Gather Gold","floor":3.0,"gold_loss":0.0,"damage_taken":11.0},{"damage_healed":0,"gold_gain":0,"player_choice":"Shed Blood","damage_taken":22,"max_hp_gain":5,"max_hp_loss":0,"event_name":"Forgotten Altar","floor":20,"gold_loss":0}],"is_beta":false,"boss_relics":[{"not_picked":["Fusion Hammer","White Beast Statue"],"picked":"Cursed Key"}],"items_purged_floors":[5,19],"is_endless":false,"potions_floor_spawned":[1,4,14,22],"killed_by":"Slavers","ascension_level":20}