{"gold_per_floor":[111,130,149,149,160,160,183,183,183,183,212,225,242,270,270,366,366,380,479,496,138,152,152,164,193,193,193,204,204,223,234,234,339,339,359,371,371,371,390,420,420,448,494,511,536,552,599,619,619,619],"floor_reached":51,"playtime":8315,"items_purged":["Strike_B"],"score":1047,"play_id":"2c73a41a-f8d0-4eae-a9c6-290bdfdc18f9","local_time":"20180817155104","is_ascension_mode":true,"campfire_choices":[{"data":"Defragment","floor":6,"key":"SMITH"},{"floor":8,"key":"REST"},{"data":"Coolheaded","floor":10,"key":"SMITH"},{"data":"Defragment","floor":15,"key":"SMITH"},{"floor":23,"key":"REST"},{"floor":27,"key":"REST"},{"data":"Buffer","floor":29,"key":"SMITH"},{"data":"Chaos","floor":32,"key":"SMITH"},{"data":"Defragment","floor":41,"key":"SMITH"},{"data":"Capacitor","floor":49,"key":"SMITH"}],"neow_cost":"NONE","seed_source_timestamp":123810473581415,"circlet_count":0,"master_deck":["Strike_B","Strike_B","Defend_B","Defend_B","Defend_B","Defend_B","Zap","Dualcast","Force Field","Conserve Battery","Cold Snap","Defragment+1","Coolheaded+1","Capacitor","Hologram","Ball Lightning","Defragment+1","Buffer","Leap","Doom and Gloom+1","Melter","Chaos+1","Auto Shields","Defragment+1","Glacier","Capacitor+1","Redo","Buffer+1","Force Field","Blizzard+1","Barrage+1","Skim+1","Glacier+1","All For One","Storm+1","Doom and Gloom","Self Repair","BootSequence","Storm","Capacitor+1","Fusion+1","Doom and Gloom","All For One","Reinforced Body","Cold Snap","Undo+1"],"relics":["Snecko Eye","Odd Mushroom","Pantograph","Bottled Flame","Torii","Orrery","Toolbox","Oddly Smooth Stone","Mummified Hand","Nuclear Battery","Bird Faced Urn","Vajra","Whetstone","Ancient Tea Set","Happy Flower","Sundial"],"potions_floor_usage":[],"damage_taken":[{"damage":6,"enemies":"Jaw Worm","floor":1,"turns":4},{"damage":0,"enemies":"Small Slimes","floor":2,"turns":5},{"damage":0,"enemies":"2 Louse","floor":3,"turns":3},{"damage":0,"enemies":"Blue Slaver","floor":5,"turns":4},{"damage":10,"floor":7,"turns":7},{"damage":3,"enemies":"Lagavulin","floor":11,"turns":8},{"damage":5,"enemies":"Large Slime","floor":12,"turns":7},{"damage":5,"enemies":"Looter","floor":13,"turns":5},{"damage":12,"enemies":"Gremlin Nob","floor":14,"turns":6},{"damage":0,"enemies":"Slime Boss","floor":16,"turns":9},{"damage":15,"enemies":"3 Byrds","floor":18,"turns":5},{"damage":0,"enemies":"Spheric Guardian","floor":20,"turns":2},{"damage":9,"enemies":"Centurion and Healer","floor":22,"turns":10},{"damage":0,"enemies":"Sentry and Sphere","floor":24,"turns":3},{"damage":29,"enemies":"Slavers","floor":25,"turns":11},{"damage":6,"enemies":"Shelled Parasite and Fungi","floor":28,"turns":4},{"damage":2,"enemies":"Centurion and Healer","floor":30,"turns":8},{"damage":0,"enemies":"Snake Plant","floor":31,"turns":5},{"damage":0,"enemies":"Collector","floor":33,"turns":10},{"damage":12,"enemies":"3 Shapes","floor":35,"turns":4},{"damage":0,"enemies":"3 Darklings","floor":36,"turns":4},{"damage":0,"floor":37,"turns":5},{"damage":0,"enemies":"Spire Growth","floor":39,"turns":4},{"damage":0,"enemies":"Giant Head","floor":40,"turns":6},{"damage":13,"enemies":"2 Orb Walkers","floor":42,"turns":4},{"damage":0,"enemies":"Flame Bruiser 2 Orb","floor":44,"turns":4},{"damage":1,"enemies":"Nemesis","floor":45,"turns":7},{"damage":0,"enemies":"Maw","floor":46,"turns":4},{"damage":0,"floor":47,"turns":3},{"damage":0,"enemies":"Transient","floor":48,"turns":5},{"damage":0,"enemies":"Time Eater","floor":50,"turns":9}],"seed_played":"127800965790408072","potions_obtained":[{"floor":1,"key":"FearPotion"},{"floor":7,"key":"FearPotion"},{"floor":11,"key":"SteroidPotion"},{"floor":12,"key":"FocusPotion"},{"floor":30,"key":"EssenceOfSteel"},{"floor":31,"key":"Explosive Potion"},{"floor":37,"key":"Block Potion"},{"floor":45,"key":"PowerPotion"},{"floor":48,"key":"SneckoOil"}],"is_trial":false,"path_per_floor":["M","M","M","?","M","R","?","R","T","R","E","M","M","E","R","B",null,"M","?","M","$","M","R","M","E","T","R","M","R","M","M","R","B",null,"M","M","?","?","M","E","R","E","T","M","E","M","?","M","R","B"],"character_chosen":"DEFECT","items_purchased":["Capacitor","Redo","Toolbox"],"campfire_rested":3,"item_purchase_floors":[21,21,21],"current_hp_per_floor":[69,69,69,62,62,62,52,74,74,74,71,66,61,49,49,74,75,60,60,60,60,51,73,73,44,44,66,60,60,62,62,62,75,75,63,63,75,75,75,75,75,75,75,75,75,75,75,75,75,75],"gold":619,"neow_bonus":"BOSS_RELIC","is_prod":false,"is_daily":false,"chose_seed":false,"campfire_upgraded":7,"win_rate":1,"timestamp":1534535464,"path_taken":["M","M","M","?","M","R","?","R","T","R","E","M","M","E","R","BOSS","M","?","M","$","M","R","M","E","T","R","M","R","?","M","R","BOSS","M","M","?","?","M","E","R","E","T","M","E","M","?","M","R","BOSS"],"build_version":"2018-08-16","purchased_purges":1,"victory":true,"max_hp_per_floor":[75,75,75,75,75,75,75,75,75,75,75,75,75,75,75,75,75,75,75,75,75,75,75,75,75,75,75,75,75,75,75,75,75,75,75,75,75,75,75,75,75,75,75,75,75,75,75,75,75,75],"card_choices":[{"not_picked":["Coolheaded","Beam Cell"],"picked":"Force Field","floor":1},{"not_picked":["Reprogram","Rebound"],"picked":"Conserve Battery","floor":2},{"not_picked":["Compile Driver","Blizzard"],"picked":"Cold Snap","floor":3},{"not_picked":["Barrage","Go for the Eyes"],"picked":"Defragment","floor":5},{"not_picked":["Steam","Go for the Eyes"],"picked":"Coolheaded","floor":7},{"not_picked":["Seek","Reprogram"],"picked":"Capacitor","floor":11},{"not_picked":["Streamline","Barrage"],"picked":"Hologram","floor":12},{"not_picked":["Go for the Eyes","Loop"],"picked":"Ball Lightning","floor":13},{"not_picked":["Go for the Eyes","Self Repair"],"picked":"Defragment","floor":14},{"not_picked":["Amplify","Seek"],"picked":"Buffer","floor":16},{"not_picked":["Beam Cell","Sweeping Beam"],"picked":"Leap","floor":17},{"not_picked":["Scrape","Static Discharge"],"picked":"Doom and Gloom","floor":17},{"not_picked":["Hello World","Sweeping Beam"],"picked":"Melter","floor":17},{"not_picked":["Hologram","Scrape"],"picked":"Chaos","floor":17},{"not_picked":["Go for the Eyes","Aggregate"],"picked":"Auto Shields","floor":17},{"not_picked":["Aggregate","Rebound"],"picked":"Defragment","floor":18},{"not_picked":["Cold Snap","Fusion"],"picked":"Glacier","floor":20},{"not_picked":["Redo+1","Rebound"],"picked":"Buffer","floor":22},{"not_picked":["Loop","Rip and Tear+1"],"picked":"Force Field","floor":24},{"not_picked":["Buffer","Leap"],"picked":"Blizzard+1","floor":25},{"not_picked":["Scrape","Redo"],"picked":"Barrage","floor":28},{"not_picked":["Gash","Reprogram+1"],"picked":"Skim+1","floor":30},{"not_picked":["Beam Cell","Conserve Battery"],"picked":"Glacier+1","floor":31},{"not_picked":["Reboot","Biased Cognition"],"picked":"All For One","floor":33},{"not_picked":["Compile Driver+1","Go for the Eyes+1"],"picked":"Storm+1","floor":35},{"not_picked":["Go for the Eyes+1","Sweeping Beam+1"],"picked":"Doom and Gloom","floor":36},{"not_picked":["Beam Cell+1","Chaos"],"picked":"Self Repair","floor":37},{"not_picked":["Beam Cell","Scrape"],"picked":"Storm","floor":39},{"not_picked":["Redo+1","Scrape+1"],"picked":"Capacitor+1","floor":40},{"not_picked":["Reprogram","BootSequence+1"],"picked":"Fusion+1","floor":42},{"not_picked":["Go for the Eyes+1","Reprogram+1"],"picked":"Doom and Gloom","floor":44},{"not_picked":["Leap+1","Genetic Algorithm"],"picked":"All For One","floor":45},{"not_picked":["Streamline","Redo+1"],"picked":"Reinforced Body","floor":46},{"not_picked":["Scrape+1","Static Discharge+1"],"picked":"Cold Snap","floor":47},{"not_picked":["Compile Driver","Reprogram"],"picked":"Undo+1","floor":48}],"player_experience":28298,"relics_obtained":[{"floor":7,"key":"Odd Mushroom"},{"floor":9,"key":"Pantograph"},{"floor":11,"key":"Bottled Flame"},{"floor":14,"key":"Torii"},{"floor":25,"key":"Oddly Smooth Stone"},{"floor":26,"key":"Mummified Hand"},{"floor":37,"key":"Bird Faced Urn"},{"floor":40,"key":"Vajra"},{"floor":42,"key":"Whetstone"},{"floor":43,"key":"Ancient Tea Set"},{"floor":45,"key":"Happy Flower"},{"floor":47,"key":"Sundial"}],"event_choices":[{"event_name":"Golden Wing","player_choice":"Card Removal","floor":4,"damage_taken":0},{"event_name":"Mushrooms","player_choice":"Fought Mushrooms","floor":7,"damage_taken":0},{"event_name":"Nest","player_choice":"Stole From Cult","floor":19,"damage_taken":0},{"event_name":"MindBloom","player_choice":"Fight","floor":37,"damage_taken":0},{"event_name":"Match and Keep!","player_choice":"1 cards matched","floor":38,"damage_taken":0},{"event_name":"Mysterious Sphere","player_choice":"Fight","floor":47,"damage_taken":0}],"is_beta":false,"boss_relics":[{"not_picked":["Tiny House","Empty Cage"],"picked":"Orrery"},{"not_picked":["Black Star","Runic Dome"],"picked":"Nuclear Battery"}],"items_purged_floors":[21],"is_endless":false,"potions_floor_spawned":[1,7,11,12,20,30,31,33,37,44,45,48],"ascension_level":1}