{"gold_per_floor":[113,38,38,49,67,93,93,123,123,123,157,171,171,225,225,304,304,316,316,327,342,37,37,72,72,98,125,175,190,190,200,200,276,276,291,173,0,0,0,35,35,47,47,72,72,72,100,118,118,118,118,118,118,15,47,47],"floor_reached":57,"playtime":3439,"items_purged":["Cleave+1"],"score":2963,"play_id":"76fbeaf9-698f-4206-aa65-1f7f521af662","local_time":"20190701203728","is_ascension_mode":true,"campfire_choices":[{"floor":7.0,"key":"REST"},{"floor":10.0,"key":"REST"},{"data":"Inflame","floor":13.0,"key":"SMITH"},{"data":"Headbutt","floor":15.0,"key":"SMITH"},{"floor":23,"key":"REST"},{"data":"Demon Form","floor":25,"key":"SMITH"},{"floor":30,"key":"REST"},{"data":"Sword Boomerang","floor":32,"key":"SMITH"},{"data":"Feed","floor":41,"key":"SMITH"},{"floor":46,"key":"RECALL"},{"data":"Evolve","floor":49,"key":"SMITH"},{"data":"Immolate","floor":53,"key":"SMITH"}],"neow_cost":"NONE","seed_source_timestamp":18318301073235,"circlet_count":0,"master_deck":["AscendersBane","Bash+1","Inflame+1","Headbutt+1","Offering","Corruption","Spot Weakness+1","Demon Form+1","Power Through+1","Disarm+1","Armaments+1","Shrug It Off+1","Shockwave+1","Offering+1","Evolve+1","Power Through+1","Sword Boomerang+1","Reaper","Second Wind+1","Second Wind+1","Feed+1","Sentinel+1","Immolate+1","Dual Wield+1","Corruption","Burning Pact+1","Body Slam","Burning Pact+1","Reaper","Disarm+1","Shrug It Off+1"],"special_seed":0,"relics":["Burning Blood","Bronze Scales","Darkstone Periapt","Whetstone","Toxic Egg 2","Snecko Eye","Strange Spoon","Strawberry","Bag of Marbles","Art of War","Pandora\u0027s Box","Red Mask","Kunai","Unceasing Top","Centennial Puzzle","Happy Flower"],"potions_floor_usage":[24,30,48,50,56,56],"damage_taken":[{"damage":16.0,"enemies":"Jaw Worm","floor":1.0,"turns":7.0},{"damage":4.0,"enemies":"Small Slimes","floor":4.0,"turns":5.0},{"damage":8.0,"enemies":"2 Louse","floor":5.0,"turns":3.0},{"damage":40.0,"enemies":"3 Sentries","floor":6.0,"turns":7.0},{"damage":63.0,"enemies":"Lagavulin","floor":8.0,"turns":7.0},{"damage":30.0,"enemies":"3 Sentries","floor":11.0,"turns":5.0},{"damage":4.0,"enemies":"Gremlin Gang","floor":12.0,"turns":3.0},{"damage":34.0,"enemies":"Hexaghost","floor":16.0,"turns":8.0},{"damage":27.0,"enemies":"Shell Parasite","floor":18.0,"turns":3.0},{"damage":22.0,"enemies":"Spheric Guardian","floor":20.0,"turns":4.0},{"damage":6,"enemies":"Centurion and Healer","floor":21,"turns":4},{"damage":21,"enemies":"Slavers","floor":24,"turns":3},{"damage":12,"enemies":"Gremlin Leader","floor":27,"turns":3},{"damage":13,"enemies":"Shelled Parasite and Fungi","floor":29,"turns":3},{"damage":0,"enemies":"Chosen and Byrds","floor":31,"turns":6},{"damage":34,"enemies":"Automaton","floor":33,"turns":4},{"damage":18,"enemies":"Orb Walker","floor":35,"turns":4},{"damage":12,"enemies":"Nemesis","floor":40,"turns":3},{"damage":17,"enemies":"3 Shapes","floor":42,"turns":5},{"damage":17,"enemies":"Giant Head","floor":44,"turns":6},{"damage":7,"enemies":"Nemesis","floor":47,"turns":5},{"damage":25,"enemies":"Jaw Worm Horde","floor":48,"turns":5},{"damage":58,"enemies":"Awakened One","floor":50,"turns":7},{"damage":6,"enemies":"Time Eater","floor":51,"turns":6},{"damage":49,"enemies":"Shield and Spear","floor":55,"turns":5},{"damage":62,"enemies":"The Heart","floor":56,"turns":7}],"seed_played":"8203978777120223368","potions_obtained":[{"floor":5.0,"key":"FairyPotion"},{"floor":11.0,"key":"EssenceOfSteel"},{"floor":12.0,"key":"BloodPotion"},{"floor":18.0,"key":"Weak Potion"},{"floor":20.0,"key":"Fruit Juice"},{"floor":29,"key":"SpeedPotion"},{"floor":31,"key":"GamblersBrew"},{"floor":33,"key":"EntropicBrew"},{"floor":42,"key":"Fruit Juice"},{"floor":48,"key":"SneckoOil"},{"floor":55,"key":"Dexterity Potion"}],"is_trial":false,"path_per_floor":["M","?","?","M","M","E","R","E","T","R","E","M","R","?","R","B",null,"M","?","M","M","$","R","E","R","T","E","?","M","R","M","R","B",null,"M","$","?","?","?","E","R","M","T","E","$","R","E","M","R","B","B",null,"R","$","E","B",null],"character_chosen":"IRONCLAD","items_purchased":["Shockwave+1","Strange Spoon","Burning Pact+1","Body Slam","Shrug It Off+1"],"campfire_rested":4,"item_purchase_floors":[22,22,36,36,54],"current_hp_per_floor":[58,58,63,65,63,29,53,14,14,38,14,16,16,16,16,8,62,41,41,25,25,25,49,41,41,41,35,35,28,60,66,66,38,79,70,70,70,70,70,68,68,101,101,110,110,110,114,127,127,135,139,139,139,139,143,143],"gold":47,"neow_bonus":"REMOVE_CARD","is_prod":false,"is_daily":false,"chose_seed":false,"campfire_upgraded":7,"win_rate":0,"timestamp":1562027848,"path_taken":["M","?","?","M","M","E","R","E","T","R","E","M","R","?","R","BOSS","M","?","M","M","$","R","E","R","T","E","?","M","R","?","R","BOSS","M","$","?","?","?","E","R","M","T","E","$","R","E","M","R","BOSS","BOSS","R","$","E","BOSS"],"build_version":"2019-07-01","purchased_purges":1,"victory":true,"max_hp_per_floor":[75,75,80,80,80,80,80,80,80,80,80,80,80,80,80,80,80,80,80,80,80,80,80,87,87,87,87,87,87,92,92,92,92,92,95,95,95,90,90,94,94,106,106,110,110,110,114,131,131,135,139,139,139,139,143,143],"card_choices":[{"not_picked":["Heavy Blade","Fire Breathing"],"picked":"Cleave","floor":1.0},{"not_picked":["Sword Boomerang","Havoc"],"picked":"Inflame","floor":4.0},{"not_picked":["Perfected Strike","Body Slam"],"picked":"Headbutt","floor":5.0},{"not_picked":["Wild Strike","Armaments"],"picked":"Offering","floor":6.0},{"not_picked":["Armaments","Clothesline"],"picked":"Corruption","floor":8.0},{"not_picked":["Evolve","Sentinel"],"picked":"Spot Weakness","floor":11.0},{"not_picked":["Rage+1","Body Slam","Cleave"],"picked":"SKIP","floor":12.0},{"not_picked":["Bludgeon","Brutality"],"picked":"Demon Form","floor":16.0},{"not_picked":["Iron Wave","Havoc+1"],"picked":"Power Through+1","floor":18.0},{"not_picked":["Heavy Blade","Infernal Blade+1"],"picked":"Armaments+1","floor":20.0},{"not_picked":["Sword Boomerang","Wild Strike"],"picked":"Shrug It Off+1","floor":21},{"not_picked":["Armaments+1","Bludgeon"],"picked":"Offering+1","floor":24},{"not_picked":["Havoc+1","Combust"],"picked":"Evolve","floor":27},{"not_picked":["Havoc+1","Body Slam"],"picked":"Power Through+1","floor":29},{"not_picked":["Perfected Strike","Hemokinesis"],"picked":"Sword Boomerang","floor":31},{"not_picked":["Bludgeon","Double Tap+1"],"picked":"Reaper","floor":33},{"not_picked":["Flex+1","Armaments+1","Headbutt"],"picked":"SKIP","floor":35},{"not_picked":["Perfected Strike","Combust"],"picked":"Burning Pact+1","floor":40},{"not_picked":["Iron Wave","Metallicize","Warcry+1"],"picked":"SKIP","floor":42},{"not_picked":["Reckless Charge+1","Twin Strike","Headbutt"],"picked":"SKIP","floor":44},{"not_picked":["Anger","Armaments+1"],"picked":"Reaper","floor":47},{"not_picked":["Whirlwind+1","Reckless Charge"],"picked":"Disarm+1","floor":48},{"not_picked":["Whirlwind+1","Pummel","Pommel Strike"],"picked":"SKIP","floor":55}],"player_experience":1568726,"relics_obtained":[{"floor":6.0,"key":"Bronze Scales"},{"floor":8.0,"key":"Darkstone Periapt"},{"floor":9.0,"key":"Whetstone"},{"floor":11.0,"key":"Toxic Egg 2"},{"floor":24,"key":"Strawberry"},{"floor":26,"key":"Bag of Marbles"},{"floor":27,"key":"Art of War"},{"floor":40,"key":"Kunai"},{"floor":44,"key":"Unceasing Top"},{"floor":47,"key":"Centennial Puzzle"},{"floor":55,"key":"Happy Flower"}],"event_choices":[{"cards_removed":["Strike_R"],"damage_healed":0.0,"max_hp_gain":0.0,"max_hp_loss":0.0,"gold_gain":0.0,"event_name":"The Cleric","player_choice":"Card Removal","floor":2.0,"gold_loss":75.0,"damage_taken":0.0},{"damage_healed":0.0,"max_hp_gain":5.0,"max_hp_loss":0.0,"gold_gain":0.0,"event_name":"Big Fish","player_choice":"Donut","floor":3.0,"gold_loss":0.0,"damage_taken":0.0},{"damage_healed":0.0,"max_hp_gain":0.0,"max_hp_loss":0.0,"gold_gain":54.0,"event_name":"Golden Wing","player_choice":"Gained Gold","floor":14.0,"gold_loss":0.0,"damage_taken":0.0},{"damage_healed":0.0,"max_hp_gain":0.0,"max_hp_loss":0.0,"gold_gain":0.0,"event_name":"The Library","player_choice":"Read","floor":19.0,"gold_loss":0.0,"damage_taken":0.0,"cards_obtained":["Disarm"]},{"damage_healed":0,"gold_gain":50,"player_choice":"Pray","damage_taken":0,"max_hp_gain":0,"max_hp_loss":0,"event_name":"Golden Shrine","floor":28,"gold_loss":0},{"damage_healed":0,"gold_gain":0,"player_choice":"Paid","damage_taken":0,"relics_obtained":["Red Mask"],"max_hp_gain":0,"max_hp_loss":0,"event_name":"Tomb of Lord Red Mask","floor":37,"gold_loss":173},{"damage_healed":0,"gold_gain":0,"player_choice":"Max HP","damage_taken":0,"max_hp_gain":0,"max_hp_loss":5,"event_name":"Winding Halls","floor":38,"gold_loss":0},{"damage_healed":0,"gold_gain":0,"player_choice":"0 cards matched","damage_taken":0,"max_hp_gain":0,"max_hp_loss":0,"event_name":"Match and Keep!","floor":39,"gold_loss":0,"cards_obtained":[]}],"is_beta":false,"boss_relics":[{"not_picked":["Busted Crown","Cursed Key"],"picked":"Snecko Eye"},{"not_picked":["Mark of Pain","Eternal Feather"],"picked":"Pandora\u0027s Box"}],"items_purged_floors":[54],"is_endless":false,"potions_floor_spawned":[5,11,12,18,20,29,31,33,35,42,48,55],"ascension_level":20}