{"gold_per_floor":[367,242,242,74,85,110,123,123,123,123,143,159,159,190,190,286,286,300,29,40,140,140,140,88,88,88,101,129,129,162,177,177,279,279,299,299,309,309,323,323,96,96,96,110,110,137,137,153,153,153],"floor_reached":51,"playtime":3859,"items_purged":["Defend_B","Defend_B","Defend_B","Strike_B"],"score":977,"play_id":"e017f92e-2cab-4b80-ad02-ce9647bede2c","local_time":"20180825180522","is_ascension_mode":true,"campfire_choices":[{"data":"Defragment","floor":8,"key":"SMITH"},{"data":"Zap","floor":10,"key":"SMITH"},{"data":"Self Repair","floor":13,"key":"SMITH"},{"data":"Dualcast","floor":15,"key":"SMITH"},{"data":"Go for the Eyes","floor":23,"key":"SMITH"},{"data":"Seek","floor":25,"key":"SMITH"},{"data":"Self Repair","floor":29,"key":"SMITH"},{"data":"Turbo","floor":32,"key":"SMITH"},{"data":"Blind","floor":40,"key":"SMITH"},{"data":"Loop","floor":42,"key":"SMITH"},{"data":"Conserve Battery","floor":45,"key":"SMITH"},{"data":"Conserve Battery","floor":47,"key":"SMITH"},{"data":"FTL","floor":49,"key":"SMITH"}],"neow_cost":"TEN_PERCENT_HP_LOSS","seed_source_timestamp":827614522507631,"circlet_count":0,"master_deck":["Defend_B","Zap+1","Dualcast+1","Steam","Cold Snap","Self Repair+1","Defragment+1","Self Repair+1","Conserve Battery+1","Compile Driver","Seek+1","Go for the Eyes+1","Rebound+1","Glacier+1","Ball Lightning","Hologram+1","Ball Lightning","Turbo+1","FTL","Cold Snap+1","Blind+1","Conserve Battery+1","Consume+1","Coolheaded+1","Loop+1","Writhe","Coolheaded+1","All For One","FTL+1","Redo+1"],"relics":["Cracked Core","Gambling Chip","Prayer Wheel","Happy Flower","Empty Cage","DataDisk","Symbiotic Virus","Darkstone Periapt","Orichalcum","Cursed Key","Turnip","The Courier","Vajra"],"potions_floor_usage":[16,33,33,50],"damage_taken":[{"damage":8,"enemies":"2 Louse","floor":1,"turns":2},{"damage":4,"enemies":"Jaw Worm","floor":5,"turns":3},{"damage":16,"enemies":"Lagavulin","floor":6,"turns":8},{"damage":7,"enemies":"Small Slimes","floor":7,"turns":4},{"damage":21,"enemies":"Gremlin Gang","floor":11,"turns":4},{"damage":11,"enemies":"Exordium Thugs","floor":12,"turns":6},{"damage":8,"enemies":"3 Sentries","floor":14,"turns":6},{"damage":18,"enemies":"Hexaghost","floor":16,"turns":11},{"damage":4,"enemies":"Chosen","floor":18,"turns":6},{"damage":0,"enemies":"Spheric Guardian","floor":20,"turns":3},{"damage":0,"enemies":"Centurion and Healer","floor":27,"turns":8},{"damage":0,"enemies":"Book of Stabbing","floor":28,"turns":5},{"damage":40,"enemies":"Gremlin Leader","floor":30,"turns":6},{"damage":0,"enemies":"Snake Plant","floor":31,"turns":2},{"damage":50,"enemies":"Collector","floor":33,"turns":9},{"damage":0,"enemies":"3 Shapes","floor":35,"turns":4},{"damage":5,"enemies":"Flame Bruiser 1 Orb","floor":37,"turns":5},{"damage":0,"enemies":"Mind Bloom Boss Battle","floor":38,"turns":5},{"damage":22,"enemies":"Transient","floor":39,"turns":5},{"damage":1,"enemies":"Spire Growth","floor":44,"turns":6},{"damage":31,"enemies":"Giant Head","floor":46,"turns":11},{"damage":7,"enemies":"4 Shapes","floor":48,"turns":5},{"damage":57,"enemies":"Time Eater","floor":50,"turns":12}],"seed_played":"2185654657240420878","potions_obtained":[{"floor":5,"key":"Energy Potion"},{"floor":12,"key":"Weak Potion"},{"floor":14,"key":"Fire Potion"},{"floor":16,"key":"Ancient Potion"},{"floor":33,"key":"FearPotion"},{"floor":39,"key":"LiquidBronze"},{"floor":44,"key":"Fire Potion"}],"is_trial":false,"path_per_floor":["M","$","?","$","M","E","M","R","T","R","M","M","R","E","R","B",null,"M","$","M","?","$","R","$","R","T","M","E","R","E","M","R","B",null,"M","?","M","?","M","R","$","R","T","M","R","E","R","M","R","B"],"character_chosen":"DEFECT","items_purchased":["Cold Snap","Self Repair","DataDisk","Ball Lightning","Loop"],"campfire_rested":0,"item_purchase_floors":[2,4,19,24,41],"current_hp_per_floor":[60,60,53,53,56,47,47,47,47,47,40,43,43,52,52,51,64,68,68,68,68,68,68,68,68,68,68,68,68,48,58,58,28,58,68,63,68,68,56,56,56,56,62,74,74,63,63,74,74,37],"gold":153,"neow_bonus":"TWO_FIFTY_GOLD","is_prod":false,"is_daily":false,"chose_seed":false,"campfire_upgraded":13,"win_rate":0,"timestamp":1535234722,"path_taken":["M","$","?","$","M","E","M","R","T","R","M","M","R","E","R","BOSS","M","$","M","?","?","R","?","R","T","M","E","R","E","?","R","BOSS","M","?","M","?","M","R","$","R","T","?","R","E","R","M","R","BOSS"],"build_version":"2018-08-23v2","purchased_purges":4,"victory":true,"max_hp_per_floor":[68,68,68,68,68,68,68,68,68,68,68,68,68,68,68,68,68,68,68,68,68,68,68,68,68,68,68,68,68,68,68,68,68,68,68,68,68,68,68,68,68,68,74,74,74,74,74,74,74,74],"card_choices":[{"not_picked":["Coolheaded","Redo"],"picked":"Steam","floor":1},{"not_picked":["Lockon","Conserve Battery"],"picked":"Defragment","floor":5},{"not_picked":["Steam","Compile Driver"],"picked":"Self Repair","floor":6},{"not_picked":["Turbo","Scrape","Rebound"],"picked":"SKIP","floor":7},{"not_picked":["FTL","Reinforced Body"],"picked":"Conserve Battery","floor":11},{"not_picked":["Loop","Chill","Barrage"],"picked":"SKIP","floor":11},{"not_picked":["Multi-Cast","Steam"],"picked":"Compile Driver","floor":12},{"not_picked":["Stack","Genetic Algorithm","Skim"],"picked":"SKIP","floor":12},{"not_picked":["Blizzard","Leap","Streamline"],"picked":"SKIP","floor":14},{"not_picked":["Amplify","Hyperbeam"],"picked":"Seek","floor":16},{"not_picked":["Hello World","Barrage"],"picked":"Go for the Eyes","floor":18},{"not_picked":["Chill","Rebound","Hologram+1"],"picked":"SKIP","floor":18},{"not_picked":["Rip and Tear+1","Go for the Eyes"],"picked":"Rebound+1","floor":20},{"not_picked":["Redo+1","Consume"],"picked":"Glacier+1","floor":20},{"not_picked":["Leap","Creative AI"],"picked":"Hologram+1","floor":27},{"not_picked":["Hello World","Cold Snap","Steam"],"picked":"SKIP","floor":27},{"not_picked":["Stack","Steam"],"picked":"Ball Lightning","floor":28},{"not_picked":["Force Field","Tempest"],"picked":"Turbo","floor":30},{"not_picked":["Beam Cell","Redo"],"picked":"FTL","floor":31},{"not_picked":["Go for the Eyes","Scrape","Gash"],"picked":"SKIP","floor":31},{"not_picked":["Compile Driver","Streamline"],"picked":"Cold Snap+1","floor":35},{"not_picked":["Aggregate+1","Barrage","Hello World"],"picked":"SKIP","floor":35},{"not_picked":["Aggregate+1","Barrage","Hello World"],"picked":"SKIP","floor":35},{"not_picked":["Metamorphosis","Secret Weapon"],"picked":"Blind","floor":36},{"not_picked":["Ball Lightning","Compile Driver+1"],"picked":"Conserve Battery","floor":37},{"not_picked":["Ball Lightning","Heatsinks"],"picked":"Consume+1","floor":37},{"not_picked":["Turbo+1","Hologram"],"picked":"Coolheaded+1","floor":38},{"not_picked":["Gash+1","Cold Snap+1","Beam Cell+1"],"picked":"SKIP","floor":39},{"not_picked":["Steam Power","Self Repair+1","Ball Lightning+1"],"picked":"SKIP","floor":39},{"not_picked":["Go for the Eyes+1","Force Field"],"picked":"Coolheaded+1","floor":44},{"not_picked":["Doom and Gloom+1","Barrage+1","Loop"],"picked":"SKIP","floor":44},{"not_picked":["Cold Snap+1","Static Discharge"],"picked":"All For One","floor":46},{"not_picked":["Streamline","Steam Power"],"picked":"FTL","floor":48},{"not_picked":["Sunder+1","Ball Lightning+1"],"picked":"Redo+1","floor":48}],"player_experience":244222,"relics_obtained":[{"floor":6,"key":"Gambling Chip"},{"floor":9,"key":"Prayer Wheel"},{"floor":14,"key":"Happy Flower"},{"floor":26,"key":"Symbiotic Virus"},{"floor":28,"key":"Darkstone Periapt"},{"floor":30,"key":"Orichalcum"},{"floor":38,"key":"Turnip"},{"floor":43,"key":"The Courier"},{"floor":46,"key":"Vajra"}],"event_choices":[{"event_name":"Golden Wing","player_choice":"Card Removal","floor":3,"damage_taken":0},{"event_name":"Golden Shrine","player_choice":"Pray","floor":21,"damage_taken":0},{"event_name":"SensoryStone","player_choice":"Memory 2","floor":36,"damage_taken":0},{"event_name":"MindBloom","player_choice":"Fight","floor":38,"damage_taken":0}],"is_beta":false,"boss_relics":[{"not_picked":["Runic Pyramid","White Beast Statue"],"picked":"Empty Cage"},{"not_picked":["Coffee Dripper","Lizard Tail"],"picked":"Cursed Key"}],"items_purged_floors":[2,4,19,41],"is_endless":false,"potions_floor_spawned":[5,12,14,16,27,31,33,39,44,48],"ascension_level":8}