{"gold_per_floor":[214,226,47,47,47,76,76,92,118,118,118,118,143,156,156,156],"floor_reached":16,"playtime":524,"items_purged":["Strike_R"],"score":184,"play_id":"51923134-8da1-4a2d-a90a-76cc4dad0170","local_time":"20180915193736","is_ascension_mode":true,"campfire_choices":[{"data":"Intimidate","floor":7,"key":"SMITH"},{"data":"Bash","floor":10,"key":"SMITH"},{"data":"Burning Pact","floor":12,"key":"SMITH"},{"data":"Spot Weakness","floor":15,"key":"SMITH"}],"neow_cost":"NONE","seed_source_timestamp":238852275421071,"circlet_count":0,"master_deck":["Strike_R","Strike_R","Strike_R","Defend_R","Defend_R","Defend_R","Defend_R","Bash+1","AscendersBane","Twin Strike","Armaments+1","Headbutt","Intimidate+1","Burning Pact+1","Spot Weakness+1"],"relics":["Burning Blood","Ancient Tea Set","Bronze Scales","Magic Flower"],"potions_floor_usage":[13,13],"damage_taken":[{"damage":10,"enemies":"Small Slimes","floor":1,"turns":3},{"damage":6,"enemies":"Cultist","floor":2,"turns":4},{"damage":34,"enemies":"Lagavulin","floor":6,"turns":7},{"damage":0,"enemies":"2 Louse","floor":8,"turns":3},{"damage":12,"enemies":"Gremlin Nob","floor":13,"turns":3},{"damage":0,"enemies":"2 Fungi Beasts","floor":14,"turns":4},{"damage":46,"enemies":"The Guardian","floor":16,"turns":8}],"seed_played":"-1045983574914812733","potions_obtained":[{"floor":1,"key":"PowerPotion"},{"floor":8,"key":"Fire Potion"}],"is_trial":false,"path_per_floor":["M","M","$","?","?","E","R","M","T","R","?","R","E","M","R"],"character_chosen":"IRONCLAD","items_purchased":["Armaments","Headbutt"],"campfire_rested":0,"item_purchase_floors":[3,3],"current_hp_per_floor":[64,64,64,64,64,36,36,42,42,42,42,42,36,45,45,0],"gold":156,"neow_bonus":"HUNDRED_GOLD","is_prod":false,"is_daily":false,"chose_seed":false,"campfire_upgraded":4,"win_rate":0,"timestamp":1537054656,"path_taken":["M","M","$","?","?","E","R","M","T","R","?","R","E","?","R","BOSS"],"build_version":"2018-09-06","purchased_purges":1,"victory":false,"max_hp_per_floor":[75,75,75,75,75,75,75,75,75,75,75,75,75,75,75,75],"card_choices":[{"not_picked":["Rampage","Perfected Strike","Reckless Charge"],"picked":"SKIP","floor":1},{"not_picked":["Wild Strike","Seeing Red"],"picked":"Twin Strike","floor":2},{"not_picked":["Headbutt","Perfected Strike"],"picked":"Intimidate","floor":6},{"not_picked":["Headbutt","Perfected Strike","Heavy Blade"],"picked":"SKIP","floor":8},{"not_picked":["Anger","Dark Embrace","Clash"],"picked":"SKIP","floor":13},{"not_picked":["Dual Wield","Entrench"],"picked":"Spot Weakness","floor":14}],"player_experience":396612,"relics_obtained":[{"floor":6,"key":"Ancient Tea Set"},{"floor":9,"key":"Bronze Scales"},{"floor":13,"key":"Magic Flower"}],"event_choices":[{"event_name":"Upgrade Shrine","player_choice":"Upgraded","floor":4,"damage_taken":0},{"event_name":"Liars Game","player_choice":"disagreed","floor":5,"damage_taken":0},{"event_name":"Living Wall","player_choice":"Change","floor":11,"damage_taken":0}],"is_beta":false,"boss_relics":[],"items_purged_floors":[3],"is_endless":false,"potions_floor_spawned":[1,8],"killed_by":"The Guardian","ascension_level":14}