{"gold_per_floor":[116,116,216,232,242,242,242,98,98,98,109,121,21,38,38,143,143,158,83,96,62,81,81,81,81,158,174,184,99,99,119,119,217,217,229,54,72,21,35,35,53,53,78,90,119,145,170,199,211,223],"floor_reached":51,"playtime":5306,"items_purged":["Strike_G","Strike_G","Pain"],"score":651,"play_id":"2cda31cd-6705-4109-ba5b-e8b54e836f31","local_time":"20180821230243","is_ascension_mode":true,"campfire_choices":[{"data":"Neutralize","floor":7.0,"key":"SMITH"},{"data":"Footwork","floor":10.0,"key":"SMITH"},{"data":"Footwork","floor":15.0,"key":"SMITH"},{"data":"Acrobatics","floor":23.0,"key":"SMITH"},{"data":"Corpse Explosion","floor":30.0,"key":"SMITH"},{"floor":32.0,"key":"REST"},{"data":"Catalyst","floor":40.0,"key":"SMITH"},{"floor":44,"key":"REST"},{"floor":49,"key":"REST"}],"neow_cost":"NONE","seed_source_timestamp":0,"circlet_count":0,"master_deck":["Defend_G","Defend_G","Defend_G","Defend_G","Defend_G","Strike_G","Survivor","Neutralize+1","Corpse Explosion+1","Acrobatics+1","Footwork+1","Blur","Footwork+1","Acrobatics","Footwork","Tactician+1","Necronomicurse","Prepared","Catalyst+1","Adrenaline","Outmaneuver+1","Deadly Poison","Backflip","Deadly Poison","Regret","Tactician","Backflip"],"special_seed":0,"relics":["Ring of the Snake","Dodecahedron","Cursed Key","Necronomicon","Kunai","Singing Bowl","Philosopher\u0027s Stone","MawBank"],"potions_floor_usage":[47,47,47,50,50,50],"damage_taken":[{"damage":0.0,"enemies":"2 Louse","floor":1.0,"turns":4.0},{"damage":0.0,"enemies":"Cultist","floor":4.0,"turns":4.0},{"damage":9.0,"enemies":"Jaw Worm","floor":5.0,"turns":5.0},{"damage":2.0,"enemies":"Blue Slaver","floor":11.0,"turns":5.0},{"damage":0.0,"enemies":"Large Slime","floor":12.0,"turns":9.0},{"damage":0.0,"enemies":"Red Slaver","floor":14.0,"turns":5.0},{"damage":55.0,"enemies":"Slime Boss","floor":16.0,"turns":27.0},{"damage":0.0,"enemies":"Spheric Guardian","floor":18.0,"turns":8.0},{"damage":0.0,"enemies":"Shell Parasite","floor":20.0,"turns":9.0},{"damage":0.0,"enemies":"Sentry and Sphere","floor":22.0,"turns":11.0},{"damage":4.0,"enemies":"Centurion and Healer","floor":27.0,"turns":13.0},{"damage":13.0,"enemies":"3 Cultists","floor":28.0,"turns":6.0},{"damage":2.0,"enemies":"Snecko","floor":31.0,"turns":10.0},{"damage":46.0,"enemies":"Champ","floor":33.0,"turns":25.0},{"damage":2.0,"enemies":"3 Shapes","floor":35.0,"turns":4.0},{"damage":0.0,"enemies":"3 Darklings","floor":37.0,"turns":3.0},{"damage":5.0,"enemies":"4 Shapes","floor":39.0,"turns":8.0},{"damage":55.0,"enemies":"Flame Bruiser 2 Orb","floor":41.0,"turns":17.0},{"damage":0,"enemies":"3 Darklings","floor":45,"turns":3},{"damage":11,"enemies":"Sphere and 2 Shapes","floor":46,"turns":10},{"damage":1,"enemies":"Flame Bruiser 2 Orb","floor":47,"turns":13},{"damage":12,"enemies":"Maw","floor":48,"turns":7},{"damage":12,"enemies":"Awakened One","floor":50,"turns":21}],"seed_played":"-7813614845874949030","potions_obtained":[{"floor":5.0,"key":"EssenceOfSteel"},{"floor":12.0,"key":"Ancient Potion"},{"floor":14.0,"key":"GhostInAJar"},{"floor":16.0,"key":"EssenceOfSteel"},{"floor":18.0,"key":"EssenceOfSteel"},{"floor":20.0,"key":"GhostInAJar"},{"floor":33.0,"key":"PowerPotion"},{"floor":39.0,"key":"Explosive Potion"},{"floor":41.0,"key":"Weak Potion"},{"floor":46,"key":"EntropicBrew"},{"floor":47,"key":"Energy Potion"},{"floor":48,"key":"Regen Potion"}],"is_trial":false,"path_per_floor":["M","?","?","M","M","?","R","$","T","R","M","M","$","M","R","B",null,"M","?","M","$","M","R","?","?","T","M","M","?","R","M","R","B",null,"M","$","M","$","M","R","M","?","T","R","M","M","M","M","R","B"],"character_chosen":"THE_SILENT","items_purchased":["Footwork","Footwork","Deadly Poison","Backflip"],"campfire_rested":3,"item_purchase_floors":[8,21,36,38],"current_hp_per_floor":[70,70,70,70,61,61,61,61,61,61,59,59,59,59,59,4,70,70,70,70,70,70,70,54,70,70,66,53,53,53,51,70,24,70,68,68,70,70,65,65,12,17,17,39,41,30,31,19,42,45],"gold":235,"neow_bonus":"ONE_RANDOM_RARE_CARD","is_prod":false,"is_daily":false,"chose_seed":false,"campfire_upgraded":6,"win_rate":0,"timestamp":1534906963,"path_taken":["M","?","?","M","M","?","R","?","T","R","M","?","$","M","R","BOSS","M","?","M","?","M","R","?","?","T","M","?","?","R","M","R","BOSS","M","$","M","$","M","R","M","?","T","R","M","?","M","M","R","BOSS"],"build_version":"2018-08-16","purchased_purges":3,"victory":true,"max_hp_per_floor":[70,70,70,70,70,70,70,70,70,70,70,70,70,70,70,70,70,70,70,70,70,70,70,70,70,70,70,70,70,70,70,70,70,70,70,70,72,72,72,72,74,74,74,74,76,76,78,78,78,78],"card_choices":[{"not_picked":["Dagger Throw","All Out Attack","Bane"],"picked":"SKIP","floor":1.0},{"not_picked":["Choke","Dodge and Roll","Flying Knee"],"picked":"SKIP","floor":4.0},{"not_picked":["Deflect","All Out Attack"],"picked":"Acrobatics","floor":5.0},{"not_picked":["PiercingWail","Dagger Spray","Underhanded Strike"],"picked":"SKIP","floor":11.0},{"not_picked":["Dagger Throw","Corpse Explosion"],"picked":"Blur","floor":12.0},{"not_picked":["Sucker Punch","All Out Attack"],"picked":"Footwork","floor":14.0},{"not_picked":["Accuracy","Bane+1","Terror"],"picked":"SKIP","floor":18.0},{"not_picked":["Reflex+1","Accuracy"],"picked":"Acrobatics","floor":20.0},{"not_picked":["Accuracy","Poisoned Stab+1"],"picked":"Tactician+1","floor":22.0},{"not_picked":["Flying Knee+1","Bane"],"picked":"Prepared","floor":27.0},{"not_picked":["Blade Dance","Dagger Throw"],"picked":"Prepared","floor":28.0},{"not_picked":["Blade Dance","Acrobatics+1"],"picked":"Catalyst","floor":31.0},{"not_picked":["Envenom","Venomology"],"picked":"Adrenaline","floor":33.0},{"not_picked":["Quick Slash+1","Poisoned Stab+1"],"picked":"Outmaneuver+1","floor":35.0},{"not_picked":["Flying Knee+1","Terror+1","Reflex"],"picked":"Singing Bowl","floor":37.0},{"not_picked":["Backflip","Cloak And Dagger"],"picked":"Deadly Poison","floor":39.0},{"not_picked":["Heel Hook","Bouncing Flask","Dagger Spray+1"],"picked":"Singing Bowl","floor":41.0},{"not_picked":["Deflect","Slice+1","Cloak And Dagger+1"],"picked":"Singing Bowl","floor":45},{"not_picked":["Slice+1","Underhanded Strike+1"],"picked":"Tactician","floor":46},{"not_picked":["Accuracy+1","Cloak And Dagger","Distraction"],"picked":"Singing Bowl","floor":47},{"not_picked":["Deflect+1","Malaise"],"picked":"Backflip","floor":48}],"player_experience":119652,"relics_obtained":[{"floor":9.0,"key":"Dodecahedron"},{"floor":24.0,"key":"Necronomicon"},{"floor":26.0,"key":"Kunai"},{"floor":43,"key":"MawBank"}],"event_choices":[{"event_name":"The Woman in Blue","player_choice":"Bought 0 Potions","floor":2.0,"damage_taken":0.0},{"event_name":"Golden Shrine","player_choice":"Pray","floor":3.0,"damage_taken":0.0},{"event_name":"Living Wall","player_choice":"Forget","floor":6.0,"damage_taken":0.0},{"event_name":"Beggar","player_choice":"Gave Gold","floor":19.0,"damage_taken":0.0},{"event_name":"Cursed Tome","player_choice":"Obtained Book","floor":24.0,"damage_taken":0.0},{"event_name":"The Library","player_choice":"Heal","floor":25.0,"damage_taken":0.0},{"event_name":"Addict","player_choice":"Obtained Relic","floor":29.0,"damage_taken":0.0},{"event_name":"Bonfire Elementals","player_choice":"COMMON","floor":42.0,"damage_taken":0.0}],"is_beta":false,"boss_relics":[{"not_picked":["WristBlade","Coffee Dripper"],"picked":"Cursed Key"},{"not_picked":["Eternal Feather","Snecko Eye"],"picked":"Philosopher\u0027s Stone"}],"items_purged_floors":[8,13,36],"is_endless":false,"potions_floor_spawned":[5,12,14,16,18,20,22,33,39,41,46,47,48],"ascension_level":1}