{"gold_per_floor":[109,109,129,1,1,59,72,72,95,123,35,35,63,74,74,152,152,164,137,37,54,54,54,80,90,114,114,129,44,44,44,44,123,123,140,1139,1152,599,649,667,667,687,687,687,719,738,738],"floor_reached":47,"playtime":3442,"items_purged":["Strike_R","Perfected Strike","Wild Strike"],"score":1186,"play_id":"9b8f137e-4238-4e93-bb6a-214ca63f7ee1","local_time":"20190319110430","is_ascension_mode":true,"campfire_choices":[{"data":"Immolate","floor":12.0,"key":"SMITH"},{"data":"Entrench","floor":15.0,"key":"SMITH"},{"data":"True Grit","floor":23.0,"key":"SMITH"},{"data":"Barricade","floor":27.0,"key":"SMITH"},{"floor":30.0,"key":"REST"},{"data":"Seeing Red","floor":32.0,"key":"SMITH"},{"floor":41.0,"key":"RECALL"},{"floor":44.0,"key":"REST"}],"neow_cost":"NONE","seed_source_timestamp":460028775995529,"circlet_count":0,"master_deck":["AscendersBane","Bash","Inflame","Shrug It Off","Entrench+1","Cleave","Exhume","Immolate+1","Battle Trance","Inflame","Ghostly Armor","Barricade+1","Seeing Red+1","True Grit+1","Exhume","Intimidate","Second Wind","Carnage","Warcry","Disarm","Shrug It Off","Warcry+1","Metallicize","True Grit+1","Body Slam","Impervious","Disarm+1","Shrug It Off","Shrug It Off"],"special_seed":0,"relics":["Burning Blood","NeowsBlessing","Tiny Chest","Pen Nib","Orichalcum","Ornamental Fan","Pandora\u0027s Box","Omamori","Ancient Tea Set","Bird Faced Urn","Fusion Hammer","Anchor","TheAbacus","Bottled Lightning"],"potions_floor_usage":[47,47],"damage_taken":[{"damage":0.0,"enemies":"2 Louse","floor":1.0,"turns":1.0},{"damage":0.0,"enemies":"Cultist","floor":3.0,"turns":1.0},{"damage":0.0,"enemies":"Gremlin Nob","floor":6.0,"turns":1.0},{"damage":9.0,"enemies":"Jaw Worm","floor":7.0,"turns":3.0},{"damage":36.0,"enemies":"Lagavulin","floor":10.0,"turns":7.0},{"damage":10.0,"enemies":"3 Sentries","floor":13.0,"turns":4.0},{"damage":7.0,"enemies":"Looter","floor":14.0,"turns":4.0},{"damage":23.0,"enemies":"Slime Boss","floor":16.0,"turns":9.0},{"damage":20.0,"enemies":"3 Byrds","floor":18.0,"turns":5.0},{"damage":12.0,"enemies":"2 Thieves","floor":19.0,"turns":4.0},{"damage":2.0,"enemies":"Snecko","floor":21.0,"turns":3.0},{"damage":28.0,"enemies":"Slavers","floor":24.0,"turns":3.0},{"damage":0.0,"enemies":"Centurion and Healer","floor":25.0,"turns":20.0},{"damage":17.0,"enemies":"Shelled Parasite and Fungi","floor":28.0,"turns":22.0},{"damage":3.0,"enemies":"Automaton","floor":33.0,"turns":12.0},{"damage":15.0,"enemies":"3 Darklings","floor":35.0,"turns":8.0},{"damage":7.0,"enemies":"Orb Walker","floor":37.0,"turns":7.0},{"damage":0.0,"enemies":"Maw","floor":40.0,"turns":9.0},{"damage":0.0,"enemies":"4 Shapes","floor":42.0,"turns":7.0},{"damage":0.0,"enemies":"Giant Head","floor":45.0,"turns":10.0},{"damage":22.0,"enemies":"Jaw Worm Horde","floor":46.0,"turns":9.0},{"damage":76,"enemies":"Reptomancer","floor":47,"turns":5}],"seed_played":"-8399986293827999775","potions_obtained":[{"floor":3.0,"key":"Explosive Potion"},{"floor":7.0,"key":"Strength Potion"},{"floor":14.0,"key":"Fire Potion"},{"floor":16.0,"key":"GamblersBrew"},{"floor":21.0,"key":"Fire Potion"},{"floor":24.0,"key":"Block Potion"},{"floor":28.0,"key":"Block Potion"},{"floor":35.0,"key":"AttackPotion"},{"floor":37.0,"key":"EssenceOfSteel"},{"floor":45.0,"key":"PowerPotion"}],"is_trial":false,"path_per_floor":["M","?","M","$","?","E","M","?","T","E","$","R","E","M","R","B",null,"M","M","$","M","$","R","E","M","T","R","M","?","R","$","R","B",null,"M","?","M","$","?","M","R","M","T","R","E","M","E"],"character_chosen":"IRONCLAD","items_purchased":["Shrug It Off","Battle Trance","Anchor","TheAbacus","Shrug It Off"],"campfire_rested":2,"item_purchase_floors":[4,11,38,38,38],"current_hp_per_floor":[74,75,75,75,75,75,72,72,72,42,42,42,38,37,37,20,61,47,41,41,45,45,45,23,29,29,29,18,18,40,40,40,51,69,68,68,75,75,68,75,75,75,75,75,75,65,0],"gold":738,"neow_bonus":"THREE_ENEMY_KILL","is_prod":false,"is_daily":false,"chose_seed":false,"campfire_upgraded":5,"win_rate":0,"timestamp":1553007870,"path_taken":["M","?","?","$","?","E","M","?","T","E","$","R","E","?","R","BOSS","M","M","$","M","?","R","E","M","T","R","?","?","R","?","R","BOSS","M","?","M","$","?","M","R","M","T","R","E","M","E"],"build_version":"2019-01-23","purchased_purges":3,"victory":false,"max_hp_per_floor":[75,75,75,75,75,75,75,75,75,75,75,75,75,75,75,75,75,75,75,75,75,75,75,75,75,75,75,75,75,75,75,75,75,75,75,75,75,75,75,75,75,75,75,75,75,75,75],"card_choices":[{"not_picked":["Fire Breathing","Dropkick"],"picked":"Perfected Strike","floor":1.0},{"not_picked":["Sword Boomerang","Headbutt"],"picked":"Inflame","floor":3.0},{"not_picked":["Clothesline","Clash"],"picked":"Entrench","floor":6.0},{"not_picked":["Sever Soul","Wild Strike"],"picked":"Cleave","floor":7.0},{"not_picked":["Iron Wave","Wild Strike"],"picked":"Immolate","floor":10.0},{"not_picked":["True Grit","Heavy Blade"],"picked":"Inflame","floor":13.0},{"not_picked":["Corruption","Infernal Blade"],"picked":"Ghostly Armor","floor":14.0},{"not_picked":["Exhume","Feed"],"picked":"Barricade","floor":16.0},{"not_picked":["Thunderclap","Clash"],"picked":"Disarm","floor":18.0},{"not_picked":["Cleave","Headbutt"],"picked":"Shrug It Off","floor":19.0},{"not_picked":["Flex","Havoc+1"],"picked":"Warcry+1","floor":21.0},{"not_picked":["Limit Break","Rupture"],"picked":"Metallicize","floor":24.0},{"not_picked":["Second Wind+1","Headbutt"],"picked":"True Grit+1","floor":25.0},{"not_picked":["Dropkick","Uppercut+1"],"picked":"Body Slam","floor":28.0},{"not_picked":["Demon Form","Fiend Fire"],"picked":"Impervious","floor":33.0},{"not_picked":["Clash+1","Cleave"],"picked":"Disarm+1","floor":35.0},{"not_picked":["Thunderclap","Burning Pact","Pommel Strike"],"picked":"SKIP","floor":37.0},{"not_picked":["Body Slam","Clash","Pommel Strike"],"picked":"SKIP","floor":40.0},{"not_picked":["Rage","Barricade","Pummel"],"picked":"SKIP","floor":42.0},{"not_picked":["Searing Blow","Infernal Blade"],"picked":"Shrug It Off","floor":45.0},{"not_picked":["Shockwave","Hemokinesis","Uppercut+1"],"picked":"SKIP","floor":46.0}],"player_experience":954981,"relics_obtained":[{"floor":6.0,"key":"Tiny Chest"},{"floor":9.0,"key":"Pen Nib"},{"floor":10.0,"key":"Orichalcum"},{"floor":13.0,"key":"Ornamental Fan"},{"floor":24.0,"key":"Omamori"},{"floor":26.0,"key":"Ancient Tea Set"},{"floor":45.0,"key":"Bottled Lightning"}],"event_choices":[{"damage_healed":1.0,"max_hp_gain":0.0,"max_hp_loss":0.0,"gold_gain":0.0,"event_name":"Wheel of Change","player_choice":"Full Heal","floor":2.0,"gold_loss":0.0,"damage_taken":0.0},{"damage_healed":0.0,"max_hp_gain":0.0,"max_hp_loss":0.0,"gold_gain":0.0,"cards_transformed":["Strike_R"],"event_name":"Living Wall","player_choice":"Change","floor":5.0,"gold_loss":0.0,"damage_taken":0.0,"cards_obtained":["Wild Strike"]},{"damage_healed":0.0,"max_hp_gain":0.0,"max_hp_loss":0.0,"gold_gain":0.0,"event_name":"Match and Keep!","player_choice":"1 cards matched","floor":8.0,"gold_loss":0.0,"damage_taken":0.0,"cards_obtained":["Exhume"]},{"damage_healed":0.0,"max_hp_gain":0.0,"max_hp_loss":0.0,"gold_gain":0.0,"event_name":"Addict","player_choice":"Obtained Relic","floor":29.0,"gold_loss":85.0,"damage_taken":0.0,"relics_obtained":["Bird Faced Urn"]},{"damage_healed":0.0,"max_hp_gain":0.0,"max_hp_loss":0.0,"gold_gain":999.0,"event_name":"MindBloom","player_choice":"Gold","floor":36.0,"gold_loss":0.0,"damage_taken":0.0,"cards_obtained":["Normality","Normality"]},{"damage_healed":0.0,"max_hp_gain":0.0,"max_hp_loss":0.0,"gold_gain":50.0,"event_name":"FaceTrader","player_choice":"Touch","floor":39.0,"gold_loss":0.0,"damage_taken":7.0}],"is_beta":false,"boss_relics":[{"not_picked":["Cursed Key","Orrery"],"picked":"Pandora\u0027s Box"},{"not_picked":["Runic Pyramid","Runic Dome"],"picked":"Fusion Hammer"}],"items_purged_floors":[4,20,38],"is_endless":false,"potions_floor_spawned":[3,7,14,16,21,24,28,35,37,45],"killed_by":"Reptomancer","ascension_level":20}