{"gold_per_floor":[118,118,3,24,24,62,62,62,62,80,80],"floor_reached":11,"playtime":317,"items_purged":["Strike_B"],"score":192,"play_id":"cd1e84b0-30af-4690-90e4-a7a88eb96cb8","local_time":"20190505123711","is_ascension_mode":true,"campfire_choices":[{"data":"Sweeping Beam","floor":7,"key":"SMITH"}],"neow_cost":"NONE","seed_source_timestamp":127825901048368,"circlet_count":0,"master_deck":["AscendersBane","Strike_B","Strike_B","Strike_B","Defend_B+1","Defend_B","Defend_B","Defend_B+1","Zap","Dualcast","Hologram","Lockon","Sweeping Beam+1","Static Discharge","Cold Snap"],"relics":["Cracked Core","NeowsBlessing","Golden Idol","Bronze Scales","Omamori"],"potions_floor_usage":[],"damage_taken":[{"damage":0,"enemies":"Jaw Worm","floor":1,"turns":1},{"damage":0,"enemies":"Small Slimes","floor":4,"turns":1},{"damage":0,"enemies":"3 Sentries","floor":6,"turns":1},{"damage":5,"enemies":"2 Louse","floor":10,"turns":2},{"damage":25,"enemies":"Large Slime","floor":11,"turns":4}],"seed_played":"5762054027332660281","potions_obtained":[{"floor":4,"key":"EssenceOfSteel"},{"floor":6,"key":"SteroidPotion"}],"is_trial":false,"path_per_floor":["M","?","$","M","?","E","R","?","T","M","M"],"character_chosen":"DEFECT","items_purchased":["Lockon"],"campfire_rested":0,"item_purchase_floors":[3],"current_hp_per_floor":[64,40,40,40,40,40,40,19,19,14,0],"gold":80,"neow_bonus":"THREE_ENEMY_KILL","is_prod":false,"is_daily":false,"chose_seed":false,"campfire_upgraded":1,"win_rate":0,"timestamp":1557074231,"path_taken":["M","?","$","M","?","E","R","?","T","M","M"],"build_version":"2019-01-23","purchased_purges":1,"victory":false,"max_hp_per_floor":[71,71,71,71,71,71,71,71,71,71,71],"card_choices":[{"not_picked":["Leap","Double Energy"],"picked":"Hologram","floor":1},{"not_picked":["Turbo","Compile Driver"],"picked":"Sweeping Beam","floor":4},{"not_picked":["Auto Shields","Double Energy"],"picked":"Static Discharge","floor":6},{"not_picked":["Steam","Chill"],"picked":"Cold Snap","floor":10}],"player_experience":1223413,"relics_obtained":[{"floor":6,"key":"Bronze Scales"},{"floor":9,"key":"Omamori"}],"event_choices":[{"damage_healed":0,"gold_gain":0,"player_choice":"Take Damage","damage_taken":24,"relics_obtained":["Golden Idol"],"max_hp_gain":0,"max_hp_loss":0,"event_name":"Golden Idol","floor":2,"gold_loss":0},{"damage_healed":0,"gold_gain":0,"player_choice":"Ignored","damage_taken":0,"max_hp_gain":0,"max_hp_loss":0,"event_name":"Liars Game","floor":5,"gold_loss":0},{"damage_healed":0,"gold_gain":0,"player_choice":"Entered Light","damage_taken":21,"max_hp_gain":0,"max_hp_loss":0,"event_name":"Shining Light","floor":8,"gold_loss":0,"cards_upgraded":["Defend_B","Defend_B"]}],"is_beta":false,"boss_relics":[],"items_purged_floors":[3],"is_endless":false,"potions_floor_spawned":[4,6],"killed_by":"Large Slime","ascension_level":20}