{"gold_per_floor":[114,133,150,150,150,150,175,175,201,201,228,125,157,232,232,309,309,323,323,343,20,39,39,71,81,81,116,116,146,146,146,146,217,217,235,254,254,268,33,33,62,62,88,310,326,361,361,361,361,361,361,361,361,6,33,33],"floor_reached":56,"playtime":3471,"items_purged":["Strike_B","Strike_B"],"score":2114,"play_id":"93aaf735-7de6-4385-8aa6-ecfe57c1c078","local_time":"20190517011210","is_ascension_mode":true,"campfire_choices":[{"data":"Zap","floor":6,"key":"SMITH"},{"data":"Barrage","floor":8,"key":"SMITH"},{"floor":10,"key":"REST"},{"data":"Defragment","floor":15,"key":"SMITH"},{"data":"Loop","floor":23,"key":"SMITH"},{"floor":28,"key":"REST"},{"data":"Coolheaded","floor":32,"key":"SMITH"},{"data":"Coolheaded","floor":40,"key":"SMITH"},{"data":"Static Discharge","floor":42,"key":"SMITH"},{"floor":47,"key":"RECALL"},{"data":"Defragment","floor":49,"key":"SMITH"},{"data":"Turbo","floor":53,"key":"SMITH"}],"neow_cost":"NONE","seed_source_timestamp":104748754562229,"circlet_count":0,"master_deck":["AscendersBane","Defend_B+1","Defend_B","Defend_B","Defend_B","Zap+1","Dualcast","Go for the Eyes","Ball Lightning","Coolheaded+1","Barrage+1","Loop+1","Defragment+1","Coolheaded+1","Genetic Algorithm","Electrodynamics","Force Field","Fusion+1","White Noise+1","Consume+1","Stack+1","Echo Form","Undo","Turbo+1","Static Discharge+1","Coolheaded+1","Coolheaded+1","Defragment+1","Master of Strategy","Bandage Up","Bandage Up"],"relics":["Cracked Core","Pen Nib","Lantern","Bag of Marbles","Bronze Scales","Matryoshka","Inserter","Toy Ornithopter","Omamori","Pantograph","Bottled Lightning","Red Mask","Ginger","War Paint","Nuclear Battery","Membership Card","Prayer Wheel","DataDisk","Blue Candle","Incense Burner","Cables","Shuriken"],"potions_floor_usage":[7,7,7,13,18,22,22,27,41,41,55,56],"damage_taken":[{"damage":0,"enemies":"Cultist","floor":1,"turns":3},{"damage":1,"enemies":"2 Louse","floor":2,"turns":3},{"damage":0,"enemies":"Small Slimes","floor":3,"turns":2},{"damage":24,"enemies":"Gremlin Nob","floor":7,"turns":4},{"damage":14,"enemies":"Lagavulin","floor":11,"turns":7},{"damage":26,"enemies":"Gremlin Nob","floor":13,"turns":4},{"damage":0,"enemies":"Hexaghost","floor":16,"turns":8},{"damage":25,"enemies":"2 Thieves","floor":18,"turns":3},{"damage":5,"enemies":"Chosen","floor":20,"turns":4},{"damage":14,"enemies":"Centurion and Healer","floor":22,"turns":8},{"damage":36,"enemies":"Slavers","floor":24,"turns":4},{"damage":13,"enemies":"Snecko","floor":25,"turns":2},{"damage":11,"enemies":"Masked Bandits","floor":27,"turns":3},{"damage":4,"enemies":"Book of Stabbing","floor":29,"turns":5},{"damage":24,"enemies":"Collector","floor":33,"turns":9},{"damage":2,"enemies":"Orb Walker","floor":35,"turns":4},{"damage":0,"enemies":"3 Shapes","floor":36,"turns":4},{"damage":0,"enemies":"Sphere and 2 Shapes","floor":38,"turns":4},{"damage":4,"enemies":"Nemesis","floor":41,"turns":11},{"damage":10,"enemies":"Transient","floor":45,"turns":6},{"damage":0,"enemies":"Giant Head","floor":46,"turns":11},{"damage":57,"enemies":"Awakened One","floor":50,"turns":12},{"damage":22,"enemies":"Time Eater","floor":51,"turns":16},{"damage":45,"enemies":"Shield and Spear","floor":55,"turns":7},{"damage":60,"enemies":"The Heart","floor":56,"turns":2}],"seed_played":"2319295888431080475","potions_obtained":[{"floor":2,"key":"LiquidBronze"},{"floor":3,"key":"EntropicBrew"},{"floor":13,"key":"AttackPotion"},{"floor":18,"key":"Regen Potion"},{"floor":20,"key":"Regen Potion"},{"floor":24,"key":"EssenceOfSteel"},{"floor":33,"key":"SkillPotion"},{"floor":36,"key":"Strength Potion"},{"floor":38,"key":"SkillPotion"},{"floor":45,"key":"Dexterity Potion"}],"is_trial":false,"path_per_floor":["M","M","M","?","?","R","E","R","T","R","E","$","E","?","R","B",null,"M","?","M","$","M","R","E","M","T","?","R","E","?","?","R","B",null,"M","M","?","M","$","R","E","R","T","?","M","E","R","?","R","B","B",null,"R","$","E","B"],"character_chosen":"DEFECT","items_purchased":["Coolheaded","Toy Ornithopter","Membership Card","Coolheaded","Incense Burner","Cables","SkillPotion","SkillPotion"],"campfire_rested":2,"item_purchase_floors":[12,21,39,39,54,54,54,54],"current_hp_per_floor":[64,63,63,63,63,63,39,39,39,60,46,46,32,21,21,21,59,34,34,29,29,71,71,35,22,22,16,37,33,33,33,33,34,62,60,60,60,60,60,60,66,66,66,66,56,56,56,46,46,18,29,58,58,58,26,0],"gold":33,"neow_bonus":"RANDOM_COMMON_RELIC","is_prod":false,"is_daily":false,"chose_seed":false,"campfire_upgraded":9,"win_rate":0,"timestamp":1558069930,"path_taken":["M","?","M","?","?","R","E","R","T","R","E","$","E","?","R","BOSS","M","?","M","$","M","R","E","?","T","?","R","E","?","?","R","BOSS","M","M","?","M","$","R","E","R","T","?","M","E","R","?","R","BOSS","BOSS","R","$","E","BOSS"],"build_version":"2019-01-23","purchased_purges":2,"victory":false,"max_hp_per_floor":[71,71,71,71,71,71,71,71,71,71,71,71,71,71,71,71,71,71,71,71,71,71,71,71,71,71,71,71,71,71,71,71,71,71,71,71,67,67,67,67,67,67,67,67,67,67,67,67,67,67,67,67,67,67,67,67],"card_choices":[{"not_picked":["Leap","Barrage"],"picked":"Go for the Eyes","floor":1},{"not_picked":["Cold Snap","Steam Power"],"picked":"Ball Lightning","floor":2},{"not_picked":["Fusion","Redo"],"picked":"Coolheaded","floor":3},{"not_picked":["Coolheaded","Conserve Battery"],"picked":"Loop","floor":7},{"not_picked":["Glacier","White Noise"],"picked":"Defragment","floor":11},{"not_picked":["Recycle","Aggregate"],"picked":"Genetic Algorithm","floor":13},{"not_picked":["Multi-Cast","Buffer"],"picked":"Electrodynamics","floor":16},{"not_picked":["Leap","Steam"],"picked":"Force Field","floor":18},{"not_picked":["Blizzard","Coolheaded","Steam"],"picked":"SKIP","floor":20},{"not_picked":["Cold Snap","Ball Lightning"],"picked":"Fusion+1","floor":22},{"not_picked":["Ball Lightning","Beam Cell"],"picked":"White Noise+1","floor":24},{"not_picked":["Scrape","Turbo"],"picked":"Consume+1","floor":25},{"not_picked":["BootSequence+1","Amplify"],"picked":"Stack+1","floor":29},{"not_picked":["Amplify","Multi-Cast"],"picked":"Echo Form","floor":33},{"not_picked":["FTL","Leap"],"picked":"Undo","floor":35},{"not_picked":["Conserve Battery","Compile Driver"],"picked":"Turbo","floor":36},{"not_picked":["Streamline+1","Melter"],"picked":"Static Discharge","floor":38},{"not_picked":["Beam Cell","Storm","Blizzard"],"picked":"SKIP","floor":41},{"not_picked":["Hologram","Stack+1"],"picked":"Coolheaded+1","floor":45},{"not_picked":["Hello World","Coolheaded","Streamline"],"picked":"SKIP","floor":45},{"not_picked":["Chaos","Hello World"],"picked":"Defragment","floor":46},{"not_picked":["Bandage Up","Secret Weapon"],"picked":"Master of Strategy","floor":48},{"not_picked":["Forethought","Good Instincts"],"picked":"Bandage Up","floor":48},{"not_picked":["Magnetism","Flash of Steel"],"picked":"Bandage Up","floor":48},{"not_picked":["Coolheaded","Rebound","Stack"],"picked":"SKIP","floor":55}],"player_experience":1372868,"relics_obtained":[{"floor":7,"key":"Lantern"},{"floor":9,"key":"Bag of Marbles"},{"floor":11,"key":"Bronze Scales"},{"floor":13,"key":"Matryoshka"},{"floor":24,"key":"Omamori"},{"floor":26,"key":"Pantograph"},{"floor":26,"key":"Bottled Lightning"},{"floor":27,"key":"Red Mask"},{"floor":29,"key":"Ginger"},{"floor":41,"key":"Prayer Wheel"},{"floor":43,"key":"DataDisk"},{"floor":46,"key":"Blue Candle"},{"floor":55,"key":"Shuriken"}],"event_choices":[{"damage_healed":0,"gold_gain":0,"cards_transformed":["Strike_B"],"player_choice":"Change","damage_taken":0,"max_hp_gain":0,"max_hp_loss":0,"event_name":"Living Wall","floor":4,"gold_loss":0,"cards_obtained":["Barrage"]},{"damage_healed":0,"gold_gain":0,"player_choice":"Ignored","damage_taken":0,"max_hp_gain":0,"max_hp_loss":0,"event_name":"Liars Game","floor":5,"gold_loss":0},{"damage_healed":0,"gold_gain":75,"player_choice":"Gather Gold","damage_taken":11,"max_hp_gain":0,"max_hp_loss":0,"event_name":"World of Goop","floor":14,"gold_loss":0},{"cards_removed":["Strike_B"],"damage_healed":0,"gold_gain":0,"player_choice":"Purged","damage_taken":0,"max_hp_gain":0,"max_hp_loss":0,"event_name":"Purifier","floor":19,"gold_loss":0},{"damage_healed":0,"gold_gain":0,"player_choice":"Fought Bandits","damage_taken":0,"max_hp_gain":0,"max_hp_loss":0,"event_name":"Masked Bandits","floor":27,"gold_loss":0},{"damage_healed":0,"gold_gain":0,"player_choice":"Ignored","damage_taken":0,"max_hp_gain":0,"max_hp_loss":0,"event_name":"Vampires","floor":30,"gold_loss":0},{"damage_healed":0,"gold_gain":0,"player_choice":"Opened","damage_taken":0,"relics_obtained":["War Paint"],"max_hp_gain":0,"max_hp_loss":0,"event_name":"The Mausoleum","floor":31,"gold_loss":0,"cards_obtained":["Writhe"]},{"damage_healed":0,"gold_gain":0,"player_choice":"Max HP","damage_taken":0,"max_hp_gain":0,"max_hp_loss":4,"event_name":"Winding Halls","floor":37,"gold_loss":0},{"damage_healed":0,"gold_gain":222,"player_choice":"Wore Mask","damage_taken":0,"max_hp_gain":0,"max_hp_loss":0,"event_name":"Tomb of Lord Red Mask","floor":44,"gold_loss":0},{"damage_healed":0,"gold_gain":0,"player_choice":"Memory 3","damage_taken":10,"max_hp_gain":0,"max_hp_loss":0,"event_name":"SensoryStone","floor":48,"gold_loss":0}],"is_beta":false,"boss_relics":[{"not_picked":["Ectoplasm","Coffee Dripper"],"picked":"Inserter"},{"not_picked":["Tiny House","Sozu"],"picked":"Nuclear Battery"}],"items_purged_floors":[12,21],"is_endless":false,"potions_floor_spawned":[2,3,13,18,20,24,33,36,38,45],"killed_by":"The Heart","ascension_level":20}