{"gold_per_floor":[114,114,114,134,154,183,183,183,183,198,198,213,228,248,248,345,345,364,384,404,404],"floor_reached":21,"playtime":2169,"items_purged":[],"score":194,"play_id":"b9698867-d773-49bb-a59d-ae4c229b9106","local_time":"20190620023239","is_ascension_mode":true,"campfire_choices":[{"floor":7,"key":"REST"},{"floor":11,"key":"REST"},{"floor":15,"key":"REST"}],"neow_cost":"NONE","seed_source_timestamp":511907919100,"circlet_count":0,"master_deck":["Strike_B","Strike_B","Strike_B","Strike_B","Defend_B+1","Defend_B+1","Defend_B","Zap","Dualcast","Redo+1","Tempest","Coolheaded","Melter","Consume","Cold Snap","Chaos","Turbo","Multi-Cast","Tempest+1","Chaos+1","Redo+1"],"relics":["Cracked Core","Bottled Flame","Inserter"],"potions_floor_usage":[6,16,20,21],"damage_taken":[{"damage":0,"enemies":"Small Slimes","floor":1,"turns":3},{"damage":6,"enemies":"2 Louse","floor":4,"turns":3},{"damage":0,"enemies":"Cultist","floor":5,"turns":3},{"damage":43,"enemies":"3 Sentries","floor":6,"turns":11},{"damage":11,"enemies":"3 Louse","floor":10,"turns":2},{"damage":4,"enemies":"2 Fungi Beasts","floor":12,"turns":3},{"damage":7,"enemies":"Looter","floor":13,"turns":3},{"damage":6,"enemies":"Red Slaver","floor":14,"turns":3},{"damage":21,"enemies":"The Guardian","floor":16,"turns":11},{"damage":19,"enemies":"Spheric Guardian","floor":18,"turns":4},{"damage":10,"enemies":"Chosen","floor":19,"turns":3},{"damage":12,"enemies":"Centurion and Healer","floor":20,"turns":4},{"damage":49,"enemies":"Masked Bandits","floor":21,"turns":3}],"seed_played":"6249971269265027658","potions_obtained":[{"floor":4,"key":"LiquidBronze"},{"floor":6,"key":"Swift Potion"},{"floor":12,"key":"Ancient Potion"},{"floor":14,"key":"Block Potion"}],"is_trial":false,"path_per_floor":["M","?","?","M","M","E","R","?","T","M","R","M","M","M","R","B",null,"M","M","M","?"],"character_chosen":"DEFECT","items_purchased":[],"campfire_rested":3,"item_purchase_floors":[],"current_hp_per_floor":[82,82,66,60,60,17,41,41,41,30,54,50,43,37,61,40,82,63,53,41,0],"gold":404,"neow_bonus":"TEN_PERCENT_HP_BONUS","is_prod":false,"is_daily":false,"chose_seed":false,"campfire_upgraded":0,"win_rate":0,"timestamp":1561012359,"path_taken":["M","?","?","M","M","E","R","?","T","M","R","M","M","M","R","BOSS","M","?","M","?"],"build_version":"2019-01-23","purchased_purges":0,"victory":false,"max_hp_per_floor":[82,82,82,82,82,82,82,82,82,82,82,82,82,82,82,82,82,82,82,82,82],"card_choices":[{"not_picked":["Steam","Streamline"],"picked":"Redo","floor":1},{"not_picked":["Gash","Compile Driver"],"picked":"Tempest","floor":4},{"not_picked":["White Noise","Melter"],"picked":"Coolheaded","floor":5},{"not_picked":["Stack","Thunder Strike"],"picked":"Melter","floor":6},{"not_picked":["Static Discharge","Stack"],"picked":"Consume","floor":10},{"not_picked":["Conserve Battery","Gash"],"picked":"Cold Snap","floor":12},{"not_picked":["Steam","Compile Driver"],"picked":"Chaos","floor":13},{"not_picked":["White Noise","Fusion"],"picked":"Turbo","floor":14},{"not_picked":["All For One","Echo Form"],"picked":"Multi-Cast","floor":16},{"not_picked":["Ball Lightning+1","Coolheaded"],"picked":"Tempest+1","floor":18},{"not_picked":["Fusion","Barrage"],"picked":"Chaos+1","floor":19},{"not_picked":["Lockon","Sunder+1"],"picked":"Redo+1","floor":20}],"player_experience":99760,"relics_obtained":[{"floor":6,"key":"Bottled Flame"}],"event_choices":[{"damage_healed":0,"gold_gain":0,"player_choice":"Grow","damage_taken":0,"max_hp_gain":0,"max_hp_loss":0,"event_name":"Living Wall","floor":2,"gold_loss":0,"cards_upgraded":["Redo"]},{"damage_healed":0,"gold_gain":0,"player_choice":"Entered Light","damage_taken":16,"max_hp_gain":0,"max_hp_loss":0,"event_name":"Shining Light","floor":3,"gold_loss":0,"cards_upgraded":["Defend_B","Defend_B"]},{"cards_removed":["Defend_B"],"damage_healed":0,"gold_gain":0,"player_choice":"Purged","damage_taken":0,"max_hp_gain":0,"max_hp_loss":0,"event_name":"Purifier","floor":8,"gold_loss":0},{"damage_healed":0,"gold_gain":0,"player_choice":"Fought Bandits","damage_taken":0,"max_hp_gain":0,"max_hp_loss":0,"event_name":"Masked Bandits","floor":21,"gold_loss":0}],"is_beta":false,"boss_relics":[{"not_picked":["Calling Bell","Orrery"],"picked":"Inserter"}],"items_purged_floors":[],"is_endless":false,"potions_floor_spawned":[4,6,12,14],"killed_by":"Masked Bandits","ascension_level":1}