{"gold_per_floor":[369,388,388,388,20,20,64,64,89,122,122,140,178,194,194,293,293,317,335,209,209,225,225,252,252,275,20,45,60,80,110,110,189,189,209,209,70,87,87,120,120,151,177,232,101,113,30,44,44,44,44,44,44,44,74,74],"floor_reached":57,"playtime":5827,"items_purged":["Strike_B","Strike_B","Strike_B"],"score":3222,"play_id":"b25e5942-ebf0-4b53-9055-7e2feba368c3","local_time":"20190310034227","is_ascension_mode":true,"campfire_choices":[{"floor":6.0,"key":"REST"},{"floor":8.0,"key":"REST"},{"data":"Seek","floor":11.0,"key":"SMITH"},{"data":"Apotheosis","floor":15.0,"key":"SMITH"},{"data":"Fission","floor":23.0,"key":"SMITH"},{"floor":25.0,"key":"RECALL"},{"data":"Defragment","floor":32.0,"key":"SMITH"},{"data":"Seek","floor":41.0,"key":"SMITH"},{"data":"Turbo","floor":49.0,"key":"SMITH"},{"data":"Heatsinks","floor":53.0,"key":"SMITH"}],"neow_cost":"PERCENT_DAMAGE","seed_source_timestamp":104887991555694,"circlet_count":0,"master_deck":["AscendersBane","Defend_B","Defend_B","Defend_B","Defend_B","Zap","Dualcast","Glacier","Go for the Eyes","Self Repair","Apotheosis+1","Seek+1","White Noise","Coolheaded","Rip and Tear","Tempest","Fission+1","Recycle","Stack","Sweeping Beam","Coolheaded","Multi-Cast","Defragment","Barrage","Storm","Coolheaded","Defragment+1","Seek+1","Fusion","Heatsinks+1","Panacea","Madness","Compile Driver","Chaos","Defragment","Turbo+1","Barrage","Hologram","Rainbow"],"special_seed":0,"relics":["Cracked Core","Bloody Idol","Bronze Scales","Thread and Needle","Strawberry","DataDisk","Bottled Lightning","Inserter","Ancient Tea Set","Orichalcum","Bag of Preparation","Smiling Mask","Anchor","Black Star","Centennial Puzzle","Blood Vial","Gambling Chip","PreservedInsect","Ice Cream","Letter Opener","Blue Candle"],"potions_floor_usage":[56,56],"damage_taken":[{"damage":7.0,"enemies":"Small Slimes","floor":1.0,"turns":3.0},{"damage":1.0,"enemies":"Jaw Worm","floor":2.0,"turns":5.0},{"damage":41.0,"enemies":"Gremlin Nob","floor":7.0,"turns":5.0},{"damage":9.0,"enemies":"3 Sentries","floor":10.0,"turns":6.0},{"damage":0.0,"enemies":"2 Louse","floor":12.0,"turns":1.0},{"damage":13.0,"enemies":"Gremlin Nob","floor":13.0,"turns":5.0},{"damage":0.0,"enemies":"Blue Slaver","floor":14.0,"turns":4.0},{"damage":6.0,"enemies":"Hexaghost","floor":16.0,"turns":8.0},{"damage":0.0,"enemies":"Shell Parasite","floor":18.0,"turns":4.0},{"damage":0.0,"enemies":"3 Byrds","floor":19.0,"turns":2.0},{"damage":14.0,"enemies":"Shelled Parasite and Fungi","floor":22.0,"turns":6.0},{"damage":0.0,"enemies":"Book of Stabbing","floor":24.0,"turns":6.0},{"damage":0.0,"enemies":"Gremlin Leader","floor":28.0,"turns":5.0},{"damage":0.0,"enemies":"Sentry and Sphere","floor":29.0,"turns":4.0},{"damage":0.0,"enemies":"3 Cultists","floor":30.0,"turns":4.0},{"damage":0.0,"enemies":"Book of Stabbing","floor":31.0,"turns":4.0},{"damage":28.0,"enemies":"Collector","floor":33.0,"turns":8.0},{"damage":0.0,"enemies":"3 Shapes","floor":35.0,"turns":3.0},{"damage":0.0,"enemies":"Orb Walker","floor":38.0,"turns":3.0},{"damage":0.0,"enemies":"Nemesis","floor":40.0,"turns":9.0},{"damage":18.0,"enemies":"Reptomancer","floor":42.0,"turns":5.0},{"damage":0.0,"enemies":"2 Orb Walkers","floor":44.0,"turns":1.0},{"damage":10.0,"enemies":"Maw","floor":46.0,"turns":4.0},{"damage":0.0,"enemies":"Writhing Mass","floor":48.0,"turns":2.0},{"damage":0.0,"enemies":"Time Eater","floor":50.0,"turns":8.0},{"damage":0.0,"enemies":"Donu and Deca","floor":51.0,"turns":10.0},{"damage":0.0,"enemies":"Shield and Spear","floor":55.0,"turns":5.0},{"damage":58,"enemies":"The Heart","floor":56,"turns":9}],"seed_played":"5898309665441251912","potions_obtained":[{"floor":1.0,"key":"PowerPotion"},{"floor":7.0,"key":"AttackPotion"},{"floor":10.0,"key":"Strength Potion"},{"floor":12.0,"key":"Ancient Potion"},{"floor":13.0,"key":"Ancient Potion"},{"floor":29.0,"key":"EssenceOfSteel"},{"floor":30.0,"key":"Fire Potion"},{"floor":38.0,"key":"Swift Potion"},{"floor":42.0,"key":"SkillPotion"}],"is_trial":false,"path_per_floor":["M","M","?","?","$","R","E","R","T","E","R","M","E","M","R","B",null,"M","M","$","?","M","R","E","R","T","$","E","M","M","E","R","B",null,"M","?","$","M","?","E","R","E","T","?","$","M","$","M","R","B","B",null,"R","$","E","B",null],"character_chosen":"DEFECT","items_purchased":["Bronze Scales","Apotheosis","Sweeping Beam","Defragment","Bag of Preparation","Heatsinks","Defragment","Barrage","Hologram"],"campfire_rested":2,"item_purchase_floors":[5,5,20,27,27,37,45,47,47],"current_hp_per_floor":[39,38,38,38,38,57,26,45,52,50,50,50,47,57,57,71,71,71,71,71,71,71,71,71,71,71,71,71,71,71,71,71,58,68,71,71,71,71,66,71,71,68,71,71,71,71,71,71,71,71,71,71,71,71,71,23],"gold":74,"neow_bonus":"TWO_FIFTY_GOLD","is_prod":false,"is_daily":false,"chose_seed":false,"campfire_upgraded":7,"win_rate":0,"timestamp":1552203747,"path_taken":["M","M","?","?","$","R","E","R","T","E","R","M","E","M","R","BOSS","M","M","$","?","M","R","E","R","T","$","E","M","M","E","R","BOSS","M","?","$","M","?","E","R","E","T","?","?","M","$","?","R","BOSS","BOSS","R","$","E","BOSS"],"build_version":"2019-01-23","purchased_purges":3,"victory":true,"max_hp_per_floor":[71,71,71,64,64,64,64,64,71,71,71,71,71,71,71,71,71,71,71,71,71,71,71,71,71,71,71,71,71,71,71,71,71,71,71,71,71,71,71,71,71,71,71,71,71,71,71,71,71,71,71,71,71,71,71,71],"card_choices":[{"not_picked":["Gash","Turbo"],"picked":"Glacier","floor":1.0},{"not_picked":["FTL","Steam Power"],"picked":"Go for the Eyes","floor":2.0},{"not_picked":["Stack","Storm"],"picked":"Seek","floor":7.0},{"not_picked":["Beam Cell","Cold Snap"],"picked":"White Noise","floor":10.0},{"not_picked":["Heatsinks","Cold Snap"],"picked":"Coolheaded","floor":12.0},{"not_picked":["Force Field","Hologram"],"picked":"Rip and Tear","floor":13.0},{"not_picked":["Conserve Battery","Cold Snap"],"picked":"Tempest","floor":14.0},{"not_picked":["Amplify","Reboot"],"picked":"Fission","floor":16.0},{"not_picked":["Storm","Steam"],"picked":"Recycle","floor":18.0},{"not_picked":["Gash","Lockon"],"picked":"Stack","floor":19.0},{"not_picked":["Scrape","Tempest"],"picked":"Coolheaded","floor":22.0},{"not_picked":["Rip and Tear","Hello World"],"picked":"Multi-Cast","floor":24.0},{"not_picked":["Cold Snap","Rebound"],"picked":"Barrage","floor":28.0},{"not_picked":["Redo","Beam Cell"],"picked":"Storm","floor":29.0},{"not_picked":["Streamline","Compile Driver"],"picked":"Coolheaded","floor":30.0},{"not_picked":["Auto Shields","Turbo"],"picked":"Defragment","floor":31.0},{"not_picked":["Reboot","Meteor Strike"],"picked":"Seek","floor":33.0},{"not_picked":["Coolheaded","Beam Cell+1"],"picked":"Fusion","floor":35.0},{"not_picked":["Steam","Redo+1","Sweeping Beam+1"],"picked":"SKIP","floor":38.0},{"not_picked":["Metamorphosis","Forethought"],"picked":"Panacea","floor":39.0},{"not_picked":["Secret Weapon","PanicButton"],"picked":"Madness","floor":39.0},{"not_picked":["Aggregate","Beam Cell+1"],"picked":"Compile Driver","floor":40.0},{"not_picked":["Static Discharge","Ball Lightning"],"picked":"Chaos","floor":42.0},{"not_picked":["Glacier","Chill"],"picked":"Turbo","floor":46.0},{"not_picked":["Steam Power","Beam Cell","Reprogram"],"picked":"SKIP","floor":48.0},{"not_picked":["Sweeping Beam","Reprogram+1"],"picked":"Rainbow","floor":55.0}],"player_experience":855044,"relics_obtained":[{"floor":7.0,"key":"Thread and Needle"},{"floor":9.0,"key":"Strawberry"},{"floor":10.0,"key":"DataDisk"},{"floor":13.0,"key":"Bottled Lightning"},{"floor":24.0,"key":"Ancient Tea Set"},{"floor":26.0,"key":"Orichalcum"},{"floor":28.0,"key":"Smiling Mask"},{"floor":31.0,"key":"Anchor"},{"floor":40.0,"key":"Centennial Puzzle"},{"floor":40.0,"key":"Blood Vial"},{"floor":42.0,"key":"Gambling Chip"},{"floor":42.0,"key":"PreservedInsect"},{"floor":44.0,"key":"Ice Cream"},{"floor":55.0,"key":"Letter Opener"},{"floor":55.0,"key":"Blue Candle"}],"event_choices":[{"damage_healed":0.0,"max_hp_gain":0.0,"max_hp_loss":0.0,"gold_gain":0.0,"cards_transformed":["Strike_B"],"event_name":"Living Wall","player_choice":"Change","floor":3.0,"gold_loss":0.0,"damage_taken":0.0,"cards_obtained":["Self Repair"]},{"damage_healed":0.0,"max_hp_gain":0.0,"max_hp_loss":7.0,"gold_gain":0.0,"event_name":"Golden Idol","player_choice":"Lose Max HP","floor":4.0,"gold_loss":0.0,"damage_taken":0.0,"relics_obtained":["Golden Idol"]},{"damage_healed":0.0,"max_hp_gain":0.0,"max_hp_loss":0.0,"gold_gain":0.0,"event_name":"Forgotten Altar","player_choice":"Gave Idol","floor":21.0,"relics_lost":["Golden Idol"],"gold_loss":0.0,"damage_taken":0.0,"relics_obtained":["Bloody Idol"]},{"damage_healed":0.0,"max_hp_gain":0.0,"max_hp_loss":0.0,"gold_gain":0.0,"event_name":"Tomb of Lord Red Mask","player_choice":"Ignored","floor":36.0,"gold_loss":0.0,"damage_taken":0.0},{"damage_healed":0.0,"max_hp_gain":0.0,"max_hp_loss":0.0,"gold_gain":0.0,"event_name":"SensoryStone","player_choice":"Memory 2","floor":39.0,"gold_loss":0.0,"damage_taken":5.0},{"damage_healed":0.0,"max_hp_gain":0.0,"max_hp_loss":0.0,"gold_gain":0.0,"event_name":"Mysterious Sphere","player_choice":"Fight","floor":44.0,"gold_loss":0.0,"damage_taken":0.0}],"is_beta":false,"boss_relics":[{"not_picked":["Eternal Feather","Busted Crown"],"picked":"Inserter"},{"not_picked":["FrozenCore","Calling Bell"],"picked":"Black Star"}],"items_purged_floors":[20,37,45],"is_endless":false,"potions_floor_spawned":[1,7,10,12,13,19,24,29,30,38,42,44,48,55],"ascension_level":20}