{"gold_per_floor":[115,129,35,49,68,68,97,97,97,122,136,198,198,208,208,306,306,322,332,345,67,79,111,111,137,137,237,237,250,279,297,297,395,395,405,405,74,84,94,129,129,142,142,142,42,54,54,67,67,67,67,67,17,17],"floor_reached":54,"playtime":4792,"items_purged":["Defend_B"],"score":827,"play_id":"8e38aba2-7a3c-4bef-a347-d7c979d571e5","local_time":"20190607024229","is_ascension_mode":true,"campfire_choices":[{"floor":6,"key":"RECALL"},{"floor":8,"key":"REST"},{"data":"Dualcast","floor":15,"key":"SMITH"},{"floor":32,"key":"REST"},{"floor":41,"key":"REST"},{"floor":44,"key":"REST"},{"floor":49,"key":"REST"},{"data":"1","floor":52,"key":"LIFT"}],"neow_cost":"NONE","seed_source_timestamp":1582348649386300,"circlet_count":0,"master_deck":["Strike_B","Strike_B","Strike_B","Strike_B","Defend_B","Defend_B","Defend_B","Zap","Dualcast+1","Streamline","Skim","Melter","Consume+1","Redo+1","Hello World","Glacier+1","Machine Learning","Conserve Battery+1","Cold Snap+1","Hello World","Coolheaded+1","Cold Snap","Leap+1","Writhe","Hello World","Beam Cell","Stack+1","Doom and Gloom","Rainbow+1","Beam Cell+1","Storm","Cold Snap","Cold Snap+1","Rainbow+1","Stack+1","Steam+1","Redo+1","Leap+1","Bandage Up+1","Creative AI"],"relics":["Cracked Core","DataDisk","Toxic Egg 2","Happy Flower","Anchor","Lizard Tail","Centennial Puzzle","Ancient Tea Set","Blood Vial","Pantograph","Mercury Hourglass","Girya","Pear","Question Card","Shuriken","Black Star","Bottled Tornado","Bag of Preparation","Bottled Flame","Sundial"],"potions_floor_usage":[7,10,16,16,22,29,30,30,31,39,40,46,48,50,50,54],"damage_taken":[{"damage":8,"enemies":"Small Slimes","floor":1,"turns":3},{"damage":0,"enemies":"Cultist","floor":2,"turns":2},{"damage":4,"enemies":"Jaw Worm","floor":4,"turns":5},{"damage":24,"enemies":"Lots of Slimes","floor":5,"turns":4},{"damage":9,"enemies":"Lagavulin","floor":7,"turns":5},{"damage":30,"enemies":"3 Sentries","floor":10,"turns":6},{"damage":18,"enemies":"Large Slime","floor":11,"turns":5},{"damage":10,"enemies":"Looter","floor":14,"turns":3},{"damage":24,"enemies":"Hexaghost","floor":16,"turns":17},{"damage":2,"enemies":"Shell Parasite","floor":18,"turns":6},{"damage":5,"enemies":"3 Byrds","floor":19,"turns":6},{"damage":3,"enemies":"Snake Plant","floor":20,"turns":5},{"damage":0,"enemies":"Centurion and Healer","floor":22,"turns":8},{"damage":15,"enemies":"Book of Stabbing","floor":23,"turns":10},{"damage":25,"enemies":"Slavers","floor":25,"turns":10},{"damage":15,"enemies":"Colosseum Slavers","floor":27,"turns":5},{"damage":17,"enemies":"Colosseum Nobs","floor":27,"turns":5},{"damage":0,"enemies":"Snecko","floor":29,"turns":7},{"damage":8,"enemies":"Book of Stabbing","floor":30,"turns":11},{"damage":6,"enemies":"Snake Plant","floor":31,"turns":3},{"damage":38,"enemies":"Collector","floor":33,"turns":13},{"damage":0,"enemies":"3 Shapes","floor":35,"turns":5},{"damage":21,"enemies":"3 Darklings","floor":38,"turns":7},{"damage":22,"enemies":"Transient","floor":39,"turns":5},{"damage":95,"enemies":"Giant Head","floor":40,"turns":12},{"damage":18,"enemies":"4 Shapes","floor":42,"turns":5},{"damage":10,"enemies":"Maw","floor":46,"turns":8},{"damage":11,"enemies":"Jaw Worm Horde","floor":48,"turns":5},{"damage":23,"enemies":"Donu and Deca","floor":50,"turns":15},{"damage":96,"enemies":"Shield and Spear","floor":54,"turns":8}],"seed_played":"-7120775621776906077","potions_obtained":[{"floor":5,"key":"SkillPotion"},{"floor":7,"key":"SpeedPotion"},{"floor":10,"key":"EssenceOfSteel"},{"floor":11,"key":"Dexterity Potion"},{"floor":20,"key":"Fire Potion"},{"floor":22,"key":"Block Potion"},{"floor":27,"key":"SpeedPotion"},{"floor":29,"key":"SteroidPotion"},{"floor":30,"key":"Block Potion"},{"floor":33,"key":"Poison Potion"},{"floor":38,"key":"Energy Potion"},{"floor":40,"key":"AttackPotion"},{"floor":42,"key":"SkillPotion"},{"floor":48,"key":"Dexterity Potion"}],"is_trial":false,"path_per_floor":["M","M","?","M","M","R","E","R","T","E","M","?","?","M","R","B",null,"M","M","M","$","M","E","?","E","T","?","T","M","E","M","R","B",null,"M","?","$","M","M","E","R","M","T","R","$","M","?","M","R","B",null,"R","$","E"],"character_chosen":"DEFECT","items_purchased":["Coolheaded+1","Centennial Puzzle","Storm","Bottled Tornado","Cold Snap","Redo+1","Fire Potion","PowerPotion"],"campfire_rested":5,"item_purchase_floors":[21,21,37,37,37,45,45,53],"current_hp_per_floor":[67,67,67,63,39,39,30,52,52,22,4,4,85,75,75,51,85,83,78,75,75,75,60,60,37,37,19,19,21,15,11,39,28,95,95,95,95,74,54,29,57,41,41,69,69,61,61,58,86,78,95,95,95,0],"gold":17,"neow_bonus":"RANDOM_COMMON_RELIC","is_prod":false,"is_daily":false,"chose_seed":false,"campfire_upgraded":1,"win_rate":0,"timestamp":1559889749,"path_taken":["M","M","?","M","?","R","E","R","T","E","M","?","?","M","R","BOSS","M","?","M","$","M","E","?","E","T","?","?","M","E","?","R","BOSS","M","?","$","M","M","E","R","M","T","R","$","M","?","M","R","BOSS","R","$","E"],"build_version":"2019-01-23","purchased_purges":1,"victory":false,"max_hp_per_floor":[75,75,75,75,75,75,75,75,75,75,75,75,85,85,85,85,85,85,85,85,85,85,85,85,85,85,95,95,95,95,95,95,95,95,95,95,95,95,95,95,95,95,95,95,95,95,95,95,95,95,95,95,95,95],"card_choices":[{"not_picked":["Rebound","Sweeping Beam"],"picked":"Streamline","floor":1},{"not_picked":["Sweeping Beam","Steam"],"picked":"Skim","floor":2},{"not_picked":["FTL","Stack+1"],"picked":"Melter","floor":4},{"not_picked":["BootSequence+1","FTL"],"picked":"Consume+1","floor":5},{"not_picked":["Ball Lightning","Consume+1"],"picked":"Redo+1","floor":7},{"not_picked":["Lockon","Skim+1"],"picked":"Hello World","floor":10},{"not_picked":["Compile Driver","Sweeping Beam"],"picked":"Thunder Strike","floor":11},{"not_picked":["Gash","Chaos+1"],"picked":"Glacier+1","floor":14},{"not_picked":["Core Surge","Thunder Strike"],"picked":"Machine Learning","floor":16},{"not_picked":["Lockon+1","Compile Driver"],"picked":"Conserve Battery+1","floor":18},{"not_picked":["Stack+1","Redo+1"],"picked":"Cold Snap+1","floor":19},{"not_picked":["Gash","Double Energy+1"],"picked":"Hello World","floor":20},{"not_picked":["Meteor Strike","Ball Lightning"],"picked":"Cold Snap","floor":22},{"not_picked":["Reprogram+1","Streamline+1"],"picked":"Leap+1","floor":23},{"not_picked":["Rebound","Aggregate+1"],"picked":"Hello World","floor":25},{"not_picked":["Leap+1","Scrape"],"picked":"Beam Cell","floor":27},{"not_picked":["Steam+1","Hologram+1","Gash+1"],"picked":"Stack+1","floor":29},{"not_picked":["Chill+1","Reboot+1","Cold Snap"],"picked":"Go for the Eyes+1","floor":30},{"not_picked":["Coolheaded+1","Tempest+1","White Noise+1"],"picked":"Doom and Gloom","floor":31},{"not_picked":["Fission+1","Reboot+1","Amplify+1"],"picked":"Rainbow+1","floor":33},{"not_picked":["Aggregate+1","Lockon+1","FTL"],"picked":"Beam Cell+1","floor":35},{"not_picked":["Steam+1","Beam Cell+1","Self Repair"],"picked":"Cold Snap+1","floor":38},{"not_picked":["Hello World","Streamline","Steam Power+1"],"picked":"Rainbow+1","floor":39},{"not_picked":["Coolheaded+1","Storm+1","Self Repair"],"picked":"Stack+1","floor":40},{"not_picked":["Gash","Barrage+1","Streamline+1"],"picked":"Steam+1","floor":42},{"not_picked":["Rebound+1","Hologram+1","Stack+1"],"picked":"Leap+1","floor":46},{"not_picked":["Impatience+1","Enlightenment+1","Good Instincts+1"],"picked":"Bandage Up+1","floor":47},{"not_picked":["Barrage+1","Conserve Battery+1","Gash"],"picked":"Creative AI","floor":48}],"player_experience":82559,"relics_obtained":[{"floor":7,"key":"Happy Flower"},{"floor":10,"key":"Anchor"},{"floor":23,"key":"Ancient Tea Set"},{"floor":25,"key":"Pantograph"},{"floor":26,"key":"Mercury Hourglass"},{"floor":27,"key":"Girya"},{"floor":27,"key":"Pear"},{"floor":28,"key":"Question Card"},{"floor":30,"key":"Shuriken"},{"floor":40,"key":"Bag of Preparation"},{"floor":40,"key":"Bottled Flame"},{"floor":43,"key":"Sundial"}],"event_choices":[{"damage_healed":0,"gold_gain":0,"player_choice":"Paid Gold","damage_taken":0,"relics_obtained":["Toxic Egg 2"],"max_hp_gain":0,"max_hp_loss":0,"event_name":"WeMeetAgain","floor":3,"gold_loss":94},{"damage_healed":0,"gold_gain":62,"player_choice":"Gained Gold","damage_taken":0,"max_hp_gain":0,"max_hp_loss":0,"event_name":"Golden Wing","floor":12,"gold_loss":0},{"cards_removed":["Thunder Strike"],"damage_healed":71,"gold_gain":0,"player_choice":"Offered Rare","damage_taken":0,"max_hp_gain":10,"max_hp_loss":0,"event_name":"Bonfire Elementals","floor":13,"gold_loss":0},{"damage_healed":0,"gold_gain":0,"player_choice":"Opened","damage_taken":0,"relics_obtained":["Blood Vial"],"max_hp_gain":0,"max_hp_loss":0,"event_name":"The Mausoleum","floor":24,"gold_loss":0,"cards_obtained":["Writhe"]},{"damage_healed":0,"gold_gain":0,"player_choice":"Fight","damage_taken":0,"max_hp_gain":0,"max_hp_loss":0,"event_name":"Colosseum","floor":27,"gold_loss":0},{"damage_healed":0,"gold_gain":0,"player_choice":"Fought Nobs","damage_taken":0,"max_hp_gain":0,"max_hp_loss":0,"event_name":"Colosseum","floor":27,"gold_loss":0},{"cards_removed":["Go for the Eyes"],"damage_healed":0,"gold_gain":0,"player_choice":"Removed Attack","damage_taken":0,"max_hp_gain":0,"max_hp_loss":0,"event_name":"Falling","floor":36,"gold_loss":0},{"damage_healed":0,"gold_gain":0,"player_choice":"Memory 1","damage_taken":0,"max_hp_gain":0,"max_hp_loss":0,"event_name":"SensoryStone","floor":47,"gold_loss":0}],"is_beta":false,"boss_relics":[{"not_picked":["Fusion Hammer","Empty Cage"],"picked":"Lizard Tail"},{"not_picked":["Philosopher\u0027s Stone","Coffee Dripper"],"picked":"Black Star"}],"items_purged_floors":[21],"is_endless":false,"potions_floor_spawned":[5,7,10,11,20,22,27,29,30,33,38,40,42,48],"killed_by":"Shield and Spear","ascension_level":1}