{"gold_per_floor":[109,126,138,151,169,169,15,15,15,41,59,75,90,116,116,211,211,230,249,259,259,259],"floor_reached":22,"playtime":1460,"items_purged":[],"score":212,"play_id":"bed866aa-e807-41ca-b504-200bed219ff1","local_time":"20190626022543","is_ascension_mode":true,"campfire_choices":[{"floor":6,"key":"RECALL"},{"floor":15,"key":"REST"}],"neow_cost":"NONE","seed_source_timestamp":213076501836300,"circlet_count":0,"master_deck":["Strike_R","Strike_R","Defend_R","Defend_R","Defend_R","Defend_R","Bash","Armaments","Heavy Blade","Inflame","Pommel Strike","Flex","Impervious","Ghostly Armor","Flex","Shrug It Off","Cleave","Heavy Blade","Reaper","Disarm+1","True Grit+1","Fiend Fire+1","Cleave","Thunderclap","Body Slam+1"],"relics":["Burning Blood","Centennial Puzzle","Potion Belt","Meat on the Bone","Astrolabe","Enchiridion"],"potions_floor_usage":[13,13,16,16,20,22],"damage_taken":[{"damage":0,"enemies":"2 Louse","floor":1,"turns":3},{"damage":5,"enemies":"Cultist","floor":2,"turns":4},{"damage":8,"enemies":"Jaw Worm","floor":3,"turns":3},{"damage":11,"enemies":"Red Slaver","floor":4,"turns":3},{"damage":12,"enemies":"3 Louse","floor":5,"turns":4},{"damage":34,"enemies":"Gremlin Nob","floor":10,"turns":4},{"damage":11,"enemies":"Blue Slaver","floor":11,"turns":4},{"damage":9,"enemies":"2 Fungi Beasts","floor":12,"turns":5},{"damage":12,"enemies":"Large Slime","floor":13,"turns":7},{"damage":27,"enemies":"Lagavulin","floor":14,"turns":8},{"damage":29,"enemies":"Hexaghost","floor":16,"turns":14},{"damage":20,"enemies":"Spheric Guardian","floor":18,"turns":4},{"damage":31,"enemies":"3 Byrds","floor":19,"turns":7},{"damage":42,"enemies":"Shelled Parasite and Fungi","floor":20,"turns":7},{"damage":7,"enemies":"Cultist and Chosen","floor":22,"turns":4}],"seed_played":"-7723747333922275297","potions_obtained":[{"floor":2,"key":"Ancient Potion"},{"floor":3,"key":"GamblersBrew"},{"floor":4,"key":"Poison Potion"},{"floor":12,"key":"BloodPotion"},{"floor":18,"key":"FearPotion"},{"floor":20,"key":"EssenceOfSteel"}],"is_trial":false,"path_per_floor":["M","M","M","M","M","R","$","?","T","E","M","M","M","E","R","B",null,"M","M","M","?","M"],"character_chosen":"IRONCLAD","items_purchased":["Centennial Puzzle"],"campfire_rested":1,"item_purchase_floors":[7],"current_hp_per_floor":[80,80,78,73,67,67,67,67,67,39,34,31,33,12,36,25,80,66,47,23,7,0],"gold":259,"neow_bonus":"THREE_CARDS","is_prod":false,"is_daily":false,"chose_seed":false,"campfire_upgraded":0,"win_rate":0,"timestamp":1561530343,"path_taken":["M","M","M","M","M","R","$","?","T","E","M","M","?","E","R","BOSS","M","M","M","?","M"],"build_version":"2019-01-23","purchased_purges":0,"victory":false,"max_hp_per_floor":[80,80,80,80,80,80,80,80,80,80,80,80,80,80,80,80,80,80,80,80,80,80],"card_choices":[{"not_picked":["Perfected Strike","Warcry"],"picked":"Armaments","floor":0},{"not_picked":["Thunderclap","Sever Soul"],"picked":"Heavy Blade","floor":1},{"not_picked":["Perfected Strike","Blood for Blood"],"picked":"Carnage","floor":2},{"not_picked":["Clash","Perfected Strike"],"picked":"Inflame","floor":3},{"not_picked":["Anger","Blood for Blood"],"picked":"Pommel Strike","floor":4},{"not_picked":["Sentinel","Bloodletting"],"picked":"Flex","floor":5},{"not_picked":["Twin Strike","Impervious"],"picked":"Ghostly Armor","floor":10},{"not_picked":["Combust","Pummel"],"picked":"Flex","floor":11},{"not_picked":["Clash","Rampage"],"picked":"Shrug It Off","floor":12},{"not_picked":["Twin Strike","Pommel Strike"],"picked":"Cleave","floor":13},{"not_picked":["Burning Pact","Headbutt"],"picked":"Heavy Blade","floor":14},{"not_picked":["Feed","Offering"],"picked":"Reaper","floor":16},{"not_picked":["Disarm","Second Wind+1"],"picked":"Cleave","floor":18},{"not_picked":["Pommel Strike","Cleave"],"picked":"Thunderclap","floor":19},{"not_picked":["Bloodletting","Clash"],"picked":"Body Slam+1","floor":20}],"player_experience":132985,"relics_obtained":[{"floor":10,"key":"Potion Belt"},{"floor":14,"key":"Meat on the Bone"},{"floor":21,"key":"Enchiridion"}],"event_choices":[{"damage_healed":0,"gold_gain":0,"cards_transformed":["Carnage"],"player_choice":"Transformed","damage_taken":0,"max_hp_gain":0,"max_hp_loss":0,"event_name":"Transmorgrifier","floor":8,"gold_loss":0,"cards_obtained":["Impervious"]},{"damage_healed":0,"gold_gain":0,"player_choice":"Obtained Book","damage_taken":16,"max_hp_gain":0,"max_hp_loss":0,"event_name":"Cursed Tome","floor":21,"gold_loss":0}],"is_beta":false,"boss_relics":[{"not_picked":["Busted Crown","Coffee Dripper"],"picked":"Astrolabe"}],"items_purged_floors":[],"is_endless":false,"potions_floor_spawned":[2,3,4,12,18,20],"killed_by":"Cultist and Chosen","ascension_level":1}