{"gold_per_floor":[115,125,139,149,162,162,162,192,241,258,286,296,296,37,37,116,116,129,129,129,144,144],"floor_reached":22,"playtime":1613,"items_purged":["Strike_R"],"score":356,"play_id":"c4575d4e-ee5f-40d7-a935-be6e5473b85f","local_time":"20180926133848","is_ascension_mode":true,"campfire_choices":[{"data":"Clothesline","floor":6,"key":"SMITH"},{"data":"True Grit","floor":7,"key":"SMITH"},{"floor":13,"key":"REST"},{"data":"True Grit","floor":15,"key":"SMITH"}],"neow_cost":"TEN_PERCENT_HP_LOSS","seed_source_timestamp":1166713926248550,"circlet_count":0,"master_deck":["Strike_R","Strike_R","Strike_R","Strike_R","Defend_R","Defend_R","Defend_R","Defend_R","Bash","AscendersBane","True Grit+1","Shrug It Off","Evolve","Clothesline+1","Pommel Strike","Rampage","True Grit+1","Battle Trance","Barricade","Berserk","Shrug It Off","True Grit"],"relics":["Burning Blood","WingedGreaves","Ancient Tea Set","Bag of Marbles","Singing Bowl","Mark of Pain"],"potions_floor_usage":[8,11,11,16,22],"damage_taken":[{"damage":5,"enemies":"Cultist","floor":1,"turns":5},{"damage":4,"enemies":"Jaw Worm","floor":2,"turns":7},{"damage":7,"enemies":"Small Slimes","floor":3,"turns":5},{"damage":16,"enemies":"3 Louse","floor":4,"turns":8},{"damage":19,"enemies":"Lots of Slimes","floor":5,"turns":10},{"damage":24,"enemies":"Lagavulin","floor":8,"turns":9},{"damage":9,"enemies":"Blue Slaver","floor":10,"turns":4},{"damage":20,"enemies":"3 Sentries","floor":11,"turns":9},{"damage":4,"enemies":"Large Slime","floor":12,"turns":8},{"damage":7,"enemies":"The Guardian","floor":16,"turns":13},{"damage":27,"enemies":"3 Byrds","floor":18,"turns":8},{"damage":8,"enemies":"Shell Parasite","floor":21,"turns":11},{"damage":32,"enemies":"Masked Bandits","floor":22,"turns":3}],"seed_played":"3644939112575373606","potions_obtained":[{"floor":3,"key":"Ancient Potion"},{"floor":5,"key":"Strength Potion"},{"floor":10,"key":"LiquidBronze"},{"floor":11,"key":"Strength Potion"},{"floor":16,"key":"Energy Potion"}],"is_trial":false,"path_per_floor":["M","M","M","M","M","R","R","E","T","M","E","M","R","$","R","B",null,"M","?","?","M"],"character_chosen":"IRONCLAD","items_purchased":["Barricade"],"campfire_rested":1,"item_purchase_floors":[14],"current_hp_per_floor":[68,68,67,57,44,44,44,26,26,23,9,11,31,31,31,30,59,38,19,19,17,0],"gold":144,"neow_bonus":"ONE_RARE_RELIC","is_prod":false,"is_daily":false,"chose_seed":false,"campfire_upgraded":3,"win_rate":0,"timestamp":1537983528,"path_taken":["M","M","M","M","?","R","R","E","T","M","E","M","R","$","R","BOSS","M","?","?","M","?"],"build_version":"2018-09-20","purchased_purges":1,"victory":false,"max_hp_per_floor":[68,68,68,68,68,68,68,68,68,68,68,68,68,68,68,68,68,68,73,73,73,73],"card_choices":[{"not_picked":["Sword Boomerang","Perfected Strike"],"picked":"True Grit","floor":1},{"not_picked":["Rampage","Sentinel"],"picked":"Shrug It Off","floor":2},{"not_picked":["Anger","Metallicize","Wild Strike"],"picked":"SKIP","floor":3},{"not_picked":["Perfected Strike","Havoc"],"picked":"Evolve","floor":4},{"not_picked":["Wild Strike","Evolve"],"picked":"Clothesline","floor":5},{"not_picked":["Perfected Strike","Entrench"],"picked":"Pommel Strike","floor":8},{"not_picked":["Warcry","Fire Breathing"],"picked":"Rampage","floor":10},{"not_picked":["Sword Boomerang","Hemokinesis"],"picked":"True Grit","floor":11},{"not_picked":["Second Wind","Pommel Strike"],"picked":"Battle Trance","floor":12},{"not_picked":["Juggernaut","Bludgeon"],"picked":"Berserk","floor":16},{"not_picked":["True Grit","Hemokinesis"],"picked":"Shrug It Off","floor":18},{"not_picked":["Heavy Blade+1","Twin Strike"],"picked":"True Grit","floor":21}],"player_experience":537474,"relics_obtained":[{"floor":8,"key":"Ancient Tea Set"},{"floor":9,"key":"Bag of Marbles"},{"floor":11,"key":"Singing Bowl"}],"event_choices":[{"event_name":"Forgotten Altar","player_choice":"Shed Blood","floor":19,"damage_taken":0},{"event_name":"The Mausoleum","player_choice":"No","floor":20,"damage_taken":0},{"event_name":"Masked Bandits","player_choice":"Fought Bandits","floor":22,"damage_taken":0}],"is_beta":false,"boss_relics":[{"not_picked":["Tiny House","Snecko Eye"],"picked":"Mark of Pain"}],"items_purged_floors":[14],"is_endless":false,"potions_floor_spawned":[3,5,10,11,16],"killed_by":"Masked Bandits","ascension_level":16}