{"gold_per_floor":[112,387,402,412,136,136,155,55,55,84,84,115,195,222,222,295,295,306,325,325,325,325],"floor_reached":22,"playtime":867,"items_purged":["Regret","Strike_R"],"score":404,"play_id":"3f50021a-3da5-4e3f-94cc-373078bfe3c7","local_time":"20190312013420","is_ascension_mode":true,"campfire_choices":[{"data":"Body Slam","floor":6.0,"key":"SMITH"},{"floor":11.0,"key":"REST"},{"data":"Spot Weakness","floor":15,"key":"SMITH"}],"neow_cost":"NONE","seed_source_timestamp":275054309920852,"circlet_count":0,"master_deck":["AscendersBane","Strike_R","Strike_R","Defend_R","Defend_R","Defend_R","Defend_R","Bash","Iron Wave","Clothesline","Body Slam+1","Pommel Strike","Spot Weakness+1","Fiend Fire","Demon Form+1","Sword Boomerang","Entrench+1","Immolate","Carnage"],"special_seed":0,"relics":["Burning Blood","Omamori","Pear","Dream Catcher","Letter Opener","Frozen Egg 2","Toxic Egg 2","Runic Pyramid"],"potions_floor_usage":[14,16],"damage_taken":[{"damage":1.0,"enemies":"Small Slimes","floor":1.0,"turns":5.0},{"damage":9.0,"enemies":"Cultist","floor":3.0,"turns":4.0},{"damage":7.0,"enemies":"Jaw Worm","floor":4.0,"turns":4.0},{"damage":1.0,"enemies":"2 Fungi Beasts","floor":7.0,"turns":3.0},{"damage":41.0,"enemies":"Lagavulin","floor":10.0,"turns":9.0},{"damage":20.0,"enemies":"Gremlin Nob","floor":12.0,"turns":4.0},{"damage":33,"enemies":"Lagavulin","floor":14,"turns":4},{"damage":39,"enemies":"Hexaghost","floor":16,"turns":8},{"damage":27,"enemies":"Shell Parasite","floor":18,"turns":3},{"damage":18,"enemies":"Chosen","floor":19,"turns":4},{"damage":7,"enemies":"3 Cultists","floor":22,"turns":3}],"seed_played":"8027127981085099250","potions_obtained":[{"floor":1.0,"key":"SpeedPotion"},{"floor":3.0,"key":"Swift Potion"},{"floor":12.0,"key":"Strength Potion"},{"floor":14,"key":"Ancient Potion"},{"floor":19,"key":"Strength Potion"}],"is_trial":false,"path_per_floor":["M","?","M","M","$","R","M","$","T","E","R","E","T","E","R","B",null,"M","M","?","?","M"],"character_chosen":"IRONCLAD","items_purchased":["Omamori","Body Slam"],"campfire_rested":1,"item_purchase_floors":[5,5],"current_hp_per_floor":[80,80,77,76,76,76,81,81,91,56,83,69,69,42,42,9,71,50,38,38,38,31],"gold":325,"neow_bonus":"TEN_PERCENT_HP_BONUS","is_prod":false,"is_daily":false,"chose_seed":false,"campfire_upgraded":2,"win_rate":0,"timestamp":1552368860,"path_taken":["M","?","M","M","?","R","M","$","T","E","R","E","?","E","R","BOSS","M","M","?","?","M"],"build_version":"2019-01-23","purchased_purges":2,"victory":false,"max_hp_per_floor":[82,82,82,82,82,82,82,82,92,92,92,92,92,92,92,92,92,92,92,92,92,92],"card_choices":[{"not_picked":["Warcry","True Grit"],"picked":"Iron Wave","floor":1.0},{"not_picked":["Rage","Rupture"],"picked":"Clothesline","floor":3.0},{"not_picked":["Searing Blow","Blood for Blood","Armaments"],"picked":"SKIP","floor":4.0},{"not_picked":["Searing Blow","Rampage"],"picked":"Pommel Strike","floor":7.0},{"not_picked":["Battle Trance","Dual Wield"],"picked":"Spot Weakness","floor":10.0},{"not_picked":["Sword Boomerang","Pommel Strike"],"picked":"Fiend Fire","floor":12.0},{"not_picked":["Thunderclap","Havoc","Body Slam"],"picked":"SKIP","floor":14},{"not_picked":["Offering+1","Exhume+1"],"picked":"Demon Form+1","floor":16},{"not_picked":["Carnage","Headbutt"],"picked":"Sword Boomerang","floor":18},{"not_picked":["Uppercut","Evolve+1"],"picked":"Entrench+1","floor":19}],"player_experience":822262,"relics_obtained":[{"floor":9.0,"key":"Pear"},{"floor":10.0,"key":"Dream Catcher"},{"floor":12.0,"key":"Letter Opener"},{"floor":13.0,"key":"Frozen Egg 2"},{"floor":14,"key":"Toxic Egg 2"}],"event_choices":[{"damage_healed":0.0,"max_hp_gain":0.0,"max_hp_loss":0.0,"gold_gain":275.0,"event_name":"Golden Shrine","player_choice":"Desecrate","floor":2.0,"gold_loss":0.0,"damage_taken":0.0,"cards_obtained":["Regret"]},{"damage_healed":0,"gold_gain":0,"player_choice":"Ignored","damage_taken":0,"max_hp_gain":0,"max_hp_loss":0,"event_name":"The Mausoleum","floor":20,"gold_loss":0},{"damage_healed":0,"gold_gain":0,"cards_transformed":["Strike_R","Strike_R"],"player_choice":"Became Test Subject","damage_taken":0,"max_hp_gain":0,"max_hp_loss":0,"event_name":"Drug Dealer","floor":21,"gold_loss":0,"cards_obtained":["Immolate","Carnage"]}],"is_beta":false,"boss_relics":[{"not_picked":["White Beast Statue","Lizard Tail"],"picked":"Runic Pyramid"}],"items_purged_floors":[5,8],"is_endless":false,"potions_floor_spawned":[1,3,12,14,19],"killed_by":"3 Cultists","ascension_level":20}