{"gold_per_floor":[217,231,243,243,243,243,243,87,87,12,44,44,44],"floor_reached":13,"playtime":426,"items_purged":["Strike_R"],"score":162,"play_id":"3564d1d5-c1eb-4c27-b19a-ad0fbdf8bef0","local_time":"20190316214902","is_ascension_mode":true,"campfire_choices":[{"data":"Carnage","floor":6,"key":"SMITH"},{"data":"Disarm","floor":12,"key":"SMITH"}],"neow_cost":"NONE","seed_source_timestamp":243078655646992,"circlet_count":0,"master_deck":["AscendersBane","Strike_R","Strike_R","Strike_R","Defend_R","Defend_R","Defend_R","Defend_R","Bash","Carnage+1","Anger","Clothesline","Metallicize","Disarm+1","Double Tap"],"relics":["Burning Blood","Pantograph","Paper Frog","Question Card"],"potions_floor_usage":[],"damage_taken":[{"damage":8,"enemies":"Cultist","floor":1,"turns":5},{"damage":7,"enemies":"Jaw Worm","floor":2,"turns":2},{"damage":1,"enemies":"2 Louse","floor":3,"turns":3},{"damage":40,"enemies":"3 Sentries","floor":11,"turns":10},{"damage":20,"enemies":"Large Slime","floor":13,"turns":5}],"seed_played":"3361264216523483522","potions_obtained":[{"floor":2,"key":"Dexterity Potion"}],"is_trial":false,"path_per_floor":["M","M","M","?","?","R","?","$","T","$","E","R","M"],"character_chosen":"IRONCLAD","items_purchased":["Metallicize","Disarm"],"campfire_rested":0,"item_purchase_floors":[8,10],"current_hp_per_floor":[66,65,70,63,63,63,63,63,63,63,29,29,9],"gold":44,"neow_bonus":"HUNDRED_GOLD","is_prod":false,"is_daily":false,"chose_seed":false,"campfire_upgraded":2,"win_rate":0,"timestamp":1552787342,"path_taken":["M","M","?","?","?","R","?","$","T","?","E","R","M"],"build_version":"2019-01-23","purchased_purges":1,"victory":false,"max_hp_per_floor":[75,75,75,75,75,75,75,75,75,75,75,75,75],"card_choices":[{"not_picked":["Iron Wave","Thunderclap"],"picked":"Carnage","floor":1},{"not_picked":["Sword Boomerang","Havoc"],"picked":"Anger","floor":2},{"not_picked":["Headbutt","Cleave"],"picked":"Clothesline","floor":3},{"not_picked":["Rampage","Twin Strike"],"picked":"Double Tap","floor":11}],"player_experience":920514,"relics_obtained":[{"floor":9,"key":"Paper Frog"},{"floor":11,"key":"Question Card"}],"event_choices":[{"cards_removed":["Strike_R"],"damage_healed":0,"gold_gain":0,"player_choice":"Card Removal","damage_taken":7,"max_hp_gain":0,"max_hp_loss":0,"event_name":"Golden Wing","floor":4,"gold_loss":0},{"damage_healed":0,"gold_gain":0,"player_choice":"Box","damage_taken":0,"relics_obtained":["Pantograph"],"max_hp_gain":0,"max_hp_loss":0,"event_name":"Big Fish","floor":5,"gold_loss":0,"cards_obtained":["Regret"]},{"cards_removed":["Regret"],"damage_healed":0,"gold_gain":0,"player_choice":"Forget","damage_taken":0,"max_hp_gain":0,"max_hp_loss":0,"event_name":"Living Wall","floor":7,"gold_loss":0}],"is_beta":false,"boss_relics":[],"items_purged_floors":[8],"is_endless":false,"potions_floor_spawned":[2],"killed_by":"Large Slime","ascension_level":20}