{"gold_per_floor":[109,119,134,151,42,42,54,54,54,72,72,88,13,13,13,111,111,111,11,11,11,11,11,11,11,11,11,11,11,11,11,11,11,11,11,11],"floor_reached":36,"playtime":5415,"items_purged":["Strike_R","Defend_R"],"score":358,"play_id":"97fa3d56-c69c-4e08-ab06-d303566374c4","local_time":"20190708130048","is_ascension_mode":false,"campfire_choices":[{"data":"Pommel Strike","floor":6,"key":"SMITH"},{"data":"Enlightenment","floor":15,"key":"SMITH"},{"data":"Barricade","floor":23,"key":"SMITH"},{"floor":27,"key":"REST"},{"floor":29,"key":"REST"},{"floor":32,"key":"REST"}],"neow_cost":"","seed_source_timestamp":1770083877780,"circlet_count":0,"master_deck":["Strike_R","Strike_R","Strike_R","Strike_R","Defend_R","Defend_R","Defend_R","Bash+1","Pommel Strike+1","Iron Wave","Shrug It Off","Barricade+1","Thunderclap","Enlightenment+1","Warcry","Rage","Writhe","Jack Of All Trades+1","Headbutt","True Grit","Fiend Fire","Dual Wield","Anger","Iron Wave+1","Uppercut","Cleave","Anger+1","Infernal Blade+1","Double Tap","Headbutt+1"],"relics":["Burning Blood","Charon\u0027s Ashes","Ectoplasm","MutagenicStrength","Darkstone Periapt","Eternal Feather"],"potions_floor_usage":[33],"damage_taken":[{"damage":6,"enemies":"2 Louse","floor":1,"turns":3},{"damage":0,"enemies":"Cultist","floor":2,"turns":4},{"damage":1,"enemies":"Jaw Worm","floor":3,"turns":3},{"damage":11,"enemies":"Gremlin Gang","floor":4,"turns":6},{"damage":11,"enemies":"Large Slime","floor":7,"turns":9},{"damage":6,"enemies":"Exordium Wildlife","floor":10,"turns":5},{"damage":7,"enemies":"Blue Slaver","floor":12,"turns":5},{"damage":66,"enemies":"The Guardian","floor":16,"turns":13},{"damage":12,"enemies":"Shell Parasite","floor":18,"turns":5},{"damage":11,"enemies":"3 Byrds","floor":21,"turns":3},{"damage":18,"enemies":"Centurion and Healer","floor":24,"turns":6},{"damage":19,"enemies":"Snecko","floor":25,"turns":5},{"damage":33,"enemies":"Sentry and Sphere","floor":28,"turns":7},{"damage":32,"enemies":"Centurion and Healer","floor":31,"turns":7},{"damage":32,"enemies":"Champ","floor":33,"turns":17},{"damage":41,"enemies":"3 Darklings","floor":35,"turns":6},{"damage":46,"enemies":"2 Orb Walkers","floor":36,"turns":2}],"seed_played":"-5466110018074047591","potions_obtained":[{"floor":3,"key":"Energy Potion"},{"floor":7,"key":"Poison Potion"},{"floor":12,"key":"GamblersBrew"},{"floor":16,"key":"SkillPotion"}],"is_trial":false,"path_per_floor":["M","M","M","M","$","R","M","?","T","M","?","M","$","?","R","B",null,"M","$","?","M","?","R","M","M","T","R","M","R","?","M","R","B",null,"M","?"],"character_chosen":"IRONCLAD","items_purchased":["Thunderclap","Enlightenment"],"campfire_rested":3,"item_purchase_floors":[5,5],"current_hp_per_floor":[80,80,80,75,75,75,70,70,70,70,70,69,69,69,69,9,80,74,74,74,69,69,69,57,44,44,68,41,65,65,39,63,37,80,45,0],"gold":11,"neow_bonus":"","is_prod":false,"is_daily":false,"chose_seed":false,"campfire_upgraded":3,"win_rate":0.0,"timestamp":1562605248,"path_taken":["M","M","M","M","$","R","M","?","T","?","?","?","$","?","R","BOSS","M","$","?","M","?","R","M","M","T","R","M","R","?","M","R","BOSS","M","?"],"build_version":"2019-07-05","purchased_purges":2,"victory":false,"max_hp_per_floor":[80,80,80,80,80,80,80,80,80,80,80,80,80,80,80,80,80,80,80,80,80,80,80,80,80,80,80,80,80,80,80,80,80,80,80,80],"card_choices":[{"not_picked":["True Grit","Twin Strike"],"picked":"Pommel Strike","floor":1},{"not_picked":["True Grit","Pommel Strike"],"picked":"Iron Wave","floor":2},{"not_picked":["Burning Pact","Flex"],"picked":"Shrug It Off","floor":3},{"not_picked":["Infernal Blade","Searing Blow"],"picked":"Barricade","floor":4},{"not_picked":["Anger","Feel No Pain"],"picked":"Warcry","floor":7},{"not_picked":["Clash","Perfected Strike"],"picked":"Headbutt","floor":10},{"not_picked":["Warcry","Hemokinesis"],"picked":"True Grit","floor":12},{"not_picked":["Impervious","Berserk"],"picked":"Fiend Fire","floor":16},{"not_picked":["Whirlwind+1","Warcry"],"picked":"Dual Wield","floor":18},{"not_picked":["Shockwave","Dual Wield"],"picked":"Iron Wave+1","floor":21},{"not_picked":["Corruption","Headbutt"],"picked":"Uppercut","floor":24},{"not_picked":["Entrench","Iron Wave"],"picked":"Cleave","floor":25},{"not_picked":["Shrug It Off+1","Second Wind"],"picked":"Anger+1","floor":28},{"not_picked":["Whirlwind","Armaments+1"],"picked":"Infernal Blade+1","floor":31},{"not_picked":["Impervious","Bludgeon"],"picked":"Double Tap","floor":33},{"not_picked":["Iron Wave","Combust"],"picked":"Headbutt+1","floor":35}],"player_experience":0,"relics_obtained":[{"floor":9,"key":"Charon\u0027s Ashes"},{"floor":26,"key":"Darkstone Periapt"}],"event_choices":[{"damage_healed":0,"gold_gain":0,"player_choice":"3 cards matched","damage_taken":0,"max_hp_gain":0,"max_hp_loss":0,"event_name":"Match and Keep!","floor":8,"gold_loss":0,"cards_obtained":["Rage","Writhe","Jack Of All Trades"]},{"damage_healed":0,"gold_gain":0,"player_choice":"3 cards matched","damage_taken":0,"max_hp_gain":0,"max_hp_loss":0,"event_name":"Match and Keep!","floor":8,"gold_loss":0,"cards_obtained":["Rage","Writhe","Jack Of All Trades"]},{"damage_healed":0,"gold_gain":0,"player_choice":"Upgraded","damage_taken":0,"max_hp_gain":0,"max_hp_loss":0,"event_name":"Upgrade Shrine","floor":11,"gold_loss":0,"cards_upgraded":["Jack Of All Trades"]},{"damage_healed":0,"gold_gain":0,"player_choice":"Grow","damage_taken":0,"max_hp_gain":0,"max_hp_loss":0,"event_name":"Living Wall","floor":14,"gold_loss":0,"cards_upgraded":["Bash"]},{"damage_healed":0,"gold_gain":0,"player_choice":"Read","damage_taken":0,"max_hp_gain":0,"max_hp_loss":0,"event_name":"The Library","floor":20,"gold_loss":0,"cards_obtained":["Anger"]},{"damage_healed":0,"gold_gain":0,"player_choice":"Inject Mutagens","damage_taken":0,"relics_obtained":["MutagenicStrength"],"max_hp_gain":0,"max_hp_loss":0,"event_name":"Drug Dealer","floor":22,"gold_loss":0},{"damage_healed":0,"gold_gain":0,"player_choice":"Ignored","damage_taken":0,"max_hp_gain":0,"max_hp_loss":0,"event_name":"Ghosts","floor":30,"gold_loss":0},{"damage_healed":0,"gold_gain":0,"player_choice":"Fight","damage_taken":0,"max_hp_gain":0,"max_hp_loss":0,"event_name":"Mysterious Sphere","floor":36,"gold_loss":0}],"is_beta":false,"boss_relics":[{"not_picked":["Coffee Dripper","Calling Bell"],"picked":"Ectoplasm"},{"not_picked":["Black Blood","Empty Cage"],"picked":"Eternal Feather"}],"items_purged_floors":[13,19],"is_endless":false,"potions_floor_spawned":[3,7,12,16,24,25,35],"killed_by":"2 Orb Walkers","ascension_level":0}