{"gold_per_floor":[15,29,29,41,41,69,69,96,96,96,114,145,56,67,67,141,141,161,261,261,295,210,210,210,237,262,278,305,322,347,365,365,444,444,459,478,478,488,498,498,533,243,243,256,270,304,304,354,354,354],"floor_reached":50,"playtime":4522,"items_purged":["Strike_G","Strike_G"],"score":1289,"play_id":"8d8b19eb-6ae1-4772-b998-ab707e2ea666","local_time":"20190627183042","is_ascension_mode":true,"campfire_choices":[{"data":"Die Die Die","floor":7.0,"key":"SMITH"},{"floor":10.0,"key":"REST"},{"data":"Caltrops","floor":15.0,"key":"SMITH"},{"data":"A Thousand Cuts","floor":23,"key":"SMITH"},{"data":"Cloak And Dagger","floor":32,"key":"SMITH"},{"data":"Corpse Explosion","floor":40,"key":"SMITH"},{"floor":49,"key":"RECALL"}],"neow_cost":"NO_GOLD","seed_source_timestamp":1051709555292875,"circlet_count":0,"master_deck":["AscendersBane","Defend_G","Defend_G","Defend_G+1","Defend_G","Defend_G","Strike_G","Strike_G","Survivor","Neutralize","Jack Of All Trades+1","Finesse","Backstab","Flying Knee","Well Laid Plans","Die Die Die+1","Well Laid Plans","Caltrops+1","Predator","Well Laid Plans","Backflip","A Thousand Cuts+1","PiercingWail+1","Leg Sweep","Bouncing Flask+1","Escape Plan+1","Backflip+1","Cloak And Dagger+1","Corpse Explosion+1","Blur","Blur+1","Adrenaline","PiercingWail","Distraction+1","Grand Finale"],"special_seed":0,"relics":["Ring of the Snake","Smiling Mask","Bird Faced Urn","Blue Candle","Bag of Preparation","Cursed Key","Calipers","Meat on the Bone","Orichalcum","Vajra","Bag of Marbles","War Paint","Gambling Chip","WristBlade","Question Card","Omamori","Pen Nib"],"potions_floor_usage":[19,25,39,44,50,50],"damage_taken":[{"damage":1.0,"enemies":"Small Slimes","floor":1.0,"turns":4.0},{"damage":0.0,"enemies":"Cultist","floor":2.0,"turns":3.0},{"damage":0.0,"enemies":"2 Louse","floor":4.0,"turns":3.0},{"damage":34.0,"enemies":"Gremlin Nob","floor":6.0,"turns":5.0},{"damage":12.0,"enemies":"Lagavulin","floor":8.0,"turns":6.0},{"damage":10.0,"enemies":"Looter","floor":11.0,"turns":3.0},{"damage":13.0,"enemies":"3 Sentries","floor":12.0,"turns":8.0},{"damage":0.0,"enemies":"3 Louse","floor":14.0,"turns":3.0},{"damage":0.0,"enemies":"Hexaghost","floor":16.0,"turns":11.0},{"damage":4.0,"enemies":"3 Byrds","floor":18.0,"turns":3.0},{"damage":6,"enemies":"Colosseum Slavers","floor":19,"turns":5},{"damage":17,"enemies":"Colosseum Nobs","floor":19,"turns":5},{"damage":3,"enemies":"2 Thieves","floor":21,"turns":4},{"damage":6,"enemies":"Book of Stabbing","floor":25,"turns":5},{"damage":0,"enemies":"3 Cultists","floor":27,"turns":2},{"damage":22,"enemies":"Gremlin Leader","floor":28,"turns":6},{"damage":13,"enemies":"Cultist and Chosen","floor":29,"turns":7},{"damage":27,"enemies":"Book of Stabbing","floor":30,"turns":4},{"damage":0,"enemies":"Centurion and Healer","floor":31,"turns":4},{"damage":28,"enemies":"Automaton","floor":33,"turns":8},{"damage":0,"enemies":"3 Darklings","floor":35,"turns":3},{"damage":2,"enemies":"Orb Walker","floor":36,"turns":4},{"damage":0,"enemies":"3 Darklings","floor":38,"turns":1},{"damage":14,"enemies":"Maw","floor":39,"turns":7},{"damage":35,"enemies":"Nemesis","floor":41,"turns":9},{"damage":0,"enemies":"Transient","floor":44,"turns":6},{"damage":0,"enemies":"Writhing Mass","floor":45,"turns":5},{"damage":39,"enemies":"Reptomancer","floor":46,"turns":6},{"damage":69,"enemies":"Awakened One","floor":50,"turns":23}],"seed_played":"-3439307012491284426","potions_obtained":[{"floor":2.0,"key":"Dexterity Potion"},{"floor":4.0,"key":"Block Potion"},{"floor":11.0,"key":"AttackPotion"},{"floor":14.0,"key":"Block Potion"},{"floor":19,"key":"Fire Potion"},{"floor":21,"key":"Regen Potion"},{"floor":30,"key":"Block Potion"},{"floor":39,"key":"EssenceOfSteel"},{"floor":44,"key":"Weak Potion"}],"is_trial":false,"path_per_floor":["M","M","?","M","$","E","R","E","T","R","M","E","$","M","R","B",null,"M","?","?","M","?","R","?","E","T","M","E","M","E","M","R","B",null,"M","M","?","M","M","R","E","$","T","M","M","E","?","?","R","B"],"character_chosen":"THE_SILENT","items_purchased":["Well Laid Plans","Omamori","GhostInAJar"],"campfire_rested":1,"item_purchase_floors":[13,42,42],"current_hp_per_floor":[58,58,58,58,58,24,24,12,12,31,25,18,18,26,26,34,58,62,51,33,40,40,40,40,56,56,66,49,44,41,51,51,47,65,71,71,71,71,61,61,42,42,42,50,60,43,57,57,57,0],"gold":354,"neow_bonus":"RANDOM_COLORLESS_2","is_prod":false,"is_daily":false,"chose_seed":false,"campfire_upgraded":5,"win_rate":0,"timestamp":1561674642,"path_taken":["M","M","?","?","$","E","R","E","T","R","M","E","$","M","R","BOSS","M","?","?","M","?","R","?","E","T","M","E","?","E","M","R","BOSS","M","M","?","M","M","R","E","$","T","M","?","E","?","?","R","BOSS"],"build_version":"2019-01-23","purchased_purges":2,"victory":false,"max_hp_per_floor":[66,66,66,66,66,66,66,66,66,66,66,66,66,66,66,66,66,66,66,71,71,71,71,71,71,71,71,71,71,71,71,71,71,71,71,71,71,71,71,71,71,71,71,71,71,71,71,71,71,71],"card_choices":[{"not_picked":["Deflect","Dagger Throw"],"picked":"Backstab","floor":1.0},{"not_picked":["Prepared","Blade Dance","Dodge and Roll"],"picked":"SKIP","floor":2.0},{"not_picked":["Deflect","PiercingWail"],"picked":"Well Laid Plans","floor":4.0},{"not_picked":["Concentrate","Backflip"],"picked":"Die Die Die","floor":6.0},{"not_picked":["Bane","Deflect"],"picked":"Well Laid Plans","floor":8.0},{"not_picked":["Well Laid Plans","Expertise"],"picked":"Caltrops","floor":11.0},{"not_picked":["Cloak And Dagger","Backflip"],"picked":"Predator","floor":12.0},{"not_picked":["Bane","Prepared"],"picked":"Backflip","floor":14.0},{"not_picked":["Unload","Storm of Steel"],"picked":"A Thousand Cuts","floor":16.0},{"not_picked":["Dagger Spray","Blade Dance"],"picked":"PiercingWail+1","floor":18.0},{"not_picked":["PiercingWail","Flechettes"],"picked":"Leg Sweep","floor":19},{"not_picked":["Caltrops","Blade Dance","Underhanded Strike"],"picked":"SKIP","floor":21},{"not_picked":["Sucker Punch+1","Dash"],"picked":"Bouncing Flask+1","floor":25},{"not_picked":["Backstab","Skewer"],"picked":"Escape Plan","floor":27},{"not_picked":["Flying Knee","Dagger Spray","Poisoned Stab"],"picked":"SKIP","floor":28},{"not_picked":["Terror","All Out Attack"],"picked":"Backflip+1","floor":29},{"not_picked":["Dodge and Roll","Quick Slash"],"picked":"Cloak And Dagger","floor":30},{"not_picked":["Quick Slash","Catalyst","Blade Dance"],"picked":"SKIP","floor":31},{"not_picked":["Envenom","Unload"],"picked":"Corpse Explosion","floor":33},{"not_picked":["Quick Slash","Dagger Throw+1"],"picked":"Blur","floor":35},{"not_picked":["Blade Dance","Well Laid Plans+1"],"picked":"Blur+1","floor":36},{"not_picked":["Blade Dance","Acrobatics","Quick Slash"],"picked":"SKIP","floor":38},{"not_picked":["Poisoned Stab+1","PiercingWail+1"],"picked":"Adrenaline","floor":39},{"not_picked":["Backflip","Escape Plan"],"picked":"PiercingWail","floor":41},{"not_picked":["Slice+1","Bane","Acrobatics"],"picked":"Distraction+1","floor":44},{"not_picked":["Dagger Throw","Flying Knee","Dagger Spray+1","Well Laid Plans"],"picked":"SKIP","floor":45},{"not_picked":["Heel Hook","Prepared","Predator"],"picked":"Grand Finale","floor":46}],"player_experience":1557948,"relics_obtained":[{"floor":6.0,"key":"Smiling Mask"},{"floor":8.0,"key":"Bird Faced Urn"},{"floor":9.0,"key":"Blue Candle"},{"floor":12.0,"key":"Bag of Preparation"},{"floor":19,"key":"Calipers"},{"floor":19,"key":"Meat on the Bone"},{"floor":25,"key":"Vajra"},{"floor":26,"key":"Bag of Marbles"},{"floor":28,"key":"War Paint"},{"floor":30,"key":"Gambling Chip"},{"floor":41,"key":"Question Card"},{"floor":46,"key":"Pen Nib"}],"event_choices":[{"damage_healed":0.0,"max_hp_gain":0.0,"max_hp_loss":0.0,"gold_gain":0.0,"cards_transformed":["Strike_G"],"event_name":"Transmorgrifier","player_choice":"Transformed","floor":3.0,"gold_loss":0.0,"damage_taken":0.0,"cards_obtained":["Flying Knee"]},{"damage_healed":0,"gold_gain":0,"player_choice":"Fight","damage_taken":0,"max_hp_gain":0,"max_hp_loss":0,"event_name":"Colosseum","floor":19,"gold_loss":0},{"damage_healed":0,"gold_gain":0,"player_choice":"Fought Nobs","damage_taken":0,"max_hp_gain":0,"max_hp_loss":0,"event_name":"Colosseum","floor":19,"gold_loss":0},{"damage_healed":0,"gold_gain":0,"player_choice":"Shed Blood","damage_taken":23,"max_hp_gain":5,"max_hp_loss":0,"event_name":"Forgotten Altar","floor":20,"gold_loss":0},{"damage_healed":0,"gold_gain":0,"player_choice":"Obtained Relic","damage_taken":0,"relics_obtained":["Orichalcum"],"max_hp_gain":0,"max_hp_loss":0,"event_name":"Addict","floor":22,"gold_loss":85},{"damage_healed":0,"gold_gain":0,"player_choice":"Upgraded","damage_taken":0,"max_hp_gain":0,"max_hp_loss":0,"event_name":"Upgrade Shrine","floor":24,"gold_loss":0,"cards_upgraded":["Jack Of All Trades"]},{"cards_removed":["Injury"],"damage_healed":0,"gold_gain":0,"player_choice":"Purged","damage_taken":0,"max_hp_gain":0,"max_hp_loss":0,"event_name":"Purifier","floor":37,"gold_loss":0},{"damage_healed":14,"gold_gain":0,"player_choice":"Writhe","damage_taken":0,"max_hp_gain":0,"max_hp_loss":0,"event_name":"Winding Halls","floor":47,"gold_loss":0,"cards_obtained":["Writhe"]},{"damage_healed":0,"gold_gain":50,"player_choice":"Pray","damage_taken":0,"max_hp_gain":0,"max_hp_loss":0,"event_name":"Golden Shrine","floor":48,"gold_loss":0}],"is_beta":false,"boss_relics":[{"not_picked":["Ectoplasm","Philosopher\u0027s Stone"],"picked":"Cursed Key"},{"not_picked":["Runic Dome","Velvet Choker"],"picked":"WristBlade"}],"items_purged_floors":[13,42],"is_endless":false,"potions_floor_spawned":[2,4,11,14,19,19,21,30,31,36,39,44],"killed_by":"Awakened One","ascension_level":20}