{"gold_per_floor":[118,118,118,43,60,85,85,120,120,120,139,151,151,151,151,248,248,268,268,303,203,219,246,246,186,211,221,255,255,273,273,273,376,376,396,396,0,11,22,22,33,33,114,130,130,130,150,0,0,0],"floor_reached":50,"playtime":2741,"items_purged":["Strike_G","Strike_G","Skewer","Defend_G"],"score":590,"play_id":"de7af7db-c5ea-4d90-a9dd-afd71893c1f4","local_time":"20190722023644","is_ascension_mode":true,"campfire_choices":[{"floor":10.0,"key":"REST"},{"floor":13.0,"key":"REST"},{"data":"Accuracy","floor":15.0,"key":"SMITH"},{"floor":24.0,"key":"REST"},{"floor":29.0,"key":"REST"},{"floor":32.0,"key":"REST"},{"data":"Accuracy","floor":40.0,"key":"SMITH"},{"floor":42.0,"key":"RECALL"},{"floor":45.0,"key":"REST"},{"floor":49,"key":"REST"}],"neow_cost":"NONE","seed_source_timestamp":659581568241208,"circlet_count":0,"master_deck":["Defend_G","Defend_G","Survivor","Neutralize+1","Deflect","A Thousand Cuts","Accuracy+1","Blade Dance","Adrenaline","Acrobatics+1","Deflect+1","Tactician+1","Accuracy+1","Dagger Spray","Flechettes+1","Corpse Explosion","Backflip+1","Tactician","Blade Dance","Normality","Dagger Throw+1","Outmaneuver+1"],"special_seed":0,"relics":["Ring of the Snake","NeowsBlessing","Ninja Scroll","Blood Vial","Girya","Matryoshka","WristBlade","Red Mask","Dodecahedron","Strawberry","Regal Pillow","Cursed Key","DollysMirror","Whetstone","Mummified Hand"],"potions_floor_usage":[50,50,50],"damage_taken":[{"damage":0.0,"enemies":"Jaw Worm","floor":1.0,"turns":1.0},{"damage":0.0,"enemies":"2 Louse","floor":5.0,"turns":1.0},{"damage":0.0,"enemies":"3 Sentries","floor":6.0,"turns":1.0},{"damage":43.0,"enemies":"Lagavulin","floor":8.0,"turns":8.0},{"damage":1.0,"enemies":"Cultist","floor":11.0,"turns":3.0},{"damage":1.0,"enemies":"Red Slaver","floor":12.0,"turns":3.0},{"damage":24.0,"enemies":"The Guardian","floor":16.0,"turns":16.0},{"damage":0.0,"enemies":"Spheric Guardian","floor":18.0,"turns":3.0},{"damage":5.0,"enemies":"Masked Bandits","floor":20.0,"turns":4.0},{"damage":13.0,"enemies":"Chosen","floor":22.0,"turns":6.0},{"damage":20.0,"enemies":"Gremlin Leader","floor":23.0,"turns":4.0},{"damage":7.0,"enemies":"3 Cultists","floor":27.0,"turns":3.0},{"damage":55.0,"enemies":"Book of Stabbing","floor":28.0,"turns":6.0},{"damage":13.0,"enemies":"Shelled Parasite and Fungi","floor":30.0,"turns":3.0},{"damage":60.0,"enemies":"Automaton","floor":33.0,"turns":9.0},{"damage":0.0,"enemies":"3 Darklings","floor":35.0,"turns":1.0},{"damage":0.0,"enemies":"3 Shapes","floor":38.0,"turns":1.0},{"damage":19.0,"enemies":"Transient","floor":39.0,"turns":5.0},{"damage":1.0,"enemies":"3 Darklings","floor":41.0,"turns":2.0},{"damage":51.0,"enemies":"Maw","floor":44.0,"turns":7.0},{"damage":6,"enemies":"4 Shapes","floor":47,"turns":8},{"damage":82,"enemies":"Time Eater","floor":50,"turns":8}],"seed_played":"1524471531307698191","potions_obtained":[{"floor":5.0,"key":"FearPotion"},{"floor":6.0,"key":"GamblersBrew"},{"floor":8.0,"key":"EssenceOfSteel"},{"floor":16.0,"key":"Swift Potion"},{"floor":20.0,"key":"Fire Potion"},{"floor":22.0,"key":"Dexterity Potion"},{"floor":30.0,"key":"Poison Potion"},{"floor":36.0,"key":"Weak Potion"},{"floor":36.0,"key":"LiquidBronze"},{"floor":36.0,"key":"Weak Potion"},{"floor":38.0,"key":"FearPotion"},{"floor":39.0,"key":"Poison Potion"}],"is_trial":false,"path_per_floor":["M","?","?","$","M","E","$","E","T","R","M","M","R","?","R","B",null,"M","?","?","$","M","E","R","?","T","M","E","R","M","?","R","B",null,"M","?","$","M","M","R","M","R","T","M","R","?","M","$","R","B"],"character_chosen":"THE_SILENT","items_purchased":["Tactician","DollysMirror"],"campfire_rested":7,"item_purchase_floors":[37,37],"current_hp_per_floor":[70,52,52,52,52,52,52,11,11,32,33,34,55,55,55,33,70,70,70,65,65,54,36,57,57,64,59,6,44,33,33,71,13,77,77,77,77,77,58,58,59,59,59,10,48,48,44,44,77,0],"gold":0,"neow_bonus":"THREE_ENEMY_KILL","is_prod":false,"is_daily":false,"chose_seed":false,"campfire_upgraded":2,"win_rate":0,"timestamp":1563777404,"path_taken":["M","?","?","$","?","E","?","E","T","R","?","M","R","?","R","BOSS","M","?","?","$","M","E","R","?","T","M","E","R","?","?","R","BOSS","M","?","$","?","M","R","M","R","T","M","R","?","M","$","R","BOSS"],"build_version":"2019-07-17","purchased_purges":4,"victory":false,"max_hp_per_floor":[70,70,70,70,70,70,70,70,70,70,70,70,70,70,70,70,70,70,70,70,70,70,70,70,70,77,77,77,77,77,77,77,77,77,77,77,77,77,77,77,77,77,77,77,77,77,77,77,77,77],"card_choices":[{"not_picked":["Dodge and Roll","Flying Knee"],"picked":"Deflect","floor":1.0},{"not_picked":["Flying Knee","Sucker Punch","Distraction"],"picked":"SKIP","floor":5.0},{"not_picked":["Setup","Die Die Die"],"picked":"Skewer","floor":6.0},{"not_picked":["Bouncing Flask","Underhanded Strike","Reflex"],"picked":"SKIP","floor":8.0},{"not_picked":["Dagger Spray","Heel Hook"],"picked":"Accuracy","floor":11.0},{"not_picked":["Well Laid Plans","All Out Attack"],"picked":"Blade Dance","floor":12.0},{"not_picked":["Doppelganger","Glass Knife"],"picked":"Adrenaline","floor":16.0},{"not_picked":["Crippling Poison","Bouncing Flask"],"picked":"Acrobatics+1","floor":18.0},{"not_picked":["Expertise+1","Slice+1","Outmaneuver"],"picked":"SKIP","floor":22.0},{"not_picked":["Leg Sweep+1","A Thousand Cuts","Bane"],"picked":"SKIP","floor":23.0},{"not_picked":["Endless Agony","Acrobatics"],"picked":"Deflect+1","floor":27.0},{"not_picked":["Setup+1","Dash"],"picked":"Tactician+1","floor":28.0},{"not_picked":["Quick Slash","Outmaneuver+1"],"picked":"Accuracy","floor":30.0},{"not_picked":["Doppelganger","Tools of the Trade"],"picked":"Corpse Explosion","floor":33.0},{"not_picked":["Well Laid Plans+1","Eviscerate+1"],"picked":"Backflip+1","floor":35.0},{"not_picked":["Backflip","Choke+1","Flying Knee"],"picked":"SKIP","floor":38.0},{"not_picked":["Slice+1","Flying Knee+1","Dagger Spray"],"picked":"SKIP","floor":39.0},{"not_picked":["Expertise","Tactician","Flechettes"],"picked":"SKIP","floor":41.0},{"not_picked":["Night Terror","Distraction"],"picked":"Dagger Throw+1","floor":44.0},{"not_picked":["Flying Knee","Backflip+1"],"picked":"Outmaneuver+1","floor":47}],"player_experience":151233,"relics_obtained":[{"floor":6.0,"key":"Blood Vial"},{"floor":8.0,"key":"Girya"},{"floor":9.0,"key":"Matryoshka"},{"floor":20.0,"key":"Red Mask"},{"floor":23.0,"key":"Dodecahedron"},{"floor":26.0,"key":"Strawberry"},{"floor":28.0,"key":"Regal Pillow"},{"floor":43.0,"key":"Whetstone"},{"floor":43.0,"key":"Mummified Hand"}],"event_choices":[{"damage_healed":0.0,"max_hp_gain":0.0,"max_hp_loss":0.0,"gold_gain":0.0,"event_name":"Scrap Ooze","player_choice":"Success","floor":2.0,"gold_loss":0.0,"damage_taken":18.0,"relics_obtained":["Ninja Scroll"]},{"damage_healed":0.0,"max_hp_gain":0.0,"max_hp_loss":0.0,"gold_gain":0.0,"cards_transformed":["Strike_G"],"event_name":"Transmorgrifier","player_choice":"Transformed","floor":3.0,"gold_loss":0.0,"damage_taken":0.0,"cards_obtained":["A Thousand Cuts"]},{"cards_removed":["Defend_G"],"damage_healed":0.0,"max_hp_gain":0.0,"max_hp_loss":0.0,"gold_gain":0.0,"event_name":"Purifier","player_choice":"Purged","floor":14.0,"gold_loss":0.0,"damage_taken":0.0},{"damage_healed":0.0,"max_hp_gain":0.0,"max_hp_loss":0.0,"gold_gain":0.0,"event_name":"Cursed Tome","player_choice":"Ignored","floor":19.0,"gold_loss":0.0,"damage_taken":0.0},{"damage_healed":0.0,"max_hp_gain":0.0,"max_hp_loss":0.0,"gold_gain":0.0,"event_name":"Masked Bandits","player_choice":"Fought Bandits","floor":20.0,"gold_loss":0.0,"damage_taken":0.0},{"cards_removed":["Defend_G"],"damage_healed":0.0,"max_hp_gain":0.0,"max_hp_loss":0.0,"gold_gain":0.0,"event_name":"Designer","player_choice":"Single Remove","floor":25.0,"gold_loss":60.0,"damage_taken":0.0},{"damage_healed":0.0,"max_hp_gain":0.0,"max_hp_loss":0.0,"gold_gain":0.0,"cards_transformed":["Strike_G","Strike_G"],"event_name":"Drug Dealer","player_choice":"Became Test Subject","floor":31.0,"gold_loss":0.0,"damage_taken":0.0,"cards_obtained":["Dagger Spray","Flechettes"]},{"damage_healed":0.0,"max_hp_gain":0.0,"max_hp_loss":0.0,"gold_gain":0.0,"event_name":"Lab","player_choice":"Got Potions","floor":36.0,"gold_loss":0.0,"damage_taken":0.0},{"damage_healed":0.0,"max_hp_gain":0.0,"max_hp_loss":0.0,"gold_gain":0.0,"event_name":"Match and Keep!","player_choice":"0 cards matched","floor":46.0,"gold_loss":0.0,"damage_taken":0.0,"cards_obtained":[]}],"is_beta":false,"boss_relics":[{"not_picked":["Black Star","Astrolabe"],"picked":"WristBlade"},{"not_picked":["Eternal Feather","Busted Crown"],"picked":"Cursed Key"}],"items_purged_floors":[4,21,37,48],"is_endless":false,"potions_floor_spawned":[5,6,8,16,20,22,30,38,39,41],"killed_by":"Time Eater","ascension_level":3}