{"gold_per_floor":[110,110,121,139,35,35,35,35,61,79,94,50,50,83,83,173,173,192,192,32,55,80,80,80,80,80,80,121,142,163,177,177,177],"floor_reached":33,"playtime":1804,"items_purged":["Strike_G"],"score":506,"play_id":"730cca4a-02f8-422e-9fbb-927b375d902d","local_time":"20180920233506","is_ascension_mode":true,"campfire_choices":[{"data":"Neutralize","floor":6,"key":"SMITH"},{"data":"Infinite Blades","floor":8,"key":"SMITH"},{"data":"Accuracy","floor":15,"key":"SMITH"},{"data":"Burst","floor":23,"key":"SMITH"},{"floor":27,"key":"REST"},{"floor":32,"key":"REST"}],"neow_cost":"TEN_PERCENT_HP_LOSS","seed_source_timestamp":683853229138044,"circlet_count":0,"master_deck":["Defend_G","Defend_G","Defend_G","Defend_G","Defend_G","Strike_G","Strike_G","Survivor","Neutralize+1","AscendersBane","Acrobatics","Burst+1","Backstab","Infinite Blades+1","Masterful Stab","Cloak And Dagger","Accuracy+1","Dagger Spray","Cloak And Dagger","After Image","Well Laid Plans","Cloak And Dagger","Deflect","Leg Sweep","Infinite Blades","Deflect","Cloak And Dagger+1","Blade Dance+1","Cloak And Dagger+1","Blur+1","Cloak And Dagger+1"],"relics":["Ring of the Snake","Golden Idol","Vajra","Pocketwatch","Orichalcum","Orrery","MutagenicStrength","Shuriken","Blue Candle"],"potions_floor_usage":[14,14,24,33],"damage_taken":[{"damage":2,"enemies":"Small Slimes","floor":1,"turns":5},{"damage":1,"enemies":"2 Louse","floor":3,"turns":2},{"damage":0,"enemies":"Cultist","floor":4,"turns":4},{"damage":8,"enemies":"Red Slaver","floor":10,"turns":4},{"damage":0,"enemies":"3 Louse","floor":11,"turns":2},{"damage":9,"enemies":"Lagavulin","floor":14,"turns":5},{"damage":9,"enemies":"The Guardian","floor":16,"turns":13},{"damage":1,"enemies":"Shell Parasite","floor":18,"turns":6},{"damage":5,"enemies":"Spheric Guardian","floor":21,"turns":4},{"damage":10,"enemies":"Centurion and Healer","floor":22,"turns":8},{"damage":5,"enemies":"Colosseum Slavers","floor":24,"turns":5},{"damage":4,"enemies":"Gremlin Leader","floor":28,"turns":6},{"damage":26,"enemies":"Snecko","floor":29,"turns":5},{"damage":0,"enemies":"Chosen and Byrds","floor":30,"turns":5},{"damage":0,"enemies":"3 Cultists","floor":31,"turns":3},{"damage":53,"enemies":"Automaton","floor":33,"turns":6}],"seed_played":"-6796432747798076640","potions_obtained":[{"floor":1,"key":"Dexterity Potion"},{"floor":3,"key":"EntropicBrew"},{"floor":11,"key":"Regen Potion"},{"floor":21,"key":"Fire Potion"},{"floor":22,"key":"Block Potion"},{"floor":25,"key":"Energy Potion"}],"is_trial":false,"path_per_floor":["M","?","M","M","$","R","?","R","T","M","M","?","?","E","R","B",null,"M","?","$","M","M","R","?","?","T","R","E","M","M","M","R"],"character_chosen":"THE_SILENT","items_purchased":["Cloak And Dagger","Accuracy","Infinite Blades"],"campfire_rested":2,"item_purchase_floors":[5,5,20],"current_hp_per_floor":[57,57,56,56,56,56,35,35,35,27,27,27,22,27,27,18,50,49,49,49,44,34,34,29,29,29,47,43,17,17,17,35,0],"gold":177,"neow_bonus":"TRANSFORM_TWO_CARDS","is_prod":false,"is_daily":false,"chose_seed":false,"campfire_upgraded":4,"win_rate":0,"timestamp":1537500906,"path_taken":["M","?","?","M","?","R","?","R","T","M","M","?","?","E","R","BOSS","M","?","$","M","M","R","?","?","T","R","E","M","M","M","R","BOSS"],"build_version":"2018-09-20","purchased_purges":1,"victory":false,"max_hp_per_floor":[60,60,60,60,60,60,60,60,60,60,60,60,60,60,60,60,60,60,60,60,60,60,60,60,60,60,60,60,60,60,60,60,60],"card_choices":[{"not_picked":["Blade Dance","Choke"],"picked":"Backstab","floor":1},{"not_picked":["Expertise","Cloak And Dagger"],"picked":"Infinite Blades","floor":3},{"not_picked":["Bouncing Flask","Outmaneuver"],"picked":"Masterful Stab","floor":4},{"not_picked":["Outmaneuver","Endless Agony","Prepared"],"picked":"SKIP","floor":10},{"not_picked":["Prepared","PiercingWail"],"picked":"Dagger Spray","floor":11},{"not_picked":["Expertise","Escape Plan"],"picked":"Cloak And Dagger","floor":14},{"not_picked":["Phantasmal Killer","Envenom"],"picked":"After Image","floor":16},{"not_picked":["Dagger Spray","Slice"],"picked":"Well Laid Plans","floor":17},{"not_picked":["PiercingWail","Deadly Poison"],"picked":"Cloak And Dagger","floor":17},{"not_picked":["Bane","Prepared"],"picked":"Deflect","floor":17},{"not_picked":["Setup","Underhanded Strike"],"picked":"Leg Sweep","floor":17},{"not_picked":["Deadly Poison","Grand Finale","Prepared"],"picked":"SKIP","floor":18},{"not_picked":["Slice","Leg Sweep"],"picked":"Deflect","floor":21},{"not_picked":["Envenom","Slice"],"picked":"Cloak And Dagger+1","floor":22},{"not_picked":["Flying Knee","Setup+1"],"picked":"Blade Dance+1","floor":28},{"not_picked":["Slice","Leg Sweep"],"picked":"Cloak And Dagger+1","floor":29},{"not_picked":["Concentrate","Slice"],"picked":"Blur+1","floor":30},{"not_picked":["Caltrops","Sucker Punch"],"picked":"Cloak And Dagger+1","floor":31}],"player_experience":496965,"relics_obtained":[{"floor":9,"key":"Vajra"},{"floor":14,"key":"Orichalcum"},{"floor":26,"key":"Shuriken"},{"floor":28,"key":"Blue Candle"}],"event_choices":[{"event_name":"Liars Game","player_choice":"disagreed","floor":2,"damage_taken":0},{"event_name":"Golden Idol","player_choice":"Take Damage","floor":7,"damage_taken":0},{"event_name":"World of Goop","player_choice":"Left","floor":12,"damage_taken":0},{"event_name":"Scrap Ooze","player_choice":"success","floor":13,"damage_taken":5},{"event_name":"Drug Dealer","player_choice":"Inject Mutagens","floor":19,"damage_taken":0},{"event_name":"Colosseum","player_choice":"Fight","floor":24,"damage_taken":0},{"event_name":"Colosseum","player_choice":"Fled From Nobs","floor":24,"damage_taken":0},{"event_name":"The Lab","player_choice":"Got Potions","floor":25,"damage_taken":0}],"is_beta":false,"boss_relics":[{"not_picked":["Velvet Choker","Black Star"],"picked":"Orrery"}],"items_purged_floors":[20],"is_endless":false,"potions_floor_spawned":[1,3,11,21,22,30,31],"killed_by":"Automaton","ascension_level":16}