{"gold_per_floor":[111,122,132,132,2,30,42,79,91,103],"floor_reached":10,"playtime":484,"items_purged":[],"score":152,"play_id":"fee4bee7-4eb3-42c6-90fa-666ddc3d90c9","local_time":"20190627141521","is_ascension_mode":true,"campfire_choices":[{"data":"Sunder","floor":7,"key":"SMITH"}],"neow_cost":"NONE","seed_source_timestamp":1040558331621218,"circlet_count":0,"master_deck":["AscendersBane","Strike_B","Strike_B","Strike_B","Strike_B","Defend_B","Defend_B","Defend_B","Defend_B","Zap+1","Dualcast","Coolheaded+1","Cold Snap","Reinforced Body","Hyperbeam","Sunder+1","Coolheaded"],"relics":["Cracked Core","MawBank","Peace Pipe","Matryoshka"],"potions_floor_usage":[6,10],"damage_taken":[{"damage":7,"enemies":"Small Slimes","floor":1,"turns":3},{"damage":0,"enemies":"Cultist","floor":2,"turns":4},{"damage":0,"enemies":"2 Louse","floor":3,"turns":2},{"damage":27,"enemies":"Lagavulin","floor":6,"turns":8},{"damage":27,"enemies":"Gremlin Nob","floor":8,"turns":4},{"damage":11,"enemies":"3 Sentries","floor":10,"turns":6}],"seed_played":"7724364151542559631","potions_obtained":[{"floor":3,"key":"LiquidBronze"}],"is_trial":false,"path_per_floor":["M","M","M","?","$","E","R","E","T","E"],"character_chosen":"DEFECT","items_purchased":["Hyperbeam","Fire Potion"],"campfire_rested":0,"item_purchase_floors":[5,5],"current_hp_per_floor":[57,57,57,57,57,30,30,3,3,0],"gold":103,"neow_bonus":"UPGRADE_CARD","is_prod":false,"is_daily":false,"chose_seed":false,"campfire_upgraded":1,"win_rate":0,"timestamp":1561659321,"path_taken":["M","M","M","?","?","E","R","E","T","E"],"build_version":"2019-01-23","purchased_purges":0,"victory":false,"max_hp_per_floor":[71,71,71,71,71,71,71,71,71,71],"card_choices":[{"not_picked":["Barrage","Beam Cell"],"picked":"Coolheaded","floor":1},{"not_picked":["Gash","Conserve Battery"],"picked":"Cold Snap","floor":2},{"not_picked":["Barrage","Beam Cell"],"picked":"Reinforced Body","floor":3},{"not_picked":["Loop","Blizzard"],"picked":"Sunder","floor":6},{"not_picked":["Streamline","White Noise"],"picked":"Coolheaded","floor":8}],"player_experience":1554841,"relics_obtained":[{"floor":6,"key":"MawBank"},{"floor":8,"key":"Peace Pipe"},{"floor":9,"key":"Matryoshka"}],"event_choices":[{"damage_healed":0,"gold_gain":0,"player_choice":"Upgraded","damage_taken":0,"max_hp_gain":0,"max_hp_loss":0,"event_name":"Upgrade Shrine","floor":4,"gold_loss":0,"cards_upgraded":["Coolheaded"]}],"is_beta":false,"boss_relics":[],"items_purged_floors":[],"is_endless":false,"potions_floor_spawned":[3],"killed_by":"3 Sentries","ascension_level":20}