{"gold_per_floor":[114,129,129,79,92,123,123,149,149,149,165,165,176,193,193,294,294,309,323,339,24,24,24,55,55,78,98,197,215,227,227],"floor_reached":31,"playtime":2580,"items_purged":["Defend_R"],"score":296,"play_id":"3e50622e-bc37-4613-9b54-2341fe0bfe32","local_time":"20180820154003","is_ascension_mode":true,"campfire_choices":[{"floor":7,"key":"REST"},{"data":"Barricade","floor":12,"key":"SMITH"},{"floor":15,"key":"REST"},{"data":"Armaments","floor":23,"key":"SMITH"},{"floor":25,"key":"REST"}],"neow_cost":"NONE","seed_source_timestamp":388129025210010,"circlet_count":0,"master_deck":["Defend_R","Defend_R","Defend_R","Bash","Armaments+1","Infernal Blade","Seeing Red","Barricade+1","Shrug It Off","Flex","Cleave","Armaments","Impervious","Bludgeon+1","Disarm+1","Entrench+1","Rupture+1","Dropkick","Seeing Red+1","Burning Pact","Evolve","Demon Form"],"relics":["Eternal Feather","Bottled Flame","Lantern","Mummified Hand","Ginger","Astrolabe","Bottled Tornado","Calipers","Dodecahedron","Bronze Scales"],"potions_floor_usage":[14,31],"damage_taken":[{"damage":0,"enemies":"Small Slimes","floor":1,"turns":3},{"damage":8,"enemies":"2 Louse","floor":2,"turns":3},{"damage":0,"enemies":"Cultist","floor":5,"turns":3},{"damage":34,"enemies":"Gremlin Nob","floor":6,"turns":5},{"damage":31,"enemies":"3 Sentries","floor":8,"turns":10},{"damage":10,"enemies":"Large Slime","floor":11,"turns":2},{"damage":4,"enemies":"3 Louse","floor":13,"turns":5},{"damage":11,"enemies":"2 Fungi Beasts","floor":14,"turns":5},{"damage":43,"enemies":"Slime Boss","floor":16,"turns":15},{"damage":19,"enemies":"2 Thieves","floor":18,"turns":4},{"damage":4,"enemies":"Chosen","floor":19,"turns":6},{"damage":0,"enemies":"Centurion and Healer","floor":20,"turns":14},{"damage":62,"enemies":"Gremlin Leader","floor":24,"turns":18},{"damage":0,"enemies":"Cultist and Chosen","floor":27,"turns":11},{"damage":14,"enemies":"Snecko","floor":29,"turns":5},{"damage":14,"enemies":"Centurion and Healer","floor":30,"turns":4},{"damage":14,"enemies":"Slavers","floor":31,"turns":2}],"seed_played":"1623374985096282161","potions_obtained":[{"floor":6,"key":"Weak Potion"},{"floor":13,"key":"Regen Potion"},{"floor":14,"key":"Energy Potion"},{"floor":16,"key":"FearPotion"}],"is_trial":false,"path_per_floor":["M","M","?","?","M","E","R","E","T","T","M","R","M","M","R","B",null,"M","M","M","$","?","R","E","R","T","M","?","M","M"],"character_chosen":"IRONCLAD","items_purchased":["Bottled Tornado"],"campfire_rested":3,"item_purchase_floors":[21],"current_hp_per_floor":[80,72,65,65,65,31,61,30,30,30,20,26,22,25,58,15,80,61,57,57,57,57,66,4,37,37,37,37,23,9,0],"gold":227,"neow_bonus":"BOSS_RELIC","is_prod":false,"is_daily":false,"chose_seed":false,"campfire_upgraded":2,"win_rate":0,"timestamp":1534794003,"path_taken":["M","M","?","?","M","E","R","E","T","?","M","R","?","?","R","BOSS","M","?","M","$","?","R","E","R","T","M","?","M","?","E"],"build_version":"2018-08-16","purchased_purges":1,"victory":false,"max_hp_per_floor":[80,80,80,80,80,80,80,80,80,80,80,80,80,80,80,80,80,80,80,80,80,80,80,80,80,80,80,80,80,80,80],"card_choices":[{"not_picked":["Flex","Clothesline"],"picked":"Armaments","floor":1},{"not_picked":["Sword Boomerang","Rampage"],"picked":"Infernal Blade","floor":2},{"not_picked":["Iron Wave","Battle Trance"],"picked":"Seeing Red","floor":5},{"not_picked":["Wild Strike","True Grit"],"picked":"Barricade","floor":6},{"not_picked":["Sword Boomerang","Feed"],"picked":"Shrug It Off","floor":8},{"not_picked":["Shockwave","Headbutt"],"picked":"Flex","floor":11},{"not_picked":["Sever Soul","Thunderclap"],"picked":"Cleave","floor":13},{"not_picked":["True Grit","Warcry"],"picked":"Armaments","floor":14},{"not_picked":["Limit Break","Juggernaut"],"picked":"Impervious","floor":16},{"not_picked":["Clothesline","Cleave"],"picked":"Rupture+1","floor":18},{"not_picked":["Clash","Clothesline"],"picked":"Dropkick","floor":19},{"not_picked":["Clothesline+1","Perfected Strike","Searing Blow"],"picked":"SKIP","floor":20},{"not_picked":["Flame Barrier","Spot Weakness"],"picked":"Seeing Red+1","floor":24},{"not_picked":["Sever Soul","Perfected Strike"],"picked":"Burning Pact","floor":27},{"not_picked":["Pummel","Rupture"],"picked":"Evolve","floor":29},{"not_picked":["Shrug It Off","Warcry"],"picked":"Demon Form","floor":30}],"player_experience":75109,"relics_obtained":[{"floor":6,"key":"Bottled Flame"},{"floor":8,"key":"Lantern"},{"floor":9,"key":"Mummified Hand"},{"floor":10,"key":"Ginger"},{"floor":24,"key":"Dodecahedron"},{"floor":26,"key":"Bronze Scales"}],"event_choices":[{"event_name":"Golden Wing","player_choice":"Card Removal","floor":3,"damage_taken":0},{"event_name":"The Cleric","player_choice":"Card Removal","floor":4,"damage_taken":0},{"event_name":"Wheel of Change","player_choice":"Relic","floor":22,"damage_taken":0},{"event_name":"Nest","player_choice":"Stole From Cult","floor":28,"damage_taken":0}],"is_beta":false,"boss_relics":[{"not_picked":["Coffee Dripper","Runic Cube"],"picked":"Astrolabe"}],"items_purged_floors":[21],"is_endless":false,"potions_floor_spawned":[6,13,14,16,18,20,29,30],"killed_by":"Slavers","ascension_level":2}