{"gold_per_floor":[117,117,117,117,134,160,160,194,219,57,57,75,75,104,104,181,181,201,201,220,236,236,236,25,25,25,25,25,25,40,73,73,147,147,166,166,185,22,22,22,51,69,94,94,106,106,123,142,142,142],"floor_reached":50,"playtime":2855,"items_purged":[],"score":1312,"play_id":"d8708654-0ced-4f67-9ad4-a7904bbf99f6","local_time":"20190707185939","is_ascension_mode":true,"campfire_choices":[{"data":"Neutralize","floor":7.0,"key":"SMITH"},{"data":"Envenom","floor":11.0,"key":"SMITH"},{"floor":13.0,"key":"REST"},{"data":"Bouncing Flask","floor":15.0,"key":"SMITH"},{"data":"Ghostly","floor":23.0,"key":"SMITH"},{"data":"Ghostly","floor":25.0,"key":"SMITH"},{"data":"Corpse Explosion","floor":27.0,"key":"SMITH"},{"data":"Burst","floor":32.0,"key":"SMITH"},{"data":"Well Laid Plans","floor":40.0,"key":"SMITH"},{"floor":46.0,"key":"RECALL"},{"floor":49,"key":"REST"}],"neow_cost":"NONE","seed_source_timestamp":531330726347322,"circlet_count":0,"master_deck":["AscendersBane","Strike_G+1","Defend_G+1","Defend_G","Defend_G","Defend_G","Survivor+1","Neutralize+1","Backstab+1","Flying Knee+1","Endless Agony","Dash","Bouncing Flask+1","Corpse Explosion+1","Outmaneuver+1","Footwork+1","Cloak And Dagger","Ghostly+1","Ghostly","Ghostly+1","Dodge and Roll","Well Laid Plans+1","Burst+1","After Image","Backflip","PiercingWail","Night Terror","PiercingWail+1","Finesse","Noxious Fumes+1","Acrobatics+1"],"special_seed":0,"relics":["Ring of the Snake","NeowsBlessing","Omamori","Orichalcum","Oddly Smooth Stone","Question Card","Astrolabe","Lee\u0027s Waffle","Art of War","Shuriken","CultistMask","Whetstone","Empty Cage","Bag of Preparation","Boot"],"potions_floor_usage":[],"damage_taken":[{"damage":0.0,"enemies":"Jaw Worm","floor":1.0,"turns":1.0},{"damage":0.0,"enemies":"Small Slimes","floor":5.0,"turns":1.0},{"damage":0.0,"enemies":"Lagavulin","floor":6.0,"turns":1.0},{"damage":15.0,"enemies":"3 Sentries","floor":8.0,"turns":11.0},{"damage":0.0,"enemies":"2 Louse","floor":12.0,"turns":1.0},{"damage":11.0,"enemies":"Lagavulin","floor":14.0,"turns":5.0},{"damage":0.0,"enemies":"Hexaghost","floor":16.0,"turns":9.0},{"damage":9.0,"enemies":"Shell Parasite","floor":18.0,"turns":7.0},{"damage":0.0,"enemies":"2 Thieves","floor":20.0,"turns":4.0},{"damage":14.0,"enemies":"Shelled Parasite and Fungi","floor":21.0,"turns":8.0},{"damage":14.0,"enemies":"Chosen and Byrds","floor":30.0,"turns":7.0},{"damage":0.0,"enemies":"Slavers","floor":31.0,"turns":4.0},{"damage":0.0,"enemies":"Automaton","floor":33.0,"turns":11.0},{"damage":0.0,"enemies":"3 Darklings","floor":35.0,"turns":5.0},{"damage":0.0,"enemies":"3 Shapes","floor":37.0,"turns":4.0},{"damage":1.0,"enemies":"Nemesis","floor":41.0,"turns":11.0},{"damage":17.0,"enemies":"Spire Growth","floor":42.0,"turns":8.0},{"damage":18.0,"enemies":"Transient","floor":45.0,"turns":6.0},{"damage":0.0,"enemies":"Jaw Worm Horde","floor":47.0,"turns":7.0},{"damage":0,"enemies":"4 Shapes","floor":48,"turns":6},{"damage":13,"enemies":"Awakened One","floor":50,"turns":8}],"seed_played":"2421581466981851166","potions_obtained":[{"floor":5.0,"key":"Fire Potion"},{"floor":6.0,"key":"Block Potion"},{"floor":12.0,"key":"Weak Potion"},{"floor":21.0,"key":"AttackPotion"},{"floor":31.0,"key":"Block Potion"},{"floor":42.0,"key":"FearPotion"}],"is_trial":false,"path_per_floor":["M","?","?","?","M","E","R","E","T","$","R","M","R","E","R","B",null,"M","?","M","M","?","R","$","R","T","R","?","?","M","E","R","B",null,"M","?","M","$","?","R","E","M","T","?","M","R","M","M","R","B"],"character_chosen":"THE_SILENT","items_purchased":["Envenom","Lee\u0027s Waffle","Bag of Preparation"],"campfire_rested":2,"item_purchase_floors":[10,24,38],"current_hp_per_floor":[59,59,52,32,32,32,32,17,17,17,17,17,36,25,25,25,56,47,33,33,19,19,19,40,40,40,40,40,40,26,26,26,26,37,37,37,37,37,37,37,36,19,19,19,1,1,1,1,13,0],"gold":142,"neow_bonus":"THREE_ENEMY_KILL","is_prod":false,"is_daily":false,"chose_seed":false,"campfire_upgraded":8,"win_rate":0,"timestamp":1562540379,"path_taken":["M","?","?","?","M","E","R","E","T","$","R","?","R","E","R","BOSS","M","?","M","M","?","R","$","R","T","R","?","?","M","E","R","BOSS","M","?","M","?","?","R","E","M","T","?","M","R","?","M","R","BOSS"],"build_version":"2019-07-05","purchased_purges":0,"victory":false,"max_hp_per_floor":[66,66,66,66,66,66,66,66,66,66,66,66,66,66,66,66,66,66,33,33,33,33,33,40,40,40,40,40,40,40,40,40,40,40,40,40,40,40,40,40,40,40,40,40,40,40,40,40,40,40],"card_choices":[{"not_picked":["Blade Dance","Acrobatics"],"picked":"Backstab","floor":1.0},{"not_picked":["Endless Agony","Bane"],"picked":"Flying Knee","floor":5.0},{"not_picked":["Deflect","Catalyst"],"picked":"Endless Agony","floor":6.0},{"not_picked":["Infinite Blades","Sucker Punch"],"picked":"Dash","floor":8.0},{"not_picked":["Masterful Stab","Blade Dance"],"picked":"Bouncing Flask","floor":12.0},{"not_picked":["Reflex","Heel Hook","Underhanded Strike"],"picked":"SKIP","floor":14.0},{"not_picked":["Venomology","Night Terror","Die Die Die"],"picked":"Corpse Explosion","floor":16.0},{"not_picked":["Bane","Blade Dance+1","Dagger Spray"],"picked":"Cloak And Dagger","floor":18.0},{"not_picked":["Quick Slash","Sucker Punch","Distraction"],"picked":"Dodge and Roll","floor":20.0},{"not_picked":["Blade Dance","Quick Slash+1","Choke","Finisher+1"],"picked":"SKIP","floor":21.0},{"not_picked":["Blade Dance","Quick Slash+1","Choke","Finisher+1"],"picked":"SKIP","floor":21.0},{"not_picked":["Poisoned Stab","Phantasmal Killer","Outmaneuver","Dodge and Roll"],"picked":"SKIP","floor":30.0},{"not_picked":["Caltrops","Prepared","All Out Attack"],"picked":"Burst","floor":31.0},{"not_picked":["Glass Knife","Die Die Die","Envenom"],"picked":"After Image","floor":33.0},{"not_picked":["Deadly Poison","Dagger Spray","Footwork"],"picked":"Backflip","floor":35.0},{"not_picked":["Deflect+1","Deadly Poison","Escape Plan"],"picked":"PiercingWail","floor":37.0},{"not_picked":["Bane","Sucker Punch","Acrobatics"],"picked":"Night Terror","floor":41.0},{"not_picked":["Expertise+1","Distraction","Prepared"],"picked":"PiercingWail+1","floor":42.0},{"not_picked":["Magnetism","Mind Blast","HandOfGreed"],"picked":"Finesse","floor":44.0},{"not_picked":["PiercingWail","Finisher","All Out Attack"],"picked":"Noxious Fumes+1","floor":45.0},{"not_picked":["Backflip+1","Dodge and Roll","Quick Slash+1"],"picked":"Acrobatics+1","floor":47.0},{"not_picked":["Acrobatics","Dagger Spray","Terror","Backflip+1"],"picked":"SKIP","floor":48}],"player_experience":1588090,"relics_obtained":[{"floor":6.0,"key":"Omamori"},{"floor":8.0,"key":"Orichalcum"},{"floor":9.0,"key":"Oddly Smooth Stone"},{"floor":14.0,"key":"Question Card"},{"floor":26.0,"key":"Art of War"},{"floor":31.0,"key":"Whetstone"},{"floor":41.0,"key":"Boot"}],"event_choices":[{"damage_healed":0.0,"max_hp_gain":0.0,"max_hp_loss":0.0,"gold_gain":0.0,"event_name":"Living Wall","player_choice":"Grow","floor":2.0,"gold_loss":0.0,"damage_taken":0.0,"cards_upgraded":["Backstab"]},{"cards_removed":["Strike_G"],"damage_healed":0.0,"max_hp_gain":0.0,"max_hp_loss":0.0,"gold_gain":0.0,"event_name":"Golden Wing","player_choice":"Card Removal","floor":3.0,"gold_loss":0.0,"damage_taken":7.0},{"damage_healed":0.0,"max_hp_gain":0.0,"max_hp_loss":0.0,"gold_gain":0.0,"event_name":"Shining Light","player_choice":"Entered Light","floor":4.0,"gold_loss":0.0,"damage_taken":20.0,"cards_upgraded":["Survivor","Defend_G"]},{"damage_healed":0.0,"max_hp_gain":0.0,"max_hp_loss":33.0,"gold_gain":0.0,"event_name":"Ghosts","player_choice":"Became a Ghost","floor":19.0,"gold_loss":0.0,"damage_taken":0.0,"cards_obtained":["Ghostly","Ghostly","Ghostly"]},{"damage_healed":0.0,"max_hp_gain":0.0,"max_hp_loss":0.0,"gold_gain":0.0,"event_name":"The Library","player_choice":"Read","floor":22.0,"gold_loss":0.0,"damage_taken":0.0,"cards_obtained":["Well Laid Plans"]},{"damage_healed":0.0,"max_hp_gain":0.0,"max_hp_loss":0.0,"gold_gain":0.0,"event_name":"Addict","player_choice":"Stole Relic","floor":28.0,"gold_loss":0.0,"damage_taken":0.0,"relics_obtained":["Shuriken"],"cards_obtained":["Shame"]},{"damage_healed":0.0,"max_hp_gain":0.0,"max_hp_loss":0.0,"gold_gain":0.0,"event_name":"FaceTrader","player_choice":"Trade","floor":29.0,"gold_loss":0.0,"damage_taken":0.0,"relics_obtained":["CultistMask"]},{"damage_healed":0.0,"max_hp_gain":0.0,"max_hp_loss":0.0,"gold_gain":0.0,"event_name":"SecretPortal","player_choice":"Ignored","floor":36.0,"gold_loss":0.0,"damage_taken":0.0},{"cards_removed":["Envenom"],"damage_healed":0.0,"max_hp_gain":0.0,"max_hp_loss":0.0,"gold_gain":0.0,"event_name":"Falling","player_choice":"Removed Power","floor":39.0,"gold_loss":0.0,"damage_taken":0.0},{"damage_healed":0.0,"max_hp_gain":0.0,"max_hp_loss":0.0,"gold_gain":0.0,"event_name":"SensoryStone","player_choice":"Memory 1","floor":44.0,"gold_loss":0.0,"damage_taken":0.0}],"is_beta":false,"boss_relics":[{"not_picked":["Tiny House","Eternal Feather"],"picked":"Astrolabe"},{"not_picked":["White Beast Statue","Orrery"],"picked":"Empty Cage"}],"items_purged_floors":[],"is_endless":false,"potions_floor_spawned":[5,6,12,14,21,31,33,35,37,42],"killed_by":"Awakened One","ascension_level":20}