{"gold_per_floor":[364,514,531,531,549,549,96,96,122,140,168,168,194,209,209,282,282,301,320,334,384,404,434,434,434],"floor_reached":25,"playtime":1840,"items_purged":["Doubt"],"score":466,"play_id":"4dd162c1-2993-4492-9787-1d6f06500fd1","local_time":"20190504110942","is_ascension_mode":true,"campfire_choices":[{"data":"Neutralize","floor":6.0,"key":"SMITH"},{"floor":8.0,"key":"REST"},{"data":"All Out Attack","floor":12.0,"key":"SMITH"},{"data":"Well Laid Plans","floor":15.0,"key":"SMITH"},{"floor":24,"key":"REST"}],"neow_cost":"TEN_PERCENT_HP_LOSS","seed_source_timestamp":34296070734275,"circlet_count":0,"master_deck":["AscendersBane","Defend_G","Defend_G","Defend_G","Defend_G","Defend_G","Strike_G","Strike_G","Strike_G","Strike_G","Strike_G","Survivor","Neutralize+1","Dash","Slice","Footwork","Well Laid Plans+1","All Out Attack+1","Footwork","Endless Agony","Predator","Backflip","After Image","Deadly Poison","Catalyst","Catalyst","Storm of Steel"],"special_seed":0,"relics":["Ring of the Snake","Lantern","Orichalcum","Smiling Mask","Vajra","Boot","Runic Pyramid","Molten Egg 2"],"potions_floor_usage":[16,23,25],"damage_taken":[{"damage":6.0,"enemies":"Small Slimes","floor":1.0,"turns":7.0},{"damage":14.0,"enemies":"Jaw Worm","floor":3.0,"turns":6.0},{"damage":1.0,"enemies":"Cultist","floor":5.0,"turns":5.0},{"damage":3.0,"enemies":"Large Slime","floor":10.0,"turns":7.0},{"damage":1.0,"enemies":"3 Sentries","floor":11.0,"turns":6.0},{"damage":1.0,"enemies":"Lagavulin","floor":13.0,"turns":9.0},{"damage":0.0,"enemies":"2 Fungi Beasts","floor":14.0,"turns":2.0},{"damage":17,"enemies":"Slime Boss","floor":16,"turns":9},{"damage":11,"enemies":"2 Thieves","floor":18,"turns":4},{"damage":5,"enemies":"Chosen","floor":19,"turns":5},{"damage":0,"enemies":"Centurion and Healer","floor":20,"turns":10},{"damage":15,"enemies":"Sentry and Sphere","floor":22,"turns":12},{"damage":10,"enemies":"Gremlin Leader","floor":23,"turns":9},{"damage":32,"enemies":"Book of Stabbing","floor":25,"turns":5}],"seed_played":"6856578462083117452","potions_obtained":[{"floor":5.0,"key":"AttackPotion"},{"floor":11.0,"key":"Explosive Potion"},{"floor":13.0,"key":"EssenceOfSteel"},{"floor":16,"key":"Explosive Potion"},{"floor":20,"key":"Weak Potion"},{"floor":23,"key":"SkillPotion"}],"is_trial":false,"path_per_floor":["M","?","M","?","M","R","$","R","T","M","E","R","E","M","R","B",null,"M","M","M","?","M","E","R","E"],"character_chosen":"THE_SILENT","items_purchased":["Orichalcum","Well Laid Plans","All Out Attack","Explosive Potion"],"campfire_rested":2,"item_purchase_floors":[7,7,7,7],"current_hp_per_floor":[53,53,39,21,20,20,20,38,38,35,34,34,33,33,33,16,49,38,33,33,33,18,8,26,0],"gold":434,"neow_bonus":"TWO_FIFTY_GOLD","is_prod":false,"is_daily":false,"chose_seed":false,"campfire_upgraded":3,"win_rate":0,"timestamp":1556982582,"path_taken":["M","?","M","?","M","R","$","R","T","M","E","R","E","M","R","BOSS","M","M","M","?","M","E","R","E"],"build_version":"2019-01-23","purchased_purges":1,"victory":false,"max_hp_per_floor":[60,60,60,60,60,60,60,60,60,60,60,60,60,60,60,60,60,60,60,60,60,60,60,60,60],"card_choices":[{"not_picked":["Backflip","Finisher"],"picked":"Dash","floor":1.0},{"not_picked":["Deflect","Expertise"],"picked":"Slice","floor":3.0},{"not_picked":["Blade Dance","Distraction"],"picked":"Footwork","floor":5.0},{"not_picked":["Backflip","Dodge and Roll"],"picked":"Footwork","floor":10.0},{"not_picked":["Dagger Spray","Slice"],"picked":"Endless Agony","floor":11.0},{"not_picked":["Slice","Sucker Punch"],"picked":"Predator","floor":13.0},{"not_picked":["Bane","Sucker Punch"],"picked":"Backflip","floor":14.0},{"not_picked":["Die Die Die","Envenom"],"picked":"After Image","floor":16},{"not_picked":["Skewer+1","Heel Hook"],"picked":"Deadly Poison","floor":18},{"not_picked":["Prepared","Distraction"],"picked":"Catalyst","floor":19},{"not_picked":["Accuracy","Bane","Outmaneuver"],"picked":"SKIP","floor":20},{"not_picked":["Dagger Throw+1","Blade Dance"],"picked":"Catalyst","floor":22},{"not_picked":["Predator","Underhanded Strike"],"picked":"Storm of Steel","floor":23}],"player_experience":1175679,"relics_obtained":[{"floor":9.0,"key":"Smiling Mask"},{"floor":11.0,"key":"Vajra"},{"floor":13.0,"key":"Boot"},{"floor":23,"key":"Molten Egg 2"}],"event_choices":[{"damage_healed":0.0,"max_hp_gain":0.0,"max_hp_loss":0.0,"gold_gain":150.0,"event_name":"Liars Game","player_choice":"AGREE","floor":2.0,"gold_loss":0.0,"damage_taken":0.0,"cards_obtained":["Doubt"]},{"damage_healed":0.0,"max_hp_gain":0.0,"max_hp_loss":0.0,"gold_gain":0.0,"event_name":"Scrap Ooze","player_choice":"Success","floor":4.0,"gold_loss":0.0,"damage_taken":18.0,"relics_obtained":["Lantern"]},{"damage_healed":0,"gold_gain":50,"player_choice":"Stole From Cult","damage_taken":0,"max_hp_gain":0,"max_hp_loss":0,"event_name":"Nest","floor":21,"gold_loss":0}],"is_beta":false,"boss_relics":[{"not_picked":["WristBlade","Orrery"],"picked":"Runic Pyramid"}],"items_purged_floors":[7],"is_endless":false,"potions_floor_spawned":[5,11,13,16,20,22,23],"killed_by":"Book of Stabbing","ascension_level":20}