{"gold_per_floor":[114,1,21,21,34,34,77,34,34,34,65,65,99,115,115,205,205,229,154,154,69,82,82,417,417,440,461,481,496,145,145,145,236,236,251,584,595,643,743,743],"floor_reached":40,"playtime":3531,"items_purged":["Strike_B"],"score":869,"play_id":"fb215b61-f92f-486b-9ede-733a406d0051","local_time":"20190312011743","is_ascension_mode":true,"campfire_choices":[{"data":"Zap","floor":6.0,"key":"SMITH"},{"data":"Sweeping Beam","floor":10.0,"key":"SMITH"},{"data":"Go for the Eyes","floor":15.0,"key":"SMITH"},{"data":"Consume","floor":23.0,"key":"SMITH"},{"data":"Coolheaded","floor":25.0,"key":"SMITH"},{"data":"Self Repair","floor":32.0,"key":"SMITH"}],"neow_cost":"NONE","seed_source_timestamp":0,"circlet_count":0,"master_deck":["AscendersBane","Defend_B","Defend_B","Defend_B","Defend_B","Zap+1","Dualcast","Ball Lightning","Ball Lightning","Conserve Battery","Sweeping Beam+1","Glacier","Coolheaded+1","Self Repair+1","FTL","Go for the Eyes+1","Echo Form","White Noise","Consume+1","Genetic Algorithm","Glacier","Beam Cell","Creative AI+1","Seek","FTL+1","Loop+1"],"special_seed":0,"relics":["Cracked Core","Symbiotic Virus","Kunai","Strawberry","Thread and Needle","Sozu","Lantern","Old Coin","Bag of Marbles","Frozen Egg 2","Inserter","Unceasing Top","Du-Vu Doll"],"potions_floor_usage":[],"damage_taken":[{"damage":5.0,"enemies":"Small Slimes","floor":1.0,"turns":4.0},{"damage":0.0,"enemies":"2 Louse","floor":3.0,"turns":2.0},{"damage":2.0,"enemies":"Jaw Worm","floor":5.0,"turns":3.0},{"damage":9.0,"enemies":"3 Sentries","floor":7.0,"turns":7.0},{"damage":8.0,"enemies":"Gremlin Nob","floor":11.0,"turns":3.0},{"damage":20.0,"enemies":"3 Sentries","floor":13.0,"turns":8.0},{"damage":0.0,"enemies":"Large Slime","floor":14.0,"turns":3.0},{"damage":13.0,"enemies":"Slime Boss","floor":16.0,"turns":8.0},{"damage":12.0,"enemies":"Shell Parasite","floor":18.0,"turns":5.0},{"damage":0.0,"enemies":"3 Byrds","floor":22.0,"turns":4.0},{"damage":47.0,"enemies":"Gremlin Leader","floor":24.0,"turns":6.0},{"damage":2.0,"enemies":"3 Cultists","floor":27.0,"turns":7.0},{"damage":8.0,"enemies":"Snake Plant","floor":28.0,"turns":8.0},{"damage":19.0,"enemies":"Shelled Parasite and Fungi","floor":29.0,"turns":8.0},{"damage":7.0,"enemies":"Champ","floor":33.0,"turns":12.0},{"damage":3.0,"enemies":"3 Shapes","floor":35.0,"turns":9.0},{"damage":10.0,"enemies":"Orb Walker","floor":37.0,"turns":4.0},{"damage":63.0,"enemies":"2 Orb Walkers","floor":38.0,"turns":10.0},{"damage":8.0,"enemies":"Mind Bloom Boss Battle","floor":39.0,"turns":5.0},{"damage":49,"enemies":"Reptomancer","floor":40,"turns":3}],"seed_played":"2095048597985087176","potions_obtained":[{"floor":1.0,"key":"SteroidPotion"},{"floor":7.0,"key":"SteroidPotion"}],"is_trial":false,"path_per_floor":["M","$","M","?","M","R","E","$","T","R","E","?","E","M","R","B",null,"M","?","?","?","M","R","E","R","T","M","M","M","$","?","R","B",null,"M","?","M","?","?","E"],"character_chosen":"DEFECT","items_purchased":["Ball Lightning","Conserve Battery","Self Repair","Frozen Egg 2"],"campfire_rested":0,"item_purchase_floors":[2,2,8,30],"current_hp_per_floor":[66,66,66,66,64,64,55,55,55,55,61,61,41,48,48,42,69,71,71,71,71,78,78,38,38,38,50,56,51,51,51,51,54,72,78,78,78,35,47,0],"gold":743,"neow_bonus":"TEN_PERCENT_HP_BONUS","is_prod":false,"is_daily":false,"chose_seed":false,"campfire_upgraded":6,"win_rate":0,"timestamp":1552367863,"path_taken":["M","$","M","?","M","R","E","$","T","R","E","?","E","M","R","BOSS","M","?","?","?","M","R","E","R","T","?","M","M","$","?","R","BOSS","M","?","M","?","?","E"],"build_version":"2019-01-23","purchased_purges":1,"victory":false,"max_hp_per_floor":[78,78,78,71,71,71,71,71,71,71,78,78,78,78,78,78,78,78,78,78,78,78,78,78,78,78,78,78,78,78,78,78,78,78,78,78,78,78,78,78],"card_choices":[{"not_picked":["Glacier","Conserve Battery"],"picked":"Ball Lightning","floor":1.0},{"not_picked":["Barrage","Rebound"],"picked":"Sweeping Beam","floor":3.0},{"not_picked":["Scrape","Turbo"],"picked":"Glacier","floor":5.0},{"not_picked":["Force Field","Compile Driver"],"picked":"Coolheaded","floor":7.0},{"not_picked":["Heatsinks","Cold Snap","Stack"],"picked":"SKIP","floor":11.0},{"not_picked":["Lockon","Stack"],"picked":"FTL","floor":13.0},{"not_picked":["Reinforced Body","Beam Cell"],"picked":"Go for the Eyes","floor":14.0},{"not_picked":["Electrodynamics","Core Surge"],"picked":"Echo Form","floor":16.0},{"not_picked":["Gash","Go for the Eyes"],"picked":"White Noise","floor":18.0},{"not_picked":["Conserve Battery","Undo"],"picked":"Consume","floor":22.0},{"not_picked":["Stack","Aggregate"],"picked":"Genetic Algorithm","floor":24.0},{"not_picked":["Self Repair","Steam Power"],"picked":"Glacier","floor":27.0},{"not_picked":["Rebound","Conserve Battery+1","Barrage"],"picked":"SKIP","floor":28.0},{"not_picked":["Sweeping Beam","Darkness","Rip and Tear"],"picked":"SKIP","floor":29.0},{"not_picked":["All For One","Core Surge"],"picked":"Seek","floor":33.0},{"not_picked":["Beam Cell","Sweeping Beam","Rebound+1"],"picked":"SKIP","floor":35.0},{"not_picked":["Multi-Cast","Rip and Tear"],"picked":"FTL+1","floor":37.0},{"not_picked":["Sweeping Beam","Glacier+1"],"picked":"Loop+1","floor":38.0}],"player_experience":818672,"relics_obtained":[{"floor":7.0,"key":"Symbiotic Virus"},{"floor":9.0,"key":"Kunai"},{"floor":11.0,"key":"Strawberry"},{"floor":13.0,"key":"Thread and Needle"},{"floor":24.0,"key":"Old Coin"},{"floor":26.0,"key":"Bag of Marbles"},{"floor":38.0,"key":"Unceasing Top"},{"floor":39.0,"key":"Du-Vu Doll"}],"event_choices":[{"damage_healed":0.0,"max_hp_gain":0.0,"max_hp_loss":7.0,"gold_gain":0.0,"event_name":"Golden Idol","player_choice":"Lose Max HP","floor":4.0,"gold_loss":0.0,"damage_taken":0.0,"relics_obtained":["Golden Idol"]},{"damage_healed":0.0,"max_hp_gain":0.0,"max_hp_loss":0.0,"gold_gain":0.0,"event_name":"Liars Game","player_choice":"Ignored","floor":12.0,"gold_loss":0.0,"damage_taken":0.0},{"cards_removed":["Strike_B"],"damage_healed":0.0,"max_hp_gain":0.0,"max_hp_loss":0.0,"gold_gain":0.0,"event_name":"Beggar","player_choice":"Gave Gold","floor":19.0,"gold_loss":75.0,"damage_taken":0.0},{"damage_healed":0.0,"max_hp_gain":0.0,"max_hp_loss":0.0,"gold_gain":0.0,"event_name":"Ghosts","player_choice":"Ignored","floor":20.0,"gold_loss":0.0,"damage_taken":0.0},{"damage_healed":0.0,"max_hp_gain":0.0,"max_hp_loss":0.0,"gold_gain":0.0,"event_name":"Addict","player_choice":"Obtained Relic","floor":21.0,"gold_loss":85.0,"damage_taken":0.0,"relics_obtained":["Lantern"]},{"damage_healed":0.0,"max_hp_gain":0.0,"max_hp_loss":0.0,"gold_gain":0.0,"cards_transformed":["Strike_B","Strike_B"],"event_name":"Drug Dealer","player_choice":"Became Test Subject","floor":31.0,"gold_loss":0.0,"damage_taken":0.0,"cards_obtained":["Beam Cell","Creative AI"]},{"damage_healed":0.0,"max_hp_gain":0.0,"max_hp_loss":0.0,"gold_gain":333.0,"event_name":"The Moai Head","player_choice":"Gave Idol","floor":36.0,"relics_lost":["Golden Idol"],"gold_loss":0.0,"damage_taken":0.0},{"damage_healed":0.0,"max_hp_gain":0.0,"max_hp_loss":0.0,"gold_gain":0.0,"event_name":"Mysterious Sphere","player_choice":"Fight","floor":38.0,"gold_loss":0.0,"damage_taken":0.0},{"damage_healed":0.0,"max_hp_gain":0.0,"max_hp_loss":0.0,"gold_gain":0.0,"event_name":"MindBloom","player_choice":"Fight","floor":39.0,"gold_loss":0.0,"damage_taken":0.0}],"is_beta":false,"boss_relics":[{"not_picked":["Empty Cage","Busted Crown"],"picked":"Sozu"},{"not_picked":["Snecko Eye","Orrery"],"picked":"Inserter"}],"items_purged_floors":[30],"is_endless":false,"potions_floor_spawned":[1,7,22,24,38,39],"killed_by":"Reptomancer","ascension_level":20}