{"gold_per_floor":[117,127,141,152,163,163,198,198,198,198,215,233,183,183,183,314,314,332,242,260,285,306,306,320,320],"floor_reached":25,"playtime":3335,"items_purged":[],"score":219,"play_id":"926a7f0e-2c66-4741-a9a5-b7f875215f1f","local_time":"20190702092926","is_ascension_mode":true,"campfire_choices":[{"floor":6.0,"key":"REST"},{"floor":8.0,"key":"REST"},{"floor":10.0,"key":"RECALL"},{"floor":15.0,"key":"REST"},{"floor":23,"key":"REST"}],"neow_cost":"NONE","seed_source_timestamp":0,"circlet_count":0,"master_deck":["Survivor","Neutralize","Catalyst","Distraction","Noxious Fumes","Dash","Blur","Corpse Explosion","Heel Hook+1","Underhanded Strike","Prepared","Prepared","Dagger Spray","Phantasmal Killer","Underhanded Strike","Dagger Spray","Sucker Punch","PiercingWail+1","Crippling Poison","Crippling Poison","Deadly Poison"],"special_seed":0,"relics":["Ring of the Snake","Bag of Marbles","Bag of Preparation","Meat on the Bone","Golden Idol","Pandora\u0027s Box"],"potions_floor_usage":[20,22,24],"damage_taken":[{"damage":1.0,"enemies":"Cultist","floor":1.0,"turns":3.0},{"damage":4.0,"enemies":"Jaw Worm","floor":2.0,"turns":6.0},{"damage":0.0,"enemies":"Small Slimes","floor":3.0,"turns":5.0},{"damage":9.0,"enemies":"Gremlin Gang","floor":4.0,"turns":10.0},{"damage":6.0,"enemies":"3 Louse","floor":5.0,"turns":4.0},{"damage":22.0,"enemies":"Gremlin Nob","floor":7.0,"turns":6.0},{"damage":0.0,"enemies":"Blue Slaver","floor":11.0,"turns":6.0},{"damage":0.0,"enemies":"Large Slime","floor":12.0,"turns":5.0},{"damage":58.0,"enemies":"The Guardian","floor":16.0,"turns":15.0},{"damage":27.0,"enemies":"Chosen","floor":18.0,"turns":6.0},{"damage":15,"enemies":"Shell Parasite","floor":20,"turns":7},{"damage":33,"enemies":"3 Cultists","floor":21,"turns":5},{"damage":12,"enemies":"Sentry and Sphere","floor":22,"turns":7},{"damage":19,"enemies":"Snecko","floor":24,"turns":5},{"damage":37,"enemies":"Slavers","floor":25,"turns":3}],"seed_played":"-639166133839980928","potions_obtained":[{"floor":1.0,"key":"EssenceOfSteel"},{"floor":2.0,"key":"GamblersBrew"},{"floor":3.0,"key":"GhostInAJar"},{"floor":16.0,"key":"FearPotion"},{"floor":21,"key":"Block Potion"},{"floor":24,"key":"Block Potion"}],"is_trial":false,"path_per_floor":["M","M","M","M","M","R","E","R","T","R","M","M","?","?","R","B",null,"M","?","M","M","M","R","M","E"],"character_chosen":"THE_SILENT","items_purchased":[],"campfire_rested":4,"item_purchase_floors":[],"current_hp_per_floor":[69,65,65,56,50,70,48,69,69,69,69,69,69,52,70,24,70,43,43,40,19,19,40,33,0],"gold":320,"neow_bonus":"RANDOM_COMMON_RELIC","is_prod":false,"is_daily":false,"chose_seed":false,"campfire_upgraded":0,"win_rate":0,"timestamp":1562074166,"path_taken":["M","M","M","?","M","R","E","R","T","R","M","M","?","?","R","BOSS","M","?","M","?","M","R","M","E"],"build_version":"2019-07-01","purchased_purges":0,"victory":false,"max_hp_per_floor":[70,70,70,70,70,70,70,70,70,70,70,70,70,70,70,70,70,70,70,70,70,70,70,70,70],"card_choices":[{"not_picked":["Calculated Gamble","All Out Attack","Dagger Spray"],"picked":"SKIP","floor":1.0},{"not_picked":["Flying Knee","Dagger Throw"],"picked":"Catalyst","floor":2.0},{"not_picked":["Slice","Skewer"],"picked":"Distraction","floor":3.0},{"not_picked":["Poisoned Stab","PiercingWail"],"picked":"Noxious Fumes","floor":4.0},{"not_picked":["Underhanded Strike","Acrobatics"],"picked":"Dash","floor":5.0},{"not_picked":["Acrobatics","Malaise"],"picked":"Blur","floor":7.0},{"not_picked":["Expertise","Outmaneuver"],"picked":"Bane","floor":11.0},{"not_picked":["Dagger Spray","Dodge and Roll","Flechettes"],"picked":"SKIP","floor":12.0},{"not_picked":["Glass Knife","Malaise"],"picked":"Corpse Explosion","floor":16.0},{"not_picked":["Quick Slash","Underhanded Strike"],"picked":"PiercingWail+1","floor":18},{"not_picked":["Dagger Throw","Outmaneuver+1"],"picked":"Crippling Poison","floor":20},{"not_picked":["Masterful Stab+1","Slice","Riddle With Holes"],"picked":"SKIP","floor":21},{"not_picked":["Accuracy+1","Flying Knee"],"picked":"Crippling Poison","floor":22},{"not_picked":["Skewer+1","Acrobatics"],"picked":"Deadly Poison","floor":24}],"player_experience":152221,"relics_obtained":[{"floor":7.0,"key":"Bag of Preparation"},{"floor":9.0,"key":"Meat on the Bone"}],"event_choices":[{"cards_removed":["Bane"],"damage_healed":0.0,"max_hp_gain":0.0,"max_hp_loss":0.0,"gold_gain":0.0,"event_name":"The Cleric","player_choice":"Card Removal","floor":13.0,"gold_loss":50.0,"damage_taken":0.0},{"damage_healed":0.0,"max_hp_gain":0.0,"max_hp_loss":0.0,"gold_gain":0.0,"event_name":"Golden Idol","player_choice":"Take Damage","floor":14.0,"gold_loss":0.0,"damage_taken":17.0,"relics_obtained":["Golden Idol"]},{"cards_removed":["Predator"],"damage_healed":0,"gold_gain":0,"player_choice":"Upgrade and Remove","damage_taken":0,"max_hp_gain":0,"max_hp_loss":0,"event_name":"Designer","floor":19,"gold_loss":90,"cards_upgraded":["Heel Hook"]}],"is_beta":false,"boss_relics":[{"not_picked":["Orrery","Snecko Eye"],"picked":"Pandora\u0027s Box"}],"items_purged_floors":[],"is_endless":false,"potions_floor_spawned":[1,2,3,16,21,24],"killed_by":"Slavers","ascension_level":1}