{"gold_per_floor":[114,18,35,35,60,98,114,134,134,134,150,168,168,186,186,305,305,325,48,0,16,37,37],"floor_reached":23,"playtime":1277,"items_purged":[],"score":197,"play_id":"e800e626-a2bc-4dfc-bd43-32990968d000","local_time":"20190714221613","is_ascension_mode":false,"campfire_choices":[{"data":"Storm","floor":13.0,"key":"SMITH"},{"data":"Redo","floor":15.0,"key":"SMITH"}],"neow_cost":"NONE","seed_source_timestamp":0,"circlet_count":0,"master_deck":["Strike_B","Strike_B","Strike_B","Strike_B","Defend_B","Defend_B","Defend_B","Defend_B","Zap","Dualcast","Ball Lightning","Self Repair","Sweeping Beam","Auto Shields","Injury","FTL","Conserve Battery","Storm+1","Redo+1","Stack","Beam Cell","Tempest","Rainbow","Aggregate","Self Repair","Ball Lightning","Double Energy+1"],"special_seed":0,"relics":["Cracked Core","Golden Idol","Centennial Puzzle","Orichalcum","Snecko Eye","Chemical X"],"potions_floor_usage":[23,23],"damage_taken":[{"damage":6.0,"enemies":"Jaw Worm","floor":1.0,"turns":5.0},{"damage":7.0,"enemies":"2 Louse","floor":3.0,"turns":2.0},{"damage":1.0,"enemies":"Cultist","floor":5.0,"turns":4.0},{"damage":21.0,"enemies":"3 Sentries","floor":6.0,"turns":7.0},{"damage":4.0,"enemies":"Large Slime","floor":7.0,"turns":6.0},{"damage":7.0,"enemies":"Exordium Wildlife","floor":8.0,"turns":3.0},{"damage":8.0,"enemies":"Looter","floor":11.0,"turns":3.0},{"damage":13.0,"enemies":"2 Fungi Beasts","floor":12.0,"turns":3.0},{"damage":0.0,"enemies":"Blue Slaver","floor":14.0,"turns":3.0},{"damage":67.0,"enemies":"Hexaghost","floor":16.0,"turns":12.0},{"damage":10.0,"enemies":"Chosen","floor":18.0,"turns":5.0},{"damage":11.0,"enemies":"Shell Parasite","floor":21.0,"turns":5.0},{"damage":24,"enemies":"Snecko","floor":22,"turns":5},{"damage":66,"enemies":"Book of Stabbing","floor":23,"turns":7}],"seed_played":"2043330786607753019","potions_obtained":[{"floor":5.0,"key":"SteroidPotion"},{"floor":6.0,"key":"Dexterity Potion"},{"floor":8.0,"key":"Strength Potion"},{"floor":11.0,"key":"Regen Potion"},{"floor":18.0,"key":"Energy Potion"}],"is_trial":false,"path_per_floor":["M","$","M","?","M","E","M","M","T","?","M","M","R","M","R","B",null,"M","$","?","M","M","E"],"character_chosen":"DEFECT","items_purchased":["Self Repair","Sweeping Beam","Chemical X","Self Repair"],"campfire_rested":0,"item_purchase_floors":[2,2,19,19],"current_hp_per_floor":[76,76,76,76,82,68,71,71,71,71,70,64,64,71,71,20,82,79,79,79,82,65,0],"gold":37,"neow_bonus":"TEN_PERCENT_HP_BONUS","is_prod":false,"is_daily":false,"chose_seed":false,"campfire_upgraded":2,"win_rate":0.0,"timestamp":1563156973,"path_taken":["M","$","M","?","M","E","M","M","T","?","?","M","R","M","R","BOSS","M","$","?","M","M","E"],"build_version":"2019-07-05","purchased_purges":0,"victory":false,"max_hp_per_floor":[82,82,82,82,82,82,82,82,82,82,82,82,82,82,82,82,82,82,82,82,82,82,82],"card_choices":[{"not_picked":["Streamline","Beam Cell"],"picked":"Ball Lightning","floor":1.0},{"not_picked":["Heatsinks","Steam"],"picked":"Auto Shields","floor":3.0},{"not_picked":["Compile Driver","Sweeping Beam"],"picked":"FTL","floor":5.0},{"not_picked":["Aggregate","Compile Driver"],"picked":"Conserve Battery","floor":6.0},{"not_picked":["Force Field","Turbo"],"picked":"Storm","floor":7.0},{"not_picked":["Ball Lightning","Coolheaded"],"picked":"Redo","floor":8.0},{"not_picked":["Consume","All For One"],"picked":"Stack","floor":11.0},{"not_picked":["Rebound","Leap"],"picked":"Beam Cell","floor":12.0},{"not_picked":["Glacier","Compile Driver"],"picked":"Tempest","floor":14.0},{"not_picked":["Thunder Strike","Reboot"],"picked":"Rainbow","floor":16.0},{"not_picked":["FTL","Ball Lightning"],"picked":"Aggregate","floor":18.0},{"not_picked":["Beam Cell","Turbo"],"picked":"Ball Lightning","floor":21.0},{"not_picked":["Leap","Capacitor"],"picked":"Double Energy+1","floor":22}],"player_experience":48719,"relics_obtained":[{"floor":6.0,"key":"Centennial Puzzle"},{"floor":9.0,"key":"Orichalcum"}],"event_choices":[{"damage_healed":0.0,"max_hp_gain":0.0,"max_hp_loss":0.0,"gold_gain":0.0,"event_name":"Golden Idol","player_choice":"Take Wound","floor":4.0,"gold_loss":0.0,"damage_taken":0.0,"relics_obtained":["Golden Idol"],"cards_obtained":["Injury"]},{"damage_healed":0.0,"max_hp_gain":0.0,"max_hp_loss":0.0,"gold_gain":0.0,"event_name":"Lab","player_choice":"Got Potions","floor":10.0,"gold_loss":0.0,"damage_taken":0.0},{"damage_healed":0.0,"max_hp_gain":0.0,"max_hp_loss":0.0,"gold_gain":0.0,"event_name":"Masked Bandits","player_choice":"Paid Fearfully","floor":20.0,"gold_loss":48.0,"damage_taken":0.0}],"is_beta":false,"boss_relics":[{"not_picked":["White Beast Statue","Empty Cage"],"picked":"Snecko Eye"}],"items_purged_floors":[],"is_endless":false,"potions_floor_spawned":[5,6,8,11,14,18],"killed_by":"Book of Stabbing","ascension_level":0}