{"gold_per_floor":[114,129,144,94,109,139,139,139,139,139,154,169,169,123,123,223,223,238,238,238,153,243,243,258,273,273,273,273,273,288,303,303,303],"floor_reached":33,"playtime":2710,"items_purged":[],"score":247,"play_id":"f1ed9d6f-034e-4b97-8006-a0016e681390","local_time":"20190708175541","daily_mods":["Heirloom","Colorless Cards","Terminal"],"is_ascension_mode":false,"campfire_choices":[{"floor":7,"key":"REST"},{"data":"Poisoned Stab","floor":13,"key":"SMITH"},{"floor":15,"key":"REST"},{"floor":23,"key":"REST"},{"data":"Crippling Poison","floor":27,"key":"SMITH"},{"data":"Prepared","floor":29,"key":"SMITH"},{"floor":32,"key":"REST"}],"neow_cost":"","seed_source_timestamp":16057829539277,"circlet_count":0,"master_deck":["Strike_G+1","Strike_G+1","Strike_G+1","Defend_G+1","Defend_G+1","Defend_G+1","Survivor","Neutralize","Skewer","Prepared+1","Poisoned Stab+1","Dagger Throw","Bane","Flash of Steel","Flying Knee","Transmutation","Flying Knee+1","Good Instincts+1","Quick Slash+1","Quick Slash+1","Decay","Blind","Dodge and Roll","Crippling Poison+1","Slice","Acrobatics"],"special_seed":18085,"relics":["Ring of the Snake","Turnip","Incense Burner","Question Card","Astrolabe","MutagenicStrength","Gremlin Horn","Bag of Marbles"],"potions_floor_usage":[16,33,33],"damage_taken":[{"damage":0,"enemies":"Jaw Worm","floor":1,"turns":5},{"damage":0,"enemies":"Small Slimes","floor":2,"turns":3},{"damage":0,"enemies":"2 Louse","floor":3,"turns":3},{"damage":0,"enemies":"Large Slime","floor":5,"turns":7},{"damage":21,"enemies":"Lagavulin","floor":6,"turns":7},{"damage":9,"enemies":"3 Louse","floor":11,"turns":3},{"damage":4,"enemies":"Lots of Slimes","floor":12,"turns":4},{"damage":24,"enemies":"Hexaghost","floor":16,"turns":11},{"damage":3,"enemies":"3 Byrds","floor":18,"turns":7},{"damage":0,"enemies":"Shell Parasite","floor":24,"turns":4},{"damage":10,"enemies":"3 Cultists","floor":25,"turns":6},{"damage":14,"enemies":"Snecko","floor":30,"turns":5},{"damage":3,"enemies":"Snake Plant","floor":31,"turns":3},{"damage":37,"enemies":"Champ","floor":33,"turns":9}],"seed_played":"-1033485065837994078","potions_obtained":[{"floor":3,"key":"Poison Potion"},{"floor":5,"key":"Strength Potion"},{"floor":11,"key":"GhostInAJar"},{"floor":18,"key":"FearPotion"}],"is_trial":false,"path_per_floor":["M","M","M","?","M","E","R","?","T","?","M","M","R","?","R","B",null,"M","?","?","?","?","R","M","M","T","R","?","R","M","M","R","B"],"character_chosen":"THE_SILENT","items_purchased":[],"campfire_rested":4,"item_purchase_floors":[],"current_hp_per_floor":[68,67,66,65,64,43,61,61,60,59,50,46,46,46,54,30,52,49,49,49,48,30,44,44,34,34,34,34,34,20,17,28,0],"gold":303,"neow_bonus":"","is_prod":false,"is_daily":true,"chose_seed":false,"campfire_upgraded":3,"win_rate":0.0,"timestamp":1562622941,"path_taken":["M","M","M","?","M","E","R","?","T","?","M","M","R","?","R","BOSS","M","?","?","?","?","R","M","?","T","R","?","R","M","M","R","BOSS"],"build_version":"2019-07-05","purchased_purges":0,"victory":false,"max_hp_per_floor":[68,67,66,65,64,63,62,61,60,59,58,57,56,55,54,53,52,51,50,49,48,47,46,45,44,43,42,41,40,39,38,37,37],"card_choices":[{"not_picked":["Backflip","Panacea"],"picked":"Skewer","floor":1},{"not_picked":["Purity","Blade Dance"],"picked":"Prepared","floor":2},{"not_picked":["Sucker Punch","Outmaneuver"],"picked":"Poisoned Stab","floor":3},{"not_picked":["Grand Finale","Bane"],"picked":"Dagger Throw","floor":5},{"not_picked":["All Out Attack","Panacea"],"picked":"Bane","floor":6},{"not_picked":["Distraction","Reflex","Calculated Gamble"],"picked":"Flash of Steel","floor":11},{"not_picked":["Dagger Spray","Cloak And Dagger","Swift Strike"],"picked":"Flying Knee","floor":12},{"not_picked":["Bullet Time","Secret Weapon","Magnetism"],"picked":"Transmutation","floor":16},{"not_picked":["Backflip+1","Calculated Gamble","Acrobatics+1"],"picked":"Quick Slash+1","floor":18},{"not_picked":["Acrobatics","Deep Breath","Slice"],"picked":"Dodge and Roll","floor":24},{"not_picked":["Dagger Spray","Flying Knee","Enlightenment+1"],"picked":"Crippling Poison","floor":25},{"not_picked":["Quick Slash","The Bomb","Dodge and Roll"],"picked":"Slice","floor":30},{"not_picked":["Bane+1","Accuracy+1","Slice"],"picked":"Acrobatics","floor":31}],"player_experience":18338,"relics_obtained":[{"floor":6,"key":"Incense Burner"},{"floor":9,"key":"Question Card"},{"floor":26,"key":"Bag of Marbles"}],"event_choices":[{"cards_removed":["Defend_G"],"damage_healed":0,"gold_gain":0,"player_choice":"Card Removal","damage_taken":0,"max_hp_gain":0,"max_hp_loss":0,"event_name":"The Cleric","floor":4,"gold_loss":50},{"damage_healed":0,"gold_gain":0,"player_choice":"Ignored","damage_taken":0,"max_hp_gain":0,"max_hp_loss":0,"event_name":"Shining Light","floor":8,"gold_loss":0},{"damage_healed":0,"gold_gain":0,"player_choice":"Ignored","damage_taken":0,"max_hp_gain":0,"max_hp_loss":0,"event_name":"Golden Idol","floor":10,"gold_loss":0},{"damage_healed":0,"gold_gain":0,"player_choice":"Left Gold","damage_taken":0,"max_hp_gain":0,"max_hp_loss":0,"event_name":"World of Goop","floor":14,"gold_loss":46},{"damage_healed":0,"gold_gain":0,"player_choice":"Inject Mutagens","damage_taken":0,"relics_obtained":["MutagenicStrength"],"max_hp_gain":0,"max_hp_loss":0,"event_name":"Drug Dealer","floor":19,"gold_loss":0},{"damage_healed":0,"gold_gain":0,"player_choice":"Smashed Altar","damage_taken":0,"max_hp_gain":0,"max_hp_loss":0,"event_name":"Forgotten Altar","floor":20,"gold_loss":0,"cards_obtained":["Decay"]},{"damage_healed":0,"gold_gain":0,"player_choice":"Obtained Relic","damage_taken":0,"relics_obtained":["Gremlin Horn"],"max_hp_gain":0,"max_hp_loss":0,"event_name":"Addict","floor":21,"gold_loss":85},{"damage_healed":0,"gold_gain":90,"player_choice":"CARD GOLD ","damage_taken":18,"max_hp_gain":0,"max_hp_loss":0,"event_name":"Knowing Skull","floor":22,"potions_obtained":[],"gold_loss":0,"cards_obtained":["Blind"]},{"damage_healed":0,"gold_gain":0,"player_choice":"Simplicity","damage_taken":0,"max_hp_gain":0,"max_hp_loss":0,"event_name":"Back to Basics","floor":28,"gold_loss":0,"cards_upgraded":["Strike_G","Strike_G","Strike_G","Defend_G","Defend_G","Defend_G"]}],"is_beta":false,"boss_relics":[{"not_picked":["Sozu","Busted Crown"],"picked":"Astrolabe"}],"items_purged_floors":[],"is_endless":false,"potions_floor_spawned":[3,5,11,12,18,24,25,30],"killed_by":"Champ","ascension_level":0}