{"gold_per_floor":[113,18,18,36,36,36,36,36,88,88,102,160,42,67,67,141,141,161,161,61,31,31,31,31],"floor_reached":24,"playtime":580,"items_purged":["Strike_G","Strike_G"],"score":395,"play_id":"b4289eda-451e-4daf-bfce-4b646bef1392","local_time":"20190627192829","is_ascension_mode":true,"campfire_choices":[{"data":"Deadly Poison","floor":6,"key":"SMITH"},{"data":"Footwork","floor":10,"key":"SMITH"},{"data":"Noxious Fumes","floor":15,"key":"SMITH"},{"floor":23,"key":"REST"}],"neow_cost":"NONE","seed_source_timestamp":1059255623714222,"circlet_count":0,"master_deck":["AscendersBane","Defend_G","Defend_G","Defend_G","Defend_G","Defend_G","Strike_G","Strike_G","Strike_G","Survivor","Neutralize","Dash","Footwork+1","Deadly Poison+1","Noxious Fumes+1","Glass Knife+1","Bullet Time","Dodge and Roll+1","PiercingWail"],"relics":["Ring of the Snake","NeowsBlessing","Spirit Poop","Strawberry","Omamori","Tiny Chest","Pen Nib","Cursed Key","Nilry\u0027s Codex"],"potions_floor_usage":[14],"damage_taken":[{"damage":0,"enemies":"Small Slimes","floor":1,"turns":1},{"damage":0,"enemies":"Cultist","floor":4,"turns":1},{"damage":0,"enemies":"2 Louse","floor":11,"turns":1},{"damage":9,"enemies":"Lagavulin","floor":12,"turns":9},{"damage":26,"enemies":"Gremlin Nob","floor":14,"turns":4},{"damage":29,"enemies":"Hexaghost","floor":16,"turns":10},{"damage":15,"enemies":"3 Byrds","floor":18,"turns":5},{"damage":42,"enemies":"Book of Stabbing","floor":24,"turns":5}],"seed_played":"-2790476375380840474","potions_obtained":[{"floor":1,"key":"Regen Potion"}],"is_trial":false,"path_per_floor":["M","$","?","M","?","R","$","T","T","R","M","E","$","E","R","B",null,"M","?","$","$","?","R","E"],"character_chosen":"THE_SILENT","items_purchased":["Footwork","Fire Potion","Noxious Fumes","PiercingWail"],"campfire_rested":1,"item_purchase_floors":[2,2,13,21],"current_hp_per_floor":[59,59,59,59,59,59,59,66,66,66,66,57,57,31,31,2,55,40,19,19,19,19,40,0],"gold":31,"neow_bonus":"THREE_ENEMY_KILL","is_prod":false,"is_daily":false,"chose_seed":false,"campfire_upgraded":3,"win_rate":0,"timestamp":1561678109,"path_taken":["M","$","?","?","?","R","$","?","T","R","M","E","$","E","R","BOSS","M","?","?","$","?","R","E"],"build_version":"2019-01-23","purchased_purges":2,"victory":false,"max_hp_per_floor":[66,66,66,66,66,66,66,73,73,73,73,73,73,73,73,73,73,73,73,73,73,73,73,73],"card_choices":[{"not_picked":["Infinite Blades","Backflip"],"picked":"Dash","floor":1},{"not_picked":["Blade Dance","Leg Sweep"],"picked":"Deadly Poison","floor":4},{"not_picked":["Bane","Underhanded Strike","Cloak And Dagger"],"picked":"SKIP","floor":11},{"not_picked":["Distraction","Underhanded Strike","Acrobatics"],"picked":"SKIP","floor":12},{"not_picked":["Dash","Sucker Punch"],"picked":"Glass Knife","floor":14},{"not_picked":["Storm of Steel","Unload"],"picked":"Bullet Time","floor":16},{"not_picked":["Dagger Spray","Underhanded Strike"],"picked":"Dodge and Roll+1","floor":18}],"player_experience":1565177,"relics_obtained":[{"floor":8,"key":"Strawberry"},{"floor":9,"key":"Omamori"},{"floor":12,"key":"Tiny Chest"},{"floor":14,"key":"Pen Nib"},{"floor":19,"key":"Nilry\u0027s Codex"}],"event_choices":[{"damage_healed":0,"gold_gain":0,"player_choice":"Cursed","damage_taken":0,"max_hp_gain":0,"max_hp_loss":0,"event_name":"Wheel of Change","floor":3,"gold_loss":0,"cards_obtained":["Decay"]},{"cards_removed":["Decay"],"damage_healed":0,"gold_gain":0,"player_choice":"Offered Curse","damage_taken":0,"relics_obtained":["Spirit Poop"],"max_hp_gain":0,"max_hp_loss":0,"event_name":"Bonfire Elementals","floor":5,"gold_loss":0},{"damage_healed":0,"gold_gain":0,"player_choice":"Obtained Book","damage_taken":21,"max_hp_gain":0,"max_hp_loss":0,"event_name":"Cursed Tome","floor":19,"gold_loss":0},{"damage_healed":0,"gold_gain":0,"player_choice":"Upgraded","damage_taken":0,"max_hp_gain":0,"max_hp_loss":0,"event_name":"Upgrade Shrine","floor":22,"gold_loss":0,"cards_upgraded":["Glass Knife"]}],"is_beta":false,"boss_relics":[{"not_picked":["Coffee Dripper","Empty Cage"],"picked":"Cursed Key"}],"items_purged_floors":[13,20],"is_endless":false,"potions_floor_spawned":[1,12],"killed_by":"Book of Stabbing","ascension_level":20}