{"gold_per_floor":[119,139,150,32,32,32,65,76,103,137,137,172,172,205,205,277,327,346,271,11,29,29],"floor_reached":22,"playtime":917,"items_purged":["Strike_G","Strike_G"],"score":474,"play_id":"5d291d63-0aaa-4aa0-9cd0-53532b9e36b2","local_time":"20190701233757","is_ascension_mode":true,"campfire_choices":[{"data":"Corpse Explosion","floor":6.0,"key":"SMITH"},{"data":"Wraith Form v2","floor":11.0,"key":"SMITH"},{"floor":13.0,"key":"REST"},{"data":"Footwork","floor":15,"key":"SMITH"}],"neow_cost":"TEN_PERCENT_HP_LOSS","seed_source_timestamp":31647829039572,"circlet_count":0,"master_deck":["AscendersBane","Strike_G+1","Strike_G+1","Defend_G","Defend_G","Defend_G","Defend_G","Defend_G","Survivor","Neutralize","Corpse Explosion+1","Bane+1","Quick Slash","Footwork+1","Dash","PiercingWail","Wraith Form v2+1","After Image","Deflect","Glass Knife","Dodge and Roll","Cloak And Dagger","Caltrops"],"special_seed":0,"relics":["Ring of the Snake","Whetstone","Strawberry","Juzu Bracelet","Orichalcum","Pen Nib","Tiny House"],"potions_floor_usage":[14,16,22],"damage_taken":[{"damage":1.0,"enemies":"Small Slimes","floor":1.0,"turns":4.0},{"damage":0.0,"enemies":"Cultist","floor":2.0,"turns":3.0},{"damage":0.0,"enemies":"2 Louse","floor":3.0,"turns":4.0},{"damage":20.0,"enemies":"Gremlin Nob","floor":7.0,"turns":4.0},{"damage":0.0,"enemies":"2 Fungi Beasts","floor":8.0,"turns":3.0},{"damage":13.0,"enemies":"Lagavulin","floor":10.0,"turns":6.0},{"damage":30.0,"enemies":"3 Sentries","floor":12.0,"turns":4.0},{"damage":0,"enemies":"Lagavulin","floor":14,"turns":7},{"damage":11,"enemies":"The Guardian","floor":16,"turns":11},{"damage":10,"enemies":"Shell Parasite","floor":18,"turns":10},{"damage":3,"enemies":"3 Byrds","floor":21,"turns":3},{"damage":12,"enemies":"Sentry and Sphere","floor":22,"turns":9}],"seed_played":"4924277854493532194","potions_obtained":[{"floor":2.0,"key":"Strength Potion"},{"floor":12.0,"key":"EssenceOfSteel"},{"floor":14,"key":"Energy Potion"},{"floor":17,"key":"EssenceOfSteel"},{"floor":18,"key":"Poison Potion"}],"is_trial":false,"path_per_floor":["M","M","M","$","?","R","E","M","T","E","R","E","R","E","R","B",null,"M","?","$","M","M"],"character_chosen":"THE_SILENT","items_purchased":["Dash","GhostInAJar","Caltrops"],"campfire_rested":1,"item_purchase_floors":[4,20,20],"current_hp_per_floor":[58,58,58,58,58,58,38,38,45,32,32,2,22,22,22,11,58,48,48,48,45,33],"gold":29,"neow_bonus":"THREE_RARE_CARDS","is_prod":false,"is_daily":false,"chose_seed":false,"campfire_upgraded":3,"win_rate":0,"timestamp":1562038677,"path_taken":["M","M","M","$","?","R","E","M","T","E","R","E","R","E","R","BOSS","M","?","$","M","M"],"build_version":"2019-07-01","purchased_purges":2,"victory":false,"max_hp_per_floor":[60,60,60,60,60,60,60,60,67,67,67,67,67,67,67,67,72,72,72,72,72,72],"card_choices":[{"not_picked":["Doppelganger","Unload"],"picked":"Corpse Explosion","floor":0.0},{"not_picked":["Setup","Underhanded Strike"],"picked":"Bane","floor":1.0},{"not_picked":["Setup","Underhanded Strike"],"picked":"Quick Slash","floor":2.0},{"not_picked":["Underhanded Strike","Blade Dance"],"picked":"Footwork","floor":3.0},{"not_picked":["Flying Knee","Flechettes","Blade Dance"],"picked":"SKIP","floor":7.0},{"not_picked":["Bane","Predator"],"picked":"PiercingWail","floor":8.0},{"not_picked":["Prepared","Accuracy"],"picked":"Wraith Form v2","floor":10.0},{"not_picked":["Riddle With Holes","Bane"],"picked":"After Image","floor":12.0},{"not_picked":["Dash","Flying Knee"],"picked":"Deflect","floor":14},{"not_picked":["Unload","Venomology"],"picked":"Glass Knife","floor":16},{"not_picked":["Skewer","Dash"],"picked":"Dodge and Roll","floor":17},{"not_picked":["Dagger Throw","Sucker Punch"],"picked":"Cloak And Dagger","floor":18},{"not_picked":["Underhanded Strike","Distraction","Caltrops"],"picked":"SKIP","floor":21}],"player_experience":1572165,"relics_obtained":[{"floor":7.0,"key":"Whetstone"},{"floor":9.0,"key":"Strawberry"},{"floor":10.0,"key":"Juzu Bracelet"},{"floor":12.0,"key":"Orichalcum"},{"floor":14,"key":"Pen Nib"}],"event_choices":[{"damage_healed":0.0,"max_hp_gain":0.0,"max_hp_loss":0.0,"gold_gain":0.0,"event_name":"Liars Game","player_choice":"Ignored","floor":5.0,"gold_loss":0.0,"damage_taken":0.0},{"cards_removed":["Strike_G"],"damage_healed":0,"gold_gain":0,"player_choice":"Gave Gold","damage_taken":0,"max_hp_gain":0,"max_hp_loss":0,"event_name":"Beggar","floor":19,"gold_loss":75}],"is_beta":false,"boss_relics":[{"not_picked":["WristBlade","Lizard Tail"],"picked":"Tiny House"}],"items_purged_floors":[4,20],"is_endless":false,"potions_floor_spawned":[2,12,14,18],"killed_by":"Sentry and Sphere","ascension_level":20}