{"gold_per_floor":[110,110,110,110,125,125,125,125,125,125,145,145,49,77,89,173,185,214,141,153,165,212,224,236],"floor_reached":24,"playtime":754,"items_purged":[],"score":367,"play_id":"865b145a-dda8-4357-b738-416ff01373e4","local_time":"20180928204140","is_ascension_mode":true,"campfire_choices":[{"data":"Genetic Algorithm","floor":6,"key":"SMITH"},{"data":"Dualcast","floor":8,"key":"SMITH"},{"data":"Cold Snap","floor":10,"key":"SMITH"},{"data":"Redo","floor":12,"key":"SMITH"},{"floor":15,"key":"REST"},{"floor":23,"key":"REST"}],"neow_cost":"","seed_source_timestamp":1365769157279355,"circlet_count":0,"master_deck":["Strike_B","Strike_B","Strike_B","Defend_B","Defend_B","Defend_B","Defend_B","Zap+1","Dualcast+1","AscendersBane","Genetic Algorithm+1","Cold Snap+1","Redo+1","Compile Driver","Thunder Strike","Chill","Streamline","Heatsinks","Consume"],"relics":["Cracked Core","Darkstone Periapt","Matryoshka","Juzu Bracelet","Lantern","MawBank","Cursed Key","Bird Faced Urn","Red Mask"],"potions_floor_usage":[14,16,22],"damage_taken":[{"damage":1,"enemies":"Cultist","floor":1,"turns":3},{"damage":9,"enemies":"Jaw Worm","floor":5,"turns":4},{"damage":0,"enemies":"Small Slimes","floor":11,"turns":2},{"damage":37,"enemies":"Gremlin Nob","floor":14,"turns":5},{"damage":21,"enemies":"Hexaghost","floor":16,"turns":10},{"damage":39,"enemies":"2 Thieves","floor":18,"turns":4},{"damage":56,"enemies":"Masked Bandits","floor":22,"turns":7},{"damage":41,"enemies":"Book of Stabbing","floor":24,"turns":3}],"seed_played":"-724754433376560493","potions_obtained":[{"floor":5,"key":"LiquidBronze"},{"floor":14,"key":"Swift Potion"},{"floor":18,"key":"AttackPotion"},{"floor":22,"key":"SpeedPotion"}],"is_trial":false,"path_per_floor":["M","T","?","?","M","R","?","R","T","R","M","R","$","E","R","B",null,"M","?","?","?","?","R"],"character_chosen":"DEFECT","items_purchased":["Consume","Compile Driver"],"campfire_rested":2,"item_purchase_floors":[13,13],"current_hp_per_floor":[63,63,63,56,47,47,42,42,42,42,42,42,42,5,26,5,55,16,16,71,71,15,36,0],"gold":236,"neow_bonus":"","is_prod":false,"is_daily":false,"chose_seed":false,"campfire_upgraded":4,"win_rate":0,"timestamp":1538181700,"path_taken":["M","?","?","?","M","R","?","R","T","R","M","R","$","E","R","BOSS","M","?","?","?","?","R","E"],"build_version":"2018-09-27","purchased_purges":0,"victory":false,"max_hp_per_floor":[71,71,71,71,71,71,71,71,71,71,71,71,71,71,71,71,71,71,71,71,71,71,71,71],"card_choices":[{"not_picked":["Hologram","Leap"],"picked":"Genetic Algorithm","floor":1},{"not_picked":["Redo","Compile Driver"],"picked":"Cold Snap","floor":5},{"not_picked":["Cold Snap","Sweeping Beam"],"picked":"Redo","floor":11},{"not_picked":["Genetic Algorithm","Gash"],"picked":"Ball Lightning","floor":14},{"not_picked":["Buffer","Creative AI"],"picked":"Thunder Strike","floor":16},{"not_picked":["Compile Driver+1","Barrage"],"picked":"White Noise","floor":18},{"not_picked":["Conserve Battery","Chill"],"picked":"Consume","floor":22}],"player_experience":548010,"relics_obtained":[{"floor":2,"key":"Darkstone Periapt"},{"floor":9,"key":"Juzu Bracelet"},{"floor":9,"key":"Lantern"},{"floor":14,"key":"MawBank"},{"floor":22,"key":"Red Mask"}],"event_choices":[{"event_name":"Living Wall","player_choice":"Grow","floor":3,"damage_taken":0},{"event_name":"Golden Wing","player_choice":"Card Removal","floor":4,"damage_taken":0},{"event_name":"Scrap Ooze","player_choice":"success","floor":7,"damage_taken":5},{"event_name":"Addict","player_choice":"Obtained Relic","floor":19,"damage_taken":0},{"event_name":"Wheel of Change","player_choice":"Full Heal","floor":20,"damage_taken":0},{"event_name":"Drug Dealer","player_choice":"Became Test Subject","floor":21,"damage_taken":0},{"event_name":"Masked Bandits","player_choice":"Fought Bandits","floor":22,"damage_taken":0}],"is_beta":false,"boss_relics":[{"not_picked":["Astrolabe","Lizard Tail"],"picked":"Cursed Key"}],"items_purged_floors":[],"is_endless":false,"potions_floor_spawned":[5,14,18,22],"killed_by":"Book of Stabbing","ascension_level":19}