{"gold_per_floor":[112,126,126,126,138,166,166,191,191,191,211,237,237,254,254,354,354,365,365,365,104,104,139,159,159,212,244,244,279,279,298,298,399,429,447,722,242,256,38,38,65,65,90,40,51,65,65,84,84,84],"floor_reached":51,"playtime":2332,"items_purged":["Regret","Shame","Clumsy"],"score":886,"play_id":"08fc3323-110e-44f6-af80-bbedba68ba4f","local_time":"20180820145604","is_ascension_mode":true,"campfire_choices":[{"floor":7,"key":"REST"},{"floor":10,"key":"DIG"},{"floor":15,"key":"DIG"},{"floor":30,"key":"DIG"},{"floor":32,"key":"DIG"},{"data":"Demon Form","floor":40,"key":"SMITH"},{"data":"Heavy Blade","floor":42,"key":"SMITH"},{"floor":47,"key":"DIG"},{"data":"Barricade","floor":49,"key":"SMITH"}],"neow_cost":"","seed_source_timestamp":385734978859281,"circlet_count":0,"master_deck":["Strike_R+1","Strike_R+1","Strike_R+1","Strike_R+1","Strike_R+1","Defend_R+1","Defend_R+1","Defend_R+1","Defend_R+1","Bash+1","Battle Trance","Anger","Anger","Flex","Demon Form+1","Barricade+1","Pommel Strike+1","RitualDagger","Battle Trance","Perfected Strike+1","Perfected Strike","Double Tap+1","Metallicize","Shrug It Off+1","Master of Strategy+1","Heavy Blade+1","Bloodletting+1"],"relics":["Burning Blood","Omamori","Matryoshka","Shovel","Bag of Marbles","Happy Flower","Orichalcum","Darkstone Periapt","Anchor","Busted Crown","Meat on the Bone","Mercury Hourglass","Oddly Smooth Stone","Dodecahedron","Red Skull","Self Forming Clay","Regal Pillow","Ancient Tea Set","Toxic Egg 2","Calling Bell","Tiny Chest","Pear","Champion Belt","Lantern","Smiling Mask","Centennial Puzzle","Nunchaku"],"potions_floor_usage":[],"damage_taken":[{"damage":9,"enemies":"Jaw Worm","floor":1,"turns":5},{"damage":1,"enemies":"Cultist","floor":2,"turns":4},{"damage":0,"enemies":"2 Louse","floor":5,"turns":2},{"damage":37,"enemies":"3 Sentries","floor":6,"turns":12},{"damage":28,"enemies":"Gremlin Nob","floor":8,"turns":4},{"damage":4,"enemies":"Looter","floor":11,"turns":2},{"damage":15,"enemies":"Lagavulin","floor":12,"turns":4},{"damage":6,"enemies":"Exordium Wildlife","floor":14,"turns":3},{"damage":24,"enemies":"Slime Boss","floor":16,"turns":9},{"damage":0,"enemies":"Chosen","floor":18,"turns":5},{"damage":32,"enemies":"Book of Stabbing","floor":23,"turns":5},{"damage":2,"enemies":"Spheric Guardian","floor":24,"turns":3},{"damage":18,"enemies":"Gremlin Leader","floor":27,"turns":5},{"damage":17,"enemies":"Book of Stabbing","floor":29,"turns":5},{"damage":0,"enemies":"Snecko","floor":31,"turns":3},{"damage":39,"enemies":"Champ","floor":33,"turns":7},{"damage":0,"enemies":"Flame Bruiser 1 Orb","floor":35,"turns":5},{"damage":0,"enemies":"Orb Walker","floor":38,"turns":2},{"damage":7,"enemies":"Giant Head","floor":41,"turns":7},{"damage":9,"enemies":"Maw","floor":45,"turns":8},{"damage":4,"enemies":"4 Shapes","floor":46,"turns":5},{"damage":3,"enemies":"Spire Growth","floor":48,"turns":2},{"damage":28,"enemies":"Donu and Deca","floor":50,"turns":6}],"seed_played":"-3200578794034709827","potions_obtained":[{"floor":5,"key":"Energy Potion"},{"floor":12,"key":"Regen Potion"},{"floor":14,"key":"GamblersBrew"},{"floor":18,"key":"AttackPotion"},{"floor":23,"key":"Weak Potion"}],"is_trial":false,"path_per_floor":["M","M","?","?","M","E","R","E","T","R","M","E","?","M","R","B",null,"M","?","?","$","?","E","M","?","T","E","T","E","R","M","R","B",null,"M","?","$","M","$","R","E","R","T","$","M","M","R","M","R","B"],"character_chosen":"IRONCLAD","items_purchased":["Meat on the Bone","Shrug It Off+1","Lantern","Master of Strategy+1","Heavy Blade","Bloodletting+1"],"campfire_rested":1,"item_purchase_floors":[21,37,37,37,39,39],"current_hp_per_floor":[77,80,64,57,63,32,56,34,34,34,36,27,47,47,47,29,80,80,80,80,80,74,48,52,52,52,52,52,53,53,59,59,38,102,102,108,108,108,108,108,107,107,107,107,104,106,106,108,108,86],"gold":84,"neow_bonus":"","is_prod":false,"is_daily":false,"chose_seed":false,"campfire_upgraded":3,"win_rate":0,"timestamp":1534791364,"path_taken":["M","M","?","?","M","E","R","E","T","R","M","E","?","M","R","BOSS","M","?","?","$","?","E","M","?","T","E","?","E","R","M","R","BOSS","M","?","?","M","$","R","E","R","T","$","M","M","R","M","R","BOSS"],"build_version":"2018-08-16","purchased_purges":3,"victory":true,"max_hp_per_floor":[80,80,80,80,80,80,80,80,80,80,80,80,80,80,80,80,80,80,80,80,80,80,80,80,80,80,80,80,80,80,80,80,80,102,102,108,108,108,108,108,108,108,108,108,108,108,108,108,108,108],"card_choices":[{"not_picked":["Sword Boomerang","Reckless Charge","Body Slam"],"picked":"SKIP","floor":1},{"not_picked":["Whirlwind","Iron Wave"],"picked":"Battle Trance","floor":2},{"not_picked":["Clothesline","Wild Strike","Headbutt"],"picked":"SKIP","floor":5},{"not_picked":["Evolve","Body Slam"],"picked":"Anger","floor":6},{"not_picked":["Dropkick","Dual Wield","Hemokinesis"],"picked":"SKIP","floor":8},{"not_picked":["Pommel Strike","Body Slam"],"picked":"Anger","floor":11},{"not_picked":["Sword Boomerang","Warcry"],"picked":"Flex","floor":12},{"not_picked":["Flex","Searing Blow"],"picked":"Demon Form","floor":14},{"not_picked":["Fiend Fire","Double Tap"],"picked":"Barricade","floor":16},{"not_picked":[],"picked":"Pommel Strike+1","floor":18},{"not_picked":[],"picked":"Battle Trance","floor":23},{"not_picked":[],"picked":"Perfected Strike+1","floor":24},{"not_picked":["Clothesline+1"],"picked":"SKIP","floor":27},{"not_picked":["Body Slam"],"picked":"SKIP","floor":29},{"not_picked":["Body Slam"],"picked":"SKIP","floor":29},{"not_picked":[],"picked":"Perfected Strike","floor":31},{"not_picked":[],"picked":"Double Tap+1","floor":33},{"not_picked":[],"picked":"Metallicize","floor":35},{"not_picked":["Uppercut+1"],"picked":"SKIP","floor":38},{"not_picked":["Clothesline+1"],"picked":"SKIP","floor":41},{"not_picked":["Sword Boomerang"],"picked":"SKIP","floor":45},{"not_picked":["Whirlwind"],"picked":"SKIP","floor":46},{"not_picked":["Evolve"],"picked":"SKIP","floor":48}],"player_experience":72777,"relics_obtained":[{"floor":6,"key":"Matryoshka"},{"floor":8,"key":"Shovel"},{"floor":9,"key":"Bag of Marbles"},{"floor":9,"key":"Happy Flower"},{"floor":10,"key":"Orichalcum"},{"floor":12,"key":"Darkstone Periapt"},{"floor":15,"key":"Anchor"},{"floor":23,"key":"Mercury Hourglass"},{"floor":26,"key":"Oddly Smooth Stone"},{"floor":26,"key":"Dodecahedron"},{"floor":27,"key":"Red Skull"},{"floor":28,"key":"Self Forming Clay"},{"floor":29,"key":"Regal Pillow"},{"floor":30,"key":"Ancient Tea Set"},{"floor":32,"key":"Toxic Egg 2"},{"floor":34,"key":"Tiny Chest"},{"floor":34,"key":"Pear"},{"floor":34,"key":"Champion Belt"},{"floor":41,"key":"Smiling Mask"},{"floor":43,"key":"Centennial Puzzle"},{"floor":47,"key":"Nunchaku"}],"event_choices":[{"event_name":"Shining Light","player_choice":"Entered Light","floor":3,"damage_taken":0},{"event_name":"Scrap Ooze","player_choice":"success","floor":4,"damage_taken":7},{"event_name":"Mushrooms","player_choice":"Healed and dodged fight","floor":13,"damage_taken":0},{"event_name":"Back to Basics","player_choice":"Simplicity","floor":19,"damage_taken":0},{"event_name":"Ghosts","player_choice":"Ignored","floor":20,"damage_taken":0},{"event_name":"Nest","player_choice":"Joined the Cult","floor":22,"damage_taken":0},{"event_name":"Beggar","player_choice":"Ignored","floor":25,"damage_taken":0},{"event_name":"Golden Shrine","player_choice":"Desecrate","floor":36,"damage_taken":0}],"is_beta":false,"boss_relics":[{"not_picked":["Coffee Dripper","Empty Cage"],"picked":"Busted Crown"},{"not_picked":["Runic Cube","Eternal Feather"],"picked":"Calling Bell"}],"items_purged_floors":[37,39,44],"is_endless":false,"potions_floor_spawned":[5,12,14,18,23,24,33,38,41,48],"ascension_level":1}