{"gold_per_floor":[114,114,38,49,49,77,77,95,118,118,218,229,243,270,270,270],"floor_reached":16,"playtime":855,"items_purged":[],"score":143,"play_id":"f1ef4647-44d8-40c9-8de6-a15a498d91a0","local_time":"20180825121004","is_ascension_mode":true,"campfire_choices":[{"data":"Neutralize","floor":7,"key":"SMITH"},{"data":"Cloak And Dagger","floor":10,"key":"SMITH"},{"data":"Sucker Punch","floor":15,"key":"SMITH"}],"neow_cost":"PERCENT_DAMAGE","seed_source_timestamp":809310261281973,"circlet_count":0,"master_deck":["Defend_G","Defend_G","Defend_G","Defend_G","Strike_G","Strike_G","Strike_G","Strike_G","Survivor","Neutralize+1","Cloak And Dagger","Backstab","Glass Knife","Cloak And Dagger+1","Backstab","Sucker Punch+1"],"relics":["Ring of the Snake","Centennial Puzzle","Girya","Ancient Tea Set","Toxic Egg 2"],"potions_floor_usage":[16,16],"damage_taken":[{"damage":4,"enemies":"Small Slimes","floor":1,"turns":5},{"damage":0,"enemies":"2 Louse","floor":4,"turns":1},{"damage":28,"enemies":"Gremlin Nob","floor":6,"turns":5},{"damage":1,"enemies":"Jaw Worm","floor":8,"turns":2},{"damage":0,"enemies":"3 Louse","floor":12,"turns":3},{"damage":7,"enemies":"Exordium Wildlife","floor":13,"turns":4},{"damage":6,"enemies":"3 Sentries","floor":14,"turns":9},{"damage":19,"enemies":"Hexaghost","floor":16,"turns":16}],"seed_played":"6783365124133180438","potions_obtained":[{"floor":8,"key":"SteroidPotion"},{"floor":12,"key":"EssenceOfSteel"},{"floor":13,"key":"GhostInAJar"}],"is_trial":false,"path_per_floor":["M","?","$","M","?","E","R","M","T","R","?","M","M","E","R"],"character_chosen":"THE_SILENT","items_purchased":["Backstab"],"campfire_rested":0,"item_purchase_floors":[3],"current_hp_per_floor":[41,38,38,38,61,33,33,32,32,32,32,32,25,19,19,0],"gold":270,"neow_bonus":"REMOVE_TWO","is_prod":false,"is_daily":false,"chose_seed":false,"campfire_upgraded":3,"win_rate":0,"timestamp":1535213404,"path_taken":["M","?","$","M","?","E","R","?","T","R","?","M","M","E","R","BOSS"],"build_version":"2018-08-23v2","purchased_purges":0,"victory":false,"max_hp_per_floor":[70,70,70,70,70,70,70,70,70,70,70,70,70,70,70,70],"card_choices":[{"not_picked":["PiercingWail","Sucker Punch"],"picked":"Cloak And Dagger","floor":1},{"not_picked":["Underhanded Strike","Setup","Prepared"],"picked":"SKIP","floor":4},{"not_picked":["Choke","Tactician"],"picked":"Glass Knife","floor":6},{"not_picked":["Flying Knee","Slice"],"picked":"Cloak And Dagger","floor":8},{"not_picked":["Deadly Poison","Outmaneuver"],"picked":"Backstab","floor":12},{"not_picked":["Acrobatics","Outmaneuver"],"picked":"Sucker Punch","floor":13},{"not_picked":["Blade Dance","Doppelganger","Terror"],"picked":"SKIP","floor":14}],"player_experience":231065,"relics_obtained":[{"floor":6,"key":"Girya"},{"floor":9,"key":"Ancient Tea Set"},{"floor":14,"key":"Toxic Egg 2"}],"event_choices":[{"event_name":"Scrap Ooze","player_choice":"success","floor":2,"damage_taken":3},{"event_name":"Big Fish","player_choice":"Banana","floor":5,"damage_taken":0},{"event_name":"Golden Shrine","player_choice":"Pray","floor":11,"damage_taken":0}],"is_beta":false,"boss_relics":[],"items_purged_floors":[],"is_endless":false,"potions_floor_spawned":[8,12,13,14],"killed_by":"Hexaghost","ascension_level":6}