{"gold_per_floor":[117,117,42,56,68,68,143,143,197,197,214,24,50,15,15,116,116,130,155,135,149,167,167,202,202,249,249,24,123,141,155,155,259,259,276,291,291,308,20,20,55,55,55,80,80,80,80,94,94,94],"floor_reached":51,"playtime":14012,"items_purged":["Writhe"],"score":698,"play_id":"c4645074-58a4-40e2-8b39-c7ea892ed15b","local_time":"20190716224028","is_ascension_mode":false,"campfire_choices":[{"data":"Cloak And Dagger","floor":6,"key":"SMITH"},{"data":"Dodge and Roll","floor":8,"key":"SMITH"},{"data":"Caltrops","floor":15,"key":"SMITH"},{"floor":23,"key":"REST"},{"data":"Footwork","floor":25,"key":"SMITH"},{"data":"Caltrops","floor":27,"key":"SMITH"},{"floor":32,"key":"REST"},{"floor":40,"key":"REST"},{"data":"Envenom","floor":45,"key":"SMITH"},{"floor":47,"key":"REST"},{"floor":49,"key":"REST"}],"neow_cost":"CURSE","seed_source_timestamp":23035106912410,"circlet_count":0,"master_deck":["Strike_G","Strike_G","Strike_G","Strike_G","Strike_G","Defend_G","Defend_G","Defend_G","Defend_G","Defend_G","Survivor","Neutralize+1","Deflect","Dodge and Roll+1","Cloak And Dagger+1","Deadly Poison","Caltrops+1","Dagger Spray","After Image","Caltrops+1","Backflip","Footwork+1","Finisher","Dagger Throw","Prepared+1","Crippling Poison+1","PiercingWail","Well Laid Plans+1","PiercingWail","Adrenaline","Envenom+1","Malaise","Blade Dance+1","Blade Dance+1","Master of Strategy","Backflip+1","Cloak And Dagger+1","Noxious Fumes+1","Parasite","Backflip+1"],"relics":["Ring of the Snake","Art of War","Question Card","Centennial Puzzle","Lantern","Orrery","Red Mask","Meat on the Bone","Oddly Smooth Stone","Vajra","Philosopher\u0027s Stone","Letter Opener","Molten Egg 2","Bottled Tornado","Smiling Mask"],"potions_floor_usage":[24,38,38],"damage_taken":[{"damage":0,"enemies":"2 Louse","floor":1,"turns":3},{"damage":0,"enemies":"Small Slimes","floor":4,"turns":3},{"damage":11,"enemies":"Jaw Worm","floor":5,"turns":9},{"damage":0,"enemies":"3 Louse","floor":11,"turns":6},{"damage":4,"enemies":"Lagavulin","floor":13,"turns":7},{"damage":37,"enemies":"The Guardian","floor":16,"turns":12},{"damage":3,"enemies":"3 Byrds","floor":18,"turns":4},{"damage":11,"enemies":"Masked Bandits","floor":19,"turns":4},{"damage":0,"enemies":"2 Thieves","floor":20,"turns":4},{"damage":11,"enemies":"Snecko","floor":21,"turns":6},{"damage":12,"enemies":"Snake Plant","floor":22,"turns":4},{"damage":29,"enemies":"Slavers","floor":24,"turns":5},{"damage":5,"enemies":"Centurion and Healer","floor":30,"turns":5},{"damage":0,"enemies":"Cultist and Chosen","floor":31,"turns":7},{"damage":36,"enemies":"Collector","floor":33,"turns":12},{"damage":5,"enemies":"Orb Walker","floor":35,"turns":4},{"damage":0,"enemies":"3 Shapes","floor":36,"turns":6},{"damage":19,"enemies":"Transient","floor":38,"turns":5},{"damage":28,"enemies":"Reptomancer","floor":41,"turns":8},{"damage":13,"enemies":"Giant Head","floor":44,"turns":10},{"damage":30,"enemies":"Writhing Mass","floor":48,"turns":6},{"damage":44,"enemies":"Time Eater","floor":50,"turns":14}],"seed_played":"-1190483859681127159","potions_obtained":[{"floor":5,"key":"SteroidPotion"},{"floor":16,"key":"LiquidBronze"},{"floor":19,"key":"Regen Potion"},{"floor":24,"key":"Block Potion"},{"floor":31,"key":"SkillPotion"},{"floor":41,"key":"Dexterity Potion"},{"floor":48,"key":"PowerPotion"}],"is_trial":false,"path_per_floor":["M","?","$","M","M","R","?","R","T","T","M","$","E","?","R","B",null,"M","?","M","M","M","R","E","R","T","R","$","?","M","M","R","B",null,"M","M","?","M","$","R","E","?","T","E","R","?","R","M","R","B",null],"character_chosen":"THE_SILENT","items_purchased":["Caltrops","Centennial Puzzle","Vajra","Adrenaline","Letter Opener","Cloak And Dagger"],"campfire_rested":5,"item_purchase_floors":[12,12,28,28,39,39],"current_hp_per_floor":[84,84,84,84,73,73,62,62,62,62,62,62,58,79,79,42,84,81,70,70,59,47,72,58,58,58,58,58,58,53,53,78,54,84,79,79,79,60,60,84,56,56,56,43,43,43,68,50,75,43],"gold":94,"neow_bonus":"TWENTY_PERCENT_HP_BONUS","is_prod":false,"is_daily":false,"chose_seed":false,"campfire_upgraded":6,"win_rate":0,"timestamp":1563309628,"path_taken":["M","?","$","M","M","R","?","R","T","?","M","$","E","?","R","BOSS","M","?","M","M","M","R","E","R","T","R","$","?","M","M","R","BOSS","M","M","?","M","$","R","E","?","T","E","R","?","R","M","R","BOSS"],"build_version":"2019-07-05","purchased_purges":1,"victory":true,"max_hp_per_floor":[84,84,84,84,84,84,84,84,84,84,84,84,84,84,84,84,84,84,84,84,84,84,84,84,84,84,84,84,84,84,84,84,84,84,84,84,84,84,84,84,84,84,84,84,84,84,84,84,84,84],"card_choices":[{"not_picked":["Underhanded Strike","Accuracy"],"picked":"Deflect","floor":1},{"not_picked":["Concentrate","Flechettes"],"picked":"Dodge and Roll","floor":4},{"not_picked":["Sucker Punch","Finisher"],"picked":"Cloak And Dagger","floor":5},{"not_picked":["Backstab","Doppelganger","Underhanded Strike"],"picked":"Deadly Poison","floor":11},{"not_picked":["Dodge and Roll","Acrobatics","Slice"],"picked":"Dagger Spray","floor":13},{"not_picked":["Venomology","Adrenaline","Burst"],"picked":"After Image","floor":16},{"not_picked":["Dodge and Roll","Deflect","Distraction"],"picked":"Caltrops","floor":17},{"not_picked":["Outmaneuver","Escape Plan","Dodge and Roll"],"picked":"Backflip","floor":17},{"not_picked":["Cloak And Dagger","Glass Knife","PiercingWail"],"picked":"Footwork","floor":17},{"not_picked":["Acrobatics","Eviscerate","Bane"],"picked":"Finisher","floor":17},{"not_picked":["Slice","Dagger Spray","Deflect"],"picked":"Dagger Throw","floor":18},{"not_picked":["Bane+1","Deadly Poison","Infinite Blades"],"picked":"Prepared+1","floor":19},{"not_picked":["Dodge and Roll","Quick Slash","Flying Knee+1"],"picked":"Crippling Poison+1","floor":20},{"not_picked":["Poisoned Stab","Unload","Acrobatics"],"picked":"PiercingWail","floor":21},{"not_picked":["Acrobatics","All Out Attack","Dash"],"picked":"Well Laid Plans+1","floor":22},{"not_picked":["Flying Knee","Expertise","Sucker Punch"],"picked":"PiercingWail","floor":24},{"not_picked":["Skewer+1","Riddle With Holes","Deadly Poison","Backstab"],"picked":"SKIP","floor":30},{"not_picked":["Flechettes","Riddle With Holes+1","Prepared"],"picked":"Envenom","floor":31},{"not_picked":["Wraith Form v2","Storm of Steel","Unload"],"picked":"Malaise","floor":33},{"not_picked":["Terror+1","Calculated Gamble","Predator+1"],"picked":"Blade Dance+1","floor":35},{"not_picked":["Bane","PiercingWail+1","Accuracy"],"picked":"Blade Dance+1","floor":36},{"not_picked":["Impatience","Finesse","Bandage Up"],"picked":"Master of Strategy","floor":37},{"not_picked":["Quick Slash","Reflex","Masterful Stab+1"],"picked":"Backflip+1","floor":38},{"not_picked":["Flechettes","PiercingWail+1","Blade Dance+1"],"picked":"Noxious Fumes+1","floor":41},{"not_picked":["Burst","Tactician","Sucker Punch+1","Venomology"],"picked":"SKIP","floor":44},{"not_picked":["Dagger Spray+1","Slice+1","Expertise+1"],"picked":"Backflip+1","floor":48}],"player_experience":505155,"relics_obtained":[{"floor":9,"key":"Art of War"},{"floor":10,"key":"Question Card"},{"floor":13,"key":"Lantern"},{"floor":19,"key":"Red Mask"},{"floor":24,"key":"Meat on the Bone"},{"floor":26,"key":"Oddly Smooth Stone"},{"floor":41,"key":"Molten Egg 2"},{"floor":43,"key":"Bottled Tornado"},{"floor":44,"key":"Smiling Mask"}],"event_choices":[{"damage_healed":0,"gold_gain":0,"player_choice":"Grow","damage_taken":0,"max_hp_gain":0,"max_hp_loss":0,"event_name":"Living Wall","floor":2,"gold_loss":0,"cards_upgraded":["Neutralize"]},{"damage_healed":0,"gold_gain":75,"player_choice":"Gather Gold","damage_taken":11,"max_hp_gain":0,"max_hp_loss":0,"event_name":"World of Goop","floor":7,"gold_loss":0},{"damage_healed":21,"gold_gain":0,"player_choice":"Healed","damage_taken":0,"max_hp_gain":0,"max_hp_loss":0,"event_name":"The Cleric","floor":14,"gold_loss":35},{"damage_healed":0,"gold_gain":0,"player_choice":"Fought Bandits","damage_taken":0,"max_hp_gain":0,"max_hp_loss":0,"event_name":"Masked Bandits","floor":19,"gold_loss":0},{"damage_healed":0,"gold_gain":99,"player_choice":"Stole From Cult","damage_taken":0,"max_hp_gain":0,"max_hp_loss":0,"event_name":"Nest","floor":29,"gold_loss":0},{"damage_healed":0,"gold_gain":0,"player_choice":"Memory 1","damage_taken":0,"max_hp_gain":0,"max_hp_loss":0,"event_name":"SensoryStone","floor":37,"gold_loss":0},{"damage_healed":0,"gold_gain":0,"player_choice":"Ignored","damage_taken":0,"max_hp_gain":0,"max_hp_loss":0,"event_name":"Tomb of Lord Red Mask","floor":42,"gold_loss":0},{"damage_healed":0,"gold_gain":0,"player_choice":"Upgraded","damage_taken":0,"max_hp_gain":0,"max_hp_loss":0,"event_name":"Upgrade Shrine","floor":46,"gold_loss":0,"cards_upgraded":["Cloak And Dagger"]}],"is_beta":false,"boss_relics":[{"not_picked":["Tiny House","HoveringKite"],"picked":"Orrery"},{"not_picked":["Runic Dome","Black Star"],"picked":"Philosopher\u0027s Stone"}],"items_purged_floors":[3],"is_endless":false,"potions_floor_spawned":[5,16,19,20,24,31,35,41,48],"ascension_level":0}