{"gold_per_floor":[217,17,31,49,62,62,90,90,90,120,134,165,440,468,468,563,563,580,594,201,221,235,235,265,279,279,3,3,3,3],"floor_reached":30,"playtime":4634,"items_purged":["Regret"],"score":351,"play_id":"e067208a-1ebf-48d7-9ba0-1aa92039efdd","local_time":"20190721075144","is_ascension_mode":true,"campfire_choices":[{"data":"Zap","floor":6.0,"key":"SMITH"},{"data":"Reinforced Body","floor":8.0,"key":"SMITH"},{"data":"Doom and Gloom","floor":15.0,"key":"SMITH"},{"floor":23.0,"key":"REST"},{"data":"Strike_B","floor":29.0,"key":"PURGE"}],"neow_cost":"NONE","seed_source_timestamp":954996209298261,"circlet_count":0,"master_deck":["Strike_B","Strike_B","Strike_B","Defend_B","Defend_B","Defend_B","Defend_B","Zap+1","Dualcast","Reinforced Body+1","Cold Snap","Ball Lightning","Cold Snap","Compile Driver","FTL","Capacitor","Doom and Gloom+1","Leap","Biased Cognition","Undo","Ball Lightning","Defragment+1","Apotheosis","Discovery","Stack","Creative AI","Compile Driver+1","Turbo+1","Loop"],"special_seed":0,"relics":["Cracked Core","Unceasing Top","StoneCalendar","Odd Mushroom","Peace Pipe","Pantograph","Sozu","Vajra","Meat on the Bone","Chemical X"],"potions_floor_usage":[30],"damage_taken":[{"damage":0.0,"enemies":"Jaw Worm","floor":1.0,"turns":3.0},{"damage":0.0,"enemies":"Small Slimes","floor":3.0,"turns":2.0},{"damage":0.0,"enemies":"Cultist","floor":4.0,"turns":3.0},{"damage":13.0,"enemies":"Large Slime","floor":5.0,"turns":4.0},{"damage":8.0,"enemies":"3 Sentries","floor":7.0,"turns":5.0},{"damage":6.0,"enemies":"The Mushroom Lair","floor":10.0,"turns":4.0},{"damage":9.0,"enemies":"Gremlin Gang","floor":11.0,"turns":3.0},{"damage":4.0,"enemies":"Gremlin Nob","floor":12.0,"turns":3.0},{"damage":27.0,"enemies":"3 Sentries","floor":14.0,"turns":5.0},{"damage":27.0,"enemies":"Slime Boss","floor":16.0,"turns":7.0},{"damage":19.0,"enemies":"3 Byrds","floor":18.0,"turns":5.0},{"damage":1.0,"enemies":"Spheric Guardian","floor":19.0,"turns":4.0},{"damage":2.0,"enemies":"3 Cultists","floor":21.0,"turns":4.0},{"damage":10.0,"enemies":"Snecko","floor":22.0,"turns":4.0},{"damage":12.0,"enemies":"Gremlin Leader","floor":24.0,"turns":7.0},{"damage":7.0,"enemies":"Centurion and Healer","floor":25.0,"turns":3.0},{"damage":35,"enemies":"Slavers","floor":30,"turns":2}],"seed_played":"-1539092078628333107","potions_obtained":[{"floor":3.0,"key":"Dexterity Potion"},{"floor":5.0,"key":"Swift Potion"},{"floor":10.0,"key":"Swift Potion"}],"is_trial":false,"path_per_floor":["M","$","M","M","M","R","E","R","T","?","M","E","?","E","R","B",null,"M","M","$","M","M","R","E","M","T","$","?","R","E"],"character_chosen":"DEFECT","items_purchased":["Cold Snap","Fruit Juice","Strength Potion","Defragment","Apotheosis","Discovery","Chemical X","Loop"],"campfire_rested":1,"item_purchase_floors":[2,2,2,20,20,20,27,27],"current_hp_per_floor":[68,73,73,73,60,60,52,52,52,46,37,33,33,6,6,4,61,42,41,41,39,29,53,41,34,34,34,34,34,0],"gold":3,"neow_bonus":"HUNDRED_GOLD","is_prod":false,"is_daily":false,"chose_seed":false,"campfire_upgraded":3,"win_rate":0,"timestamp":1563709904,"path_taken":["M","$","M","M","M","R","E","R","T","?","M","E","?","E","R","BOSS","M","M","$","?","M","R","E","M","T","$","?","R","E"],"build_version":"2019-07-17","purchased_purges":1,"victory":false,"max_hp_per_floor":[75,80,80,80,80,80,80,80,80,80,80,80,80,80,80,80,80,80,80,80,80,80,80,80,80,80,80,80,80,80],"card_choices":[{"not_picked":["Stack","Chaos"],"picked":"Reinforced Body","floor":1.0},{"not_picked":["Streamline","Conserve Battery"],"picked":"Ball Lightning","floor":3.0},{"not_picked":["Hologram","Fusion"],"picked":"Cold Snap","floor":4.0},{"not_picked":["Beam Cell","Streamline","Redo"],"picked":"SKIP","floor":5.0},{"not_picked":["Tempest","Go for the Eyes"],"picked":"Compile Driver","floor":7.0},{"not_picked":["Streamline","Turbo"],"picked":"FTL","floor":10.0},{"not_picked":["Compile Driver","Darkness"],"picked":"Capacitor","floor":11.0},{"not_picked":["Hologram","Rebound"],"picked":"Doom and Gloom","floor":12.0},{"not_picked":["Meteor Strike","Beam Cell"],"picked":"Leap","floor":14.0},{"not_picked":["All For One","Buffer"],"picked":"Biased Cognition","floor":16.0},{"not_picked":["Steam","Capacitor+1"],"picked":"Undo","floor":18.0},{"not_picked":["Beam Cell","Redo"],"picked":"Ball Lightning","floor":19.0},{"not_picked":["Leap","Go for the Eyes"],"picked":"Stack","floor":21.0},{"not_picked":["Conserve Battery","Barrage"],"picked":"Creative AI","floor":22.0},{"not_picked":["Sweeping Beam","Reprogram"],"picked":"Compile Driver+1","floor":24.0},{"not_picked":["Gash+1","Redo+1"],"picked":"Turbo+1","floor":25.0}],"player_experience":726356,"relics_obtained":[{"floor":7.0,"key":"Unceasing Top"},{"floor":9.0,"key":"StoneCalendar"},{"floor":10.0,"key":"Odd Mushroom"},{"floor":12.0,"key":"Peace Pipe"},{"floor":14.0,"key":"Pantograph"},{"floor":24.0,"key":"Vajra"},{"floor":26.0,"key":"Meat on the Bone"}],"event_choices":[{"damage_healed":0.0,"max_hp_gain":0.0,"max_hp_loss":0.0,"gold_gain":0.0,"event_name":"Mushrooms","player_choice":"Fought Mushrooms","floor":10.0,"gold_loss":0.0,"damage_taken":0.0},{"damage_healed":0.0,"max_hp_gain":0.0,"max_hp_loss":0.0,"gold_gain":275.0,"event_name":"Golden Shrine","player_choice":"Desecrate","floor":13.0,"gold_loss":0.0,"damage_taken":0.0,"cards_obtained":["Regret"]},{"damage_healed":0.0,"max_hp_gain":0.0,"max_hp_loss":0.0,"gold_gain":0.0,"event_name":"Accursed Blacksmith","player_choice":"Forge","floor":28.0,"gold_loss":0.0,"damage_taken":0.0,"cards_upgraded":["Defragment"]}],"is_beta":false,"boss_relics":[{"not_picked":["Inserter","Eternal Feather"],"picked":"Sozu"}],"items_purged_floors":[20],"is_endless":false,"potions_floor_spawned":[3,5,10,24,25],"killed_by":"Slavers","ascension_level":6}