{"gold_per_floor":[117,117,134,134,209,209,242,263,288,288,304,304,304,325,325,444,444,459,459,459],"floor_reached":20,"playtime":872,"items_purged":[],"score":189,"play_id":"4538bcdc-c1b1-403e-b884-af4d513804e8","local_time":"20190621014903","is_ascension_mode":true,"campfire_choices":[{"floor":6,"key":"REST"},{"floor":10,"key":"REST"},{"floor":12,"key":"REST"},{"floor":15,"key":"REST"}],"neow_cost":"NONE","seed_source_timestamp":75174840668700,"circlet_count":0,"master_deck":["Strike_B+1","Strike_B+1","Strike_B+1","Defend_B+1","Defend_B+1","Zap+1","Dualcast","Chill+1","Seek+1","Lockon+1","Melter","Redo","BootSequence","Auto Shields","Auto Shields","Gash","All For One","FTL"],"relics":["Astrolabe","Golden Idol","Happy Flower","Darkstone Periapt","Snecko Eye"],"potions_floor_usage":[16],"damage_taken":[{"damage":0,"enemies":"Small Slimes","floor":1,"turns":2},{"damage":5,"enemies":"Jaw Worm","floor":3,"turns":2},{"damage":37,"enemies":"3 Sentries","floor":7,"turns":9},{"damage":0,"enemies":"2 Louse","floor":8,"turns":2},{"damage":0,"enemies":"Red Slaver","floor":11,"turns":3},{"damage":3,"enemies":"3 Louse","floor":14,"turns":4},{"damage":47,"enemies":"Hexaghost","floor":16,"turns":11},{"damage":30,"enemies":"Shell Parasite","floor":18,"turns":5},{"damage":45,"enemies":"3 Byrds","floor":20,"turns":4}],"seed_played":"2577309116005182409","potions_obtained":[{"floor":8,"key":"Block Potion"}],"is_trial":false,"path_per_floor":["M","?","M","?","?","R","E","M","T","R","M","R","T","M","R","B",null,"M","?","M"],"character_chosen":"DEFECT","items_purchased":[],"campfire_rested":4,"item_purchase_floors":[],"current_hp_per_floor":[75,60,55,37,26,48,11,11,11,33,33,55,55,52,74,27,75,45,45,0],"gold":459,"neow_bonus":"BOSS_RELIC","is_prod":false,"is_daily":false,"chose_seed":false,"campfire_upgraded":0,"win_rate":0,"timestamp":1561096143,"path_taken":["M","?","M","?","?","R","E","M","T","R","M","R","?","?","R","BOSS","M","?","M"],"build_version":"2019-01-23","purchased_purges":0,"victory":false,"max_hp_per_floor":[75,75,75,75,75,75,75,75,75,75,75,75,75,75,75,75,75,75,75,75],"card_choices":[{"not_picked":["Ball Lightning","Streamline"],"picked":"Melter","floor":1},{"not_picked":["Leap","Heatsinks"],"picked":"Redo","floor":3},{"not_picked":["Steam","Chill"],"picked":"BootSequence","floor":7},{"not_picked":["Rip and Tear","Ball Lightning"],"picked":"Auto Shields","floor":8},{"not_picked":["Ball Lightning","Fusion"],"picked":"Auto Shields","floor":11},{"not_picked":["Beam Cell","Recycle"],"picked":"Gash","floor":14},{"not_picked":["Electrodynamics","Machine Learning"],"picked":"All For One","floor":16},{"not_picked":["Stack","Leap"],"picked":"FTL","floor":18}],"player_experience":104179,"relics_obtained":[{"floor":7,"key":"Happy Flower"},{"floor":13,"key":"Darkstone Periapt"}],"event_choices":[{"damage_healed":0,"gold_gain":0,"player_choice":"Entered Light","damage_taken":15,"max_hp_gain":0,"max_hp_loss":0,"event_name":"Shining Light","floor":2,"gold_loss":0,"cards_upgraded":["Zap","Strike_B"]},{"damage_healed":0,"gold_gain":0,"player_choice":"Take Damage","damage_taken":18,"relics_obtained":["Golden Idol"],"max_hp_gain":0,"max_hp_loss":0,"event_name":"Golden Idol","floor":4,"gold_loss":0},{"damage_healed":0,"gold_gain":75,"player_choice":"Gather Gold","damage_taken":11,"max_hp_gain":0,"max_hp_loss":0,"event_name":"World of Goop","floor":5,"gold_loss":0},{"damage_healed":0,"gold_gain":0,"player_choice":"Simplicity","damage_taken":0,"max_hp_gain":0,"max_hp_loss":0,"event_name":"Back to Basics","floor":19,"gold_loss":0,"cards_upgraded":["Strike_B","Strike_B","Defend_B","Defend_B"]}],"is_beta":false,"boss_relics":[{"not_picked":["Fusion Hammer","Runic Dome"],"picked":"Snecko Eye"}],"items_purged_floors":[],"is_endless":false,"potions_floor_spawned":[8],"killed_by":"3 Byrds","ascension_level":2}