{"gold_per_floor":[111,128,141,121,135,166,166,197,250,134,134,144,164,192,192,269,269,285,300,300,250,265,265,275,325,625,112,112,144,144,164,164,243,243,262,262,278,23,75,109,109,109,183,218,229,248,280,91,91,91,91,91,91,37,67,67],"floor_reached":57,"playtime":4521,"items_purged":["Strike_R","Anger"],"score":2885,"play_id":"30ef6779-78b0-4897-aee9-1a2d4b2b3cf8","local_time":"20190722224943","is_ascension_mode":true,"campfire_choices":[{"data":"Bash","floor":7,"key":"SMITH"},{"floor":11,"key":"REST"},{"data":"Inflame","floor":15,"key":"SMITH"},{"floor":23,"key":"REST"},{"data":"Disarm","floor":28,"key":"SMITH"},{"data":"Feed","floor":30,"key":"SMITH"},{"data":"Feel No Pain","floor":32,"key":"SMITH"},{"floor":42,"key":"REST"},{"floor":49,"key":"RECALL"},{"data":"Battle Trance","floor":53,"key":"SMITH"}],"neow_cost":"NONE","seed_source_timestamp":14069228032927,"circlet_count":0,"master_deck":["AscendersBane","Strike_R+1","Defend_R+1","Defend_R+1","Defend_R+1","Defend_R+1","Bash+1","Rampage","Thunderclap","Inflame+1","Heavy Blade","Flame Barrier","Battle Trance+1","Immolate","Feel No Pain+1","Fiend Fire","Shrug It Off+1","Immolate+1","Sever Soul+1","Demon Form","Disarm+1","Feed+1","Metallicize","Corruption","Limit Break","Burning Pact","Reaper","Corruption","Shrug It Off","Havoc","Disarm","Disarm","Second Wind","Second Wind"],"relics":["Burning Blood","Champion Belt","Regal Pillow","Red Skull","Astrolabe","Old Coin","Centennial Puzzle","Dead Branch","Philosopher\u0027s Stone","StoneCalendar","Shuriken","Mummified Hand","Paper Frog","FossilizedHelix"],"potions_floor_usage":[6,39,56],"damage_taken":[{"damage":7,"enemies":"Cultist","floor":1,"turns":4},{"damage":10,"enemies":"Small Slimes","floor":2,"turns":3},{"damage":4,"enemies":"Jaw Worm","floor":3,"turns":3},{"damage":4,"enemies":"Large Slime","floor":5,"turns":6},{"damage":50,"enemies":"3 Sentries","floor":6,"turns":6},{"damage":27,"enemies":"Gremlin Nob","floor":8,"turns":4},{"damage":6,"enemies":"Red Slaver","floor":12,"turns":6},{"damage":4,"enemies":"Looter","floor":13,"turns":5},{"damage":18,"enemies":"Lagavulin","floor":14,"turns":7},{"damage":26,"enemies":"Hexaghost","floor":16,"turns":8},{"damage":24,"enemies":"Shell Parasite","floor":18,"turns":4},{"damage":17,"enemies":"2 Thieves","floor":19,"turns":3},{"damage":34,"enemies":"Snake Plant","floor":22,"turns":3},{"damage":0,"enemies":"3 Cultists","floor":24,"turns":2},{"damage":13,"enemies":"Book of Stabbing","floor":29,"turns":5},{"damage":11,"enemies":"Chosen and Byrds","floor":31,"turns":4},{"damage":9,"enemies":"Automaton","floor":33,"turns":8},{"damage":15,"enemies":"Orb Walker","floor":35,"turns":5},{"damage":33,"enemies":"3 Darklings","floor":37,"turns":4},{"damage":79,"enemies":"2 Orb Walkers","floor":39,"turns":6},{"damage":16,"enemies":"Nemesis","floor":40,"turns":5},{"damage":12,"enemies":"Reptomancer","floor":44,"turns":6},{"damage":22,"enemies":"Maw","floor":45,"turns":7},{"damage":46,"enemies":"Spire Growth","floor":46,"turns":7},{"damage":9,"enemies":"Nemesis","floor":47,"turns":13},{"damage":27,"enemies":"Time Eater","floor":50,"turns":13},{"damage":43,"enemies":"Donu and Deca","floor":51,"turns":13},{"damage":70,"enemies":"Shield and Spear","floor":55,"turns":12},{"damage":18,"enemies":"The Heart","floor":56,"turns":11}],"seed_played":"6137404981549013879","potions_obtained":[{"floor":1,"key":"Energy Potion"},{"floor":2,"key":"LiquidBronze"},{"floor":4,"key":"SkillPotion"},{"floor":8,"key":"SkillPotion"},{"floor":24,"key":"FearPotion"},{"floor":31,"key":"AttackPotion"},{"floor":40,"key":"Swift Potion"}],"is_trial":false,"path_per_floor":["M","M","M","?","M","E","R","E","T","$","R","M","M","E","R","B",null,"M","M","?","?","M","R","M","?","T","$","R","E","R","M","R","B",null,"M","?","M","$","?","E","?","R","T","E","M","M","E","$","R","B","B",null,"R","$","E","B",null],"character_chosen":"IRONCLAD","items_purchased":["Battle Trance","Demon Form","Disarm","Feed","Centennial Puzzle","Reaper","Corruption","Shrug It Off","Second Wind","Block Potion"],"campfire_rested":3,"item_purchase_floors":[10,27,27,27,27,38,38,38,48,54],"current_hp_per_floor":[74,70,72,72,74,30,30,9,9,9,48,48,50,38,38,18,66,48,37,37,37,9,48,54,46,46,46,46,39,39,38,38,39,77,72,72,49,49,32,22,22,66,66,98,86,102,104,104,104,83,114,114,114,114,58,105],"gold":67,"neow_bonus":"TEN_PERCENT_HP_BONUS","is_prod":false,"is_daily":false,"chose_seed":false,"campfire_upgraded":6,"win_rate":0,"timestamp":1563850183,"path_taken":["M","M","?","?","?","E","R","E","T","$","R","M","M","E","R","BOSS","M","M","?","?","?","R","M","?","T","$","R","E","R","M","R","BOSS","M","?","M","$","?","E","?","R","T","E","M","?","E","?","R","BOSS","BOSS","R","$","E","BOSS"],"build_version":"2019-07-17","purchased_purges":2,"victory":true,"max_hp_per_floor":[82,82,82,82,82,82,82,82,82,82,82,82,82,82,82,82,82,82,82,82,82,82,82,82,82,82,82,82,82,82,86,86,90,90,94,94,98,98,98,98,98,98,98,98,102,102,106,106,106,106,114,114,114,114,114,114],"card_choices":[{"not_picked":["Sword Boomerang","Shockwave"],"picked":"Rampage","floor":1},{"not_picked":["Wild Strike","Cleave"],"picked":"Thunderclap","floor":2},{"not_picked":["Cleave","Reckless Charge"],"picked":"Inflame","floor":3},{"not_picked":["Sever Soul","Thunderclap"],"picked":"Heavy Blade","floor":5},{"not_picked":["Carnage","Sword Boomerang","Dual Wield"],"picked":"SKIP","floor":6},{"not_picked":["Warcry","Clash"],"picked":"Flame Barrier","floor":8},{"not_picked":["Corruption","Flex"],"picked":"Immolate","floor":12},{"not_picked":["Pommel Strike","Havoc"],"picked":"Feel No Pain","floor":13},{"not_picked":["Combust","Clash"],"picked":"Anger","floor":14},{"not_picked":["Impervious","Dark Embrace"],"picked":"Fiend Fire","floor":16},{"not_picked":["Thunderclap","Sword Boomerang","Headbutt"],"picked":"SKIP","floor":18},{"not_picked":["Anger","Heavy Blade","Seeing Red"],"picked":"SKIP","floor":19},{"not_picked":["Perfected Strike","Clothesline","True Grit"],"picked":"SKIP","floor":22},{"not_picked":["Wild Strike","Iron Wave+1","Searing Blow"],"picked":"SKIP","floor":24},{"not_picked":["Power Through","Burning Pact"],"picked":"Metallicize","floor":29},{"not_picked":["Clash","Perfected Strike"],"picked":"Corruption","floor":31},{"not_picked":["Dark Embrace","Immolate"],"picked":"Limit Break","floor":33},{"not_picked":["Metallicize","Body Slam","Perfected Strike"],"picked":"SKIP","floor":35},{"not_picked":["Wild Strike","Power Through"],"picked":"Burning Pact","floor":37},{"not_picked":["Cleave","Anger"],"picked":"Havoc","floor":40},{"not_picked":["Hemokinesis","Flex","Dark Embrace"],"picked":"SKIP","floor":44},{"not_picked":["Carnage","Pummel"],"picked":"Disarm","floor":45},{"not_picked":["Flex","Anger","Heavy Blade"],"picked":"SKIP","floor":46},{"not_picked":["Cleave","Sever Soul"],"picked":"Disarm","floor":47},{"not_picked":["Uppercut","Dark Embrace"],"picked":"Second Wind","floor":55}],"player_experience":1634332,"relics_obtained":[{"floor":6,"key":"Champion Belt"},{"floor":9,"key":"Regal Pillow"},{"floor":14,"key":"Red Skull"},{"floor":26,"key":"Old Coin"},{"floor":29,"key":"Dead Branch"},{"floor":39,"key":"StoneCalendar"},{"floor":40,"key":"Shuriken"},{"floor":44,"key":"Mummified Hand"},{"floor":47,"key":"Paper Frog"},{"floor":55,"key":"FossilizedHelix"}],"event_choices":[{"damage_healed":0,"gold_gain":0,"player_choice":"Bought 1 Potion","damage_taken":0,"max_hp_gain":0,"max_hp_loss":0,"event_name":"The Woman in Blue","floor":4,"gold_loss":0},{"damage_healed":0,"gold_gain":0,"player_choice":"Simplicity","damage_taken":0,"max_hp_gain":0,"max_hp_loss":0,"event_name":"Back to Basics","floor":20,"gold_loss":0,"cards_upgraded":["Strike_R","Defend_R","Defend_R","Defend_R","Defend_R"]},{"damage_healed":0,"gold_gain":0,"player_choice":"Bet on Owner","damage_taken":0,"max_hp_gain":0,"max_hp_loss":0,"event_name":"The Joust","floor":21,"gold_loss":50},{"damage_healed":0,"gold_gain":50,"player_choice":"Touch","damage_taken":8,"max_hp_gain":0,"max_hp_loss":0,"event_name":"FaceTrader","floor":25,"gold_loss":0},{"damage_healed":0,"gold_gain":0,"player_choice":"Ignored","damage_taken":0,"max_hp_gain":0,"max_hp_loss":0,"event_name":"Tomb of Lord Red Mask","floor":36,"gold_loss":0},{"damage_healed":0,"gold_gain":0,"player_choice":"Fight","damage_taken":0,"max_hp_gain":0,"max_hp_loss":0,"event_name":"Mysterious Sphere","floor":39,"gold_loss":0},{"damage_healed":0,"gold_gain":0,"player_choice":"Ignored","damage_taken":0,"max_hp_gain":0,"max_hp_loss":0,"event_name":"SecretPortal","floor":41,"gold_loss":0}],"is_beta":false,"boss_relics":[{"not_picked":["Calling Bell","Lizard Tail"],"picked":"Astrolabe"},{"not_picked":["Orrery","Runic Cube"],"picked":"Philosopher\u0027s Stone"}],"items_purged_floors":[10,48],"is_endless":false,"potions_floor_spawned":[1,2,8,12,13,24,31,33,37,40,44,46,55],"ascension_level":20}