{"gold_per_floor":[109,109,128,128,144,144,98,149,199,220,220,220,259,273,273,273],"floor_reached":16,"playtime":315,"items_purged":[],"score":100,"play_id":"8e083117-110e-4b4b-a731-c7ee4b09b1b8","local_time":"20181014204833","is_ascension_mode":false,"campfire_choices":[{"data":"Wild Strike","floor":6,"key":"SMITH"},{"data":"Headbutt","floor":12,"key":"SMITH"},{"data":"Whirlwind","floor":15,"key":"SMITH"}],"neow_cost":"NONE","seed_source_timestamp":433941454509351,"circlet_count":0,"master_deck":["Strike_R","Strike_R","Strike_R","Strike_R","Defend_R","Defend_R","Defend_R","Defend_R","Bash+1","Second Wind","Wild Strike+1","Shrug It Off","Headbutt+1","Twin Strike+1","Whirlwind+1"],"relics":["Burning Blood","Golden Idol","Smiling Mask","Regal Pillow","Art of War"],"potions_floor_usage":[3],"damage_taken":[{"damage":0,"enemies":"Cultist","floor":1,"turns":4},{"damage":5,"enemies":"Small Slimes","floor":3,"turns":4},{"damage":0,"enemies":"2 Louse","floor":5,"turns":3},{"damage":16,"enemies":"Large Slime","floor":10,"turns":4},{"damage":6,"enemies":"Gremlin Nob","floor":13,"turns":3},{"damage":8,"enemies":"Gremlin Gang","floor":14,"turns":4},{"damage":61,"enemies":"Hexaghost","floor":16,"turns":9}],"seed_played":"-4905590648585545992","potions_obtained":[{"floor":3,"key":"Fruit Juice"},{"floor":5,"key":"Poison Potion"},{"floor":10,"key":"Energy Potion"},{"floor":13,"key":"Regen Potion"}],"is_trial":false,"path_per_floor":["M","?","M","?","M","R","$","T","T","M","?","R","E","M","R"],"character_chosen":"IRONCLAD","items_purchased":["Headbutt"],"campfire_rested":0,"item_purchase_floors":[7],"current_hp_per_floor":[80,60,66,66,72,72,72,72,72,62,62,62,62,60,60,0],"gold":273,"neow_bonus":"TRANSFORM_CARD","is_prod":false,"is_daily":false,"chose_seed":false,"campfire_upgraded":3,"win_rate":0,"timestamp":1539564513,"path_taken":["M","?","M","?","?","R","$","?","T","M","?","R","E","M","R","BOSS"],"build_version":"2018-10-11","purchased_purges":0,"victory":false,"max_hp_per_floor":[80,80,85,85,85,85,85,85,85,85,85,85,85,85,85,85],"card_choices":[{"not_picked":["Armaments","Rupture"],"picked":"Wild Strike","floor":1},{"not_picked":["Searing Blow","Second Wind"],"picked":"Shrug It Off","floor":3},{"not_picked":["Combust","Blood for Blood","Thunderclap"],"picked":"SKIP","floor":5},{"not_picked":["Metallicize","Warcry"],"picked":"Twin Strike","floor":10},{"not_picked":["Warcry","Anger","Armaments"],"picked":"SKIP","floor":13},{"not_picked":["Pommel Strike","Blood for Blood"],"picked":"Whirlwind","floor":14}],"player_experience":602829,"relics_obtained":[{"floor":8,"key":"Smiling Mask"},{"floor":9,"key":"Regal Pillow"},{"floor":13,"key":"Art of War"}],"event_choices":[{"event_name":"Golden Idol","player_choice":"Take Damage","floor":2,"damage_taken":0},{"event_name":"Upgrade Shrine","player_choice":"Upgraded","floor":4,"damage_taken":0},{"event_name":"Living Wall","player_choice":"Grow","floor":11,"damage_taken":0}],"is_beta":false,"boss_relics":[],"items_purged_floors":[],"is_endless":false,"potions_floor_spawned":[3,5,10,13],"killed_by":"Hexaghost","ascension_level":0}