{"gold_per_floor":[118,118,293,68,80,80,93,122,169,181,181,201,201,214,214,311,311,325,325,344,244,154,154,154,154,154,189,189,202,235,253,253,358,358,377,377,377,387,407,407,427,427,473,78,95,95,112,112,112,112],"floor_reached":51,"playtime":2744,"items_purged":["Doubt","Strike_G","Writhe"],"score":878,"play_id":"a6020ec0-f51b-4a20-bb7f-8f1466b0c0ce","local_time":"20180825024125","is_ascension_mode":true,"campfire_choices":[{"data":"Noxious Fumes","floor":6,"key":"SMITH"},{"data":"Noxious Fumes","floor":11,"key":"SMITH"},{"data":"Deadly Poison","floor":13,"key":"SMITH"},{"data":"Leg Sweep","floor":15,"key":"SMITH"},{"data":"Footwork","floor":23,"key":"SMITH"},{"floor":25,"key":"REST"},{"data":"Backflip","floor":28,"key":"SMITH"},{"floor":32,"key":"REST"},{"data":"Malaise","floor":40,"key":"SMITH"},{"data":"Adrenaline","floor":42,"key":"SMITH"},{"floor":49,"key":"REST"}],"neow_cost":"","seed_source_timestamp":773287091282616,"circlet_count":0,"master_deck":["Defend_G","Defend_G","Defend_G+1","Defend_G","Defend_G","Strike_G","Strike_G","Strike_G","Survivor","Neutralize+1","Dagger Spray","Noxious Fumes+1","Backstab","Noxious Fumes+1","Deadly Poison+1","Leg Sweep+1","Adrenaline+1","Catalyst+1","Footwork+1","Backflip+1","Blur","Calculated Gamble","Blur+1","Malaise+1","Backflip+1","Backflip","Blur+1","Well Laid Plans","Footwork+1","Master of Strategy"],"relics":["Ring of the Snake","Snake Skull","Happy Flower","Sozu","Question Card","Strawberry","Pear","The Specimen","Boot","WristBlade","Art of War","Lee\u0027s Waffle"],"potions_floor_usage":[],"damage_taken":[{"damage":1,"enemies":"Jaw Worm","floor":1,"turns":3},{"damage":0,"enemies":"Small Slimes","floor":5,"turns":2},{"damage":0,"enemies":"2 Louse","floor":7,"turns":2},{"damage":20,"enemies":"Lagavulin","floor":8,"turns":5},{"damage":1,"enemies":"Looter","floor":10,"turns":4},{"damage":3,"enemies":"Exordium Thugs","floor":12,"turns":3},{"damage":3,"enemies":"Blue Slaver","floor":14,"turns":3},{"damage":8,"enemies":"Hexaghost","floor":16,"turns":8},{"damage":0,"enemies":"Chosen","floor":18,"turns":4},{"damage":27,"enemies":"Spheric Guardian","floor":20,"turns":5},{"damage":9,"enemies":"Gremlin Leader","floor":27,"turns":8},{"damage":0,"enemies":"Centurion and Healer","floor":29,"turns":4},{"damage":30,"enemies":"Slavers","floor":30,"turns":6},{"damage":0,"enemies":"3 Cultists","floor":31,"turns":5},{"damage":10,"enemies":"Champ","floor":33,"turns":8},{"damage":0,"enemies":"3 Shapes","floor":35,"turns":6},{"damage":0,"enemies":"Flame Bruiser 1 Orb","floor":38,"turns":4},{"damage":30,"enemies":"4 Shapes","floor":39,"turns":4},{"damage":0,"enemies":"Sphere and 2 Shapes","floor":41,"turns":5},{"damage":16,"enemies":"Transient","floor":45,"turns":5},{"damage":33,"enemies":"Flame Bruiser 2 Orb","floor":47,"turns":5},{"damage":17,"enemies":"Awakened One","floor":50,"turns":15}],"seed_played":"8405344855003167793","potions_obtained":[{"floor":5,"key":"Swift Potion"},{"floor":10,"key":"FearPotion"},{"floor":14,"key":"FearPotion"}],"is_trial":false,"path_per_floor":["M","?","?","$","M","R","M","E","T","M","R","M","R","M","R","B",null,"M","?","M","$","?","R","?","R","T","E","R","M","E","M","R","B",null,"M","?","?","M","M","R","M","R","T","$","M","?","M","?","R","B"],"character_chosen":"THE_SILENT","items_purchased":["Noxious Fumes","Backstab","Well Laid Plans","Lee\u0027s Waffle"],"campfire_rested":3,"item_purchase_floors":[4,4,44,44],"current_hp_per_floor":[69,69,69,69,69,69,69,49,49,48,48,45,45,42,42,34,61,61,61,34,34,34,34,41,64,74,65,65,65,35,35,61,51,78,78,78,87,87,57,57,57,57,57,94,78,78,45,45,73,56],"gold":112,"neow_bonus":"","is_prod":false,"is_daily":false,"chose_seed":false,"campfire_upgraded":8,"win_rate":0,"timestamp":1535179285,"path_taken":["M","?","?","$","M","R","M","E","T","M","R","M","R","?","R","BOSS","M","?","M","$","?","R","?","R","T","E","R","M","E","M","R","BOSS","M","?","?","M","M","R","M","R","T","$","M","?","M","?","R","BOSS"],"build_version":"2018-08-23v2","purchased_purges":3,"victory":true,"max_hp_per_floor":[70,70,70,70,70,70,70,70,70,70,70,70,70,70,70,70,70,70,70,70,70,70,70,77,77,87,87,87,87,87,87,87,87,87,87,87,87,87,87,87,87,87,87,94,94,94,94,94,94,94],"card_choices":[{"not_picked":["Acrobatics","Blade Dance"],"picked":"Dagger Spray","floor":1},{"not_picked":["Dagger Throw","Bouncing Flask"],"picked":"Noxious Fumes","floor":5},{"not_picked":["Backflip","Accuracy"],"picked":"Deadly Poison","floor":7},{"not_picked":["Terror","PiercingWail","Finisher"],"picked":"SKIP","floor":8},{"not_picked":["Bane","Endless Agony","Underhanded Strike"],"picked":"SKIP","floor":10},{"not_picked":["Bane","Tactician","After Image"],"picked":"SKIP","floor":12},{"not_picked":["Prepared","Backflip"],"picked":"Leg Sweep","floor":14},{"not_picked":["Bullet Time","Envenom"],"picked":"Adrenaline","floor":16},{"not_picked":["Endless Agony","Backflip"],"picked":"Catalyst+1","floor":18},{"not_picked":["Backflip+1","Accuracy+1","PiercingWail"],"picked":"Footwork","floor":20},{"not_picked":["Dagger Throw","Poisoned Stab","Footwork"],"picked":"Backflip","floor":27},{"not_picked":["Footwork","Backflip","Dagger Spray"],"picked":"Blur","floor":29},{"not_picked":["Endless Agony","Deadly Poison","Masterful Stab"],"picked":"Calculated Gamble","floor":30},{"not_picked":["Cloak And Dagger","Burst","Slice+1"],"picked":"Blur+1","floor":31},{"not_picked":["Doppelganger","Glass Knife","Wraith Form v2"],"picked":"Malaise","floor":33},{"not_picked":["Expertise+1","Dagger Throw","Flying Knee"],"picked":"Backflip+1","floor":35},{"not_picked":["Dodge and Roll","Reflex","Bane+1"],"picked":"Backflip","floor":38},{"not_picked":["Tactician+1","Footwork+1","Well Laid Plans"],"picked":"Blur+1","floor":39},{"not_picked":["Bullet Time","Deadly Poison+1","Quick Slash+1","Dodge and Roll"],"picked":"SKIP","floor":41},{"not_picked":["Choke+1","Reflex+1","Slice+1"],"picked":"Footwork+1","floor":45},{"not_picked":["Slice","Dagger Spray","Footwork","Setup"],"picked":"SKIP","floor":47},{"not_picked":["Violence","Impatience","Forethought"],"picked":"Master of Strategy","floor":48}],"player_experience":227147,"relics_obtained":[{"floor":8,"key":"Snake Skull"},{"floor":9,"key":"Happy Flower"},{"floor":26,"key":"Pear"},{"floor":27,"key":"The Specimen"},{"floor":30,"key":"Boot"},{"floor":43,"key":"Art of War"}],"event_choices":[{"event_name":"Living Wall","player_choice":"Grow","floor":2,"damage_taken":0},{"event_name":"Liars Game","player_choice":"agreed","floor":3,"damage_taken":0},{"event_name":"WeMeetAgain","player_choice":"Potion","floor":19,"damage_taken":0},{"event_name":"Designer","player_choice":"Full Service","floor":22,"damage_taken":0},{"event_name":"The Mausoleum","player_choice":"Yes","floor":24,"damage_taken":0},{"event_name":"Tomb of Lord Red Mask","player_choice":"Ignored","floor":36,"damage_taken":0},{"event_name":"Winding Halls","player_choice":"Writhe","floor":37,"damage_taken":0},{"event_name":"The Lab","player_choice":"Got Potions","floor":46,"damage_taken":0},{"event_name":"SensoryStone","player_choice":"Memory 1","floor":48,"damage_taken":0}],"is_beta":false,"boss_relics":[{"not_picked":["Lizard Tail","Astrolabe"],"picked":"Sozu"},{"not_picked":["HoveringKite","Coffee Dripper"],"picked":"WristBlade"}],"items_purged_floors":[4,21,44],"is_endless":false,"potions_floor_spawned":[5,10,14,20,27,30,33,39,47],"ascension_level":5}