{"gold_per_floor":[117,117,192,217,70,104,104,439,439,457,501,56,56,71,71,165,165,181,181,206,230,20,20,59,59,59,109,109,123,154,154,154,252,252,273,294,24,24,45,45,84,84,155,186,206,226,226,260,260,260,260,260,260,24,62,62],"floor_reached":57,"playtime":5202,"items_purged":["Strike_G"],"score":3142,"play_id":"1d6cd2e6-517c-48a4-af91-003f339e089f","local_time":"20190509012223","is_ascension_mode":true,"campfire_choices":[{"data":"Neutralize","floor":7.0,"key":"SMITH"},{"floor":13.0,"key":"REST"},{"data":"Footwork","floor":15.0,"key":"SMITH"},{"floor":23.0,"key":"REST"},{"data":"Apotheosis","floor":25.0,"key":"SMITH"},{"floor":28.0,"key":"REST"},{"floor":32,"key":"REST"},{"floor":40,"key":"RECALL"},{"data":"Night Terror","floor":42,"key":"SMITH"},{"floor":47,"key":"REST"},{"floor":49,"key":"REST"},{"floor":53,"key":"REST"}],"neow_cost":"NONE","seed_source_timestamp":427894500769939,"circlet_count":0,"master_deck":["AscendersBane","Defend_G","Defend_G","Defend_G","Defend_G","Defend_G","Strike_G","Survivor","Neutralize+1","Flying Knee","Deadly Poison","Well Laid Plans","Slice","Masterful Stab","Footwork+1","Predator","Noxious Fumes+1","PiercingWail","Backstab","Backflip","Wraith Form v2","Concentrate+1","Well Laid Plans+1","Dagger Throw+1","Backflip+1","Deadly Poison","Apotheosis+1","PiercingWail","Night Terror+1","Backflip","PiercingWail","PiercingWail","Skewer","Catalyst","Backflip+1","Crippling Poison+1","Deadly Poison+1"],"special_seed":0,"relics":["Ring of the Snake","NeowsBlessing","Golden Idol","Ice Cream","Old Coin","Du-Vu Doll","Oddly Smooth Stone","ClockworkSouvenir","Astrolabe","MutagenicStrength","Bag of Preparation","The Courier","Question Card","Enchiridion","Velvet Choker","Torii","Sundial","Strawberry","Paper Crane","Snake Skull","Bottled Tornado"],"potions_floor_usage":[50,55,56],"damage_taken":[{"damage":0.0,"enemies":"Small Slimes","floor":1.0,"turns":1.0},{"damage":0.0,"enemies":"Jaw Worm","floor":4.0,"turns":1.0},{"damage":0.0,"enemies":"Lagavulin","floor":6.0,"turns":1.0},{"damage":26.0,"enemies":"Gremlin Nob","floor":8.0,"turns":4.0},{"damage":0.0,"enemies":"2 Louse","floor":10.0,"turns":2.0},{"damage":18.0,"enemies":"Lagavulin","floor":11.0,"turns":6.0},{"damage":0.0,"enemies":"2 Fungi Beasts","floor":14.0,"turns":3.0},{"damage":0.0,"enemies":"The Guardian","floor":16.0,"turns":9.0},{"damage":3.0,"enemies":"3 Byrds","floor":18.0,"turns":7.0},{"damage":6.0,"enemies":"Shell Parasite","floor":20.0,"turns":5.0},{"damage":19.0,"enemies":"Centurion and Healer","floor":21.0,"turns":6.0},{"damage":6.0,"enemies":"Gremlin Leader","floor":24.0,"turns":6.0},{"damage":0.0,"enemies":"Cultist and Chosen","floor":29.0,"turns":5.0},{"damage":0,"enemies":"Book of Stabbing","floor":30,"turns":5},{"damage":0,"enemies":"Automaton","floor":33,"turns":9},{"damage":0,"enemies":"3 Shapes","floor":35,"turns":8},{"damage":0,"enemies":"Orb Walker","floor":36,"turns":3},{"damage":0,"enemies":"4 Shapes","floor":39,"turns":5},{"damage":6,"enemies":"Nemesis","floor":41,"turns":11},{"damage":11,"enemies":"Giant Head","floor":44,"turns":11},{"damage":12,"enemies":"Sphere and 2 Shapes","floor":45,"turns":7},{"damage":1,"enemies":"Writhing Mass","floor":46,"turns":8},{"damage":1,"enemies":"Nemesis","floor":48,"turns":9},{"damage":19,"enemies":"Awakened One","floor":50,"turns":21},{"damage":18,"enemies":"Donu and Deca","floor":51,"turns":13},{"damage":5,"enemies":"Shield and Spear","floor":55,"turns":7},{"damage":53,"enemies":"The Heart","floor":56,"turns":11}],"seed_played":"-817347942673662847","potions_obtained":[{"floor":4.0,"key":"Poison Potion"},{"floor":10.0,"key":"Strength Potion"},{"floor":21.0,"key":"Swift Potion"},{"floor":24.0,"key":"AttackPotion"},{"floor":44,"key":"SpeedPotion"},{"floor":48,"key":"SkillPotion"}],"is_trial":false,"path_per_floor":["M","?","?","M","$","E","R","E","T","M","E","$","R","M","R","B",null,"M","?","M","M","$","R","E","R","T","?","R","M","E","?","R","B",null,"M","M","$","?","M","R","E","R","T","E","M","M","R","E","R","B","B",null,"R","$","E","B",null],"character_chosen":"THE_SILENT","items_purchased":["Well Laid Plans","Slice","Strength Potion","PiercingWail","Backstab","ClockworkSouvenir","Apotheosis","Torii","GhostInAJar","Snake Skull","Weak Potion"],"campfire_rested":7,"item_purchase_floors":[5,5,5,12,12,12,22,37,54,54,54],"current_hp_per_floor":[59,59,48,48,48,48,48,22,22,22,4,4,22,22,22,22,51,48,48,42,23,23,41,35,35,35,35,53,53,53,32,50,50,58,58,58,58,58,58,58,52,52,52,48,36,35,55,54,67,48,30,58,67,67,62,9],"gold":62,"neow_bonus":"THREE_ENEMY_KILL","is_prod":false,"is_daily":false,"chose_seed":false,"campfire_upgraded":4,"win_rate":0,"timestamp":1557379343,"path_taken":["M","?","?","M","$","E","R","E","T","M","E","$","R","M","R","BOSS","M","?","M","M","$","R","E","R","T","?","R","?","E","?","R","BOSS","M","M","$","?","M","R","E","R","T","E","?","M","R","E","R","BOSS","BOSS","R","$","E","BOSS"],"build_version":"2019-01-23","purchased_purges":1,"victory":true,"max_hp_per_floor":[66,60,60,60,60,60,60,60,60,60,60,60,60,60,60,60,60,60,60,60,60,60,60,60,60,60,60,60,60,60,60,60,60,60,60,60,60,60,60,60,60,60,60,67,67,67,67,67,67,67,67,67,67,67,67,67],"card_choices":[{"not_picked":["Dodge and Roll","Tactician"],"picked":"Flying Knee","floor":1.0},{"not_picked":["Caltrops","Backflip"],"picked":"Deadly Poison","floor":4.0},{"not_picked":["Envenom","Outmaneuver"],"picked":"Masterful Stab","floor":6.0},{"not_picked":["Leg Sweep","Concentrate"],"picked":"Footwork","floor":8.0},{"not_picked":["Outmaneuver","Blade Dance"],"picked":"Predator","floor":10.0},{"not_picked":["Deadly Poison","After Image"],"picked":"Noxious Fumes","floor":11.0},{"not_picked":["Distraction","Flying Knee"],"picked":"Backflip","floor":14.0},{"not_picked":["Malaise","Storm of Steel"],"picked":"Wraith Form v2","floor":16.0},{"not_picked":["Slice","Masterful Stab"],"picked":"Backflip+1","floor":18.0},{"not_picked":["Cloak And Dagger","Backstab","Blade Dance"],"picked":"SKIP","floor":20.0},{"not_picked":["Heel Hook","Skewer"],"picked":"Deadly Poison","floor":21.0},{"not_picked":["Underhanded Strike","Poisoned Stab+1","Outmaneuver"],"picked":"SKIP","floor":24.0},{"not_picked":["Poisoned Stab","Doppelganger"],"picked":"PiercingWail","floor":29.0},{"not_picked":["Prepared","Setup","All Out Attack"],"picked":"SKIP","floor":30},{"not_picked":["Storm of Steel","Tools of the Trade","Bullet Time"],"picked":"Night Terror","floor":33},{"not_picked":["Quick Slash","Terror","Underhanded Strike"],"picked":"Backflip","floor":35},{"not_picked":["Riddle With Holes","Cloak And Dagger+1","Slice"],"picked":"PiercingWail","floor":36},{"not_picked":["Setup","Cloak And Dagger","Poisoned Stab"],"picked":"PiercingWail","floor":39},{"not_picked":["Sucker Punch+1","Prepared","Bane"],"picked":"Skewer","floor":41},{"not_picked":["Deflect","Bullet Time","Choke","Quick Slash"],"picked":"SKIP","floor":44},{"not_picked":["Finisher","Flying Knee","Acrobatics"],"picked":"Catalyst","floor":45},{"not_picked":["Dodge and Roll+1","Quick Slash","Prepared"],"picked":"Backflip+1","floor":46},{"not_picked":["PiercingWail+1","Escape Plan+1","Underhanded Strike"],"picked":"Crippling Poison+1","floor":48},{"not_picked":["Sucker Punch","Flechettes","Dagger Spray"],"picked":"Deadly Poison+1","floor":55}],"player_experience":1252418,"relics_obtained":[{"floor":6.0,"key":"Ice Cream"},{"floor":8.0,"key":"Old Coin"},{"floor":9.0,"key":"Du-Vu Doll"},{"floor":11.0,"key":"Oddly Smooth Stone"},{"floor":24.0,"key":"Bag of Preparation"},{"floor":26.0,"key":"The Courier"},{"floor":30,"key":"Question Card"},{"floor":31,"key":"Enchiridion"},{"floor":41,"key":"Sundial"},{"floor":44,"key":"Strawberry"},{"floor":48,"key":"Paper Crane"},{"floor":55,"key":"Bottled Tornado"}],"event_choices":[{"damage_healed":0.0,"max_hp_gain":0.0,"max_hp_loss":6.0,"gold_gain":0.0,"event_name":"Golden Idol","player_choice":"Lose Max HP","floor":2.0,"gold_loss":0.0,"damage_taken":0.0,"relics_obtained":["Golden Idol"]},{"damage_healed":0.0,"max_hp_gain":0.0,"max_hp_loss":0.0,"gold_gain":75.0,"event_name":"World of Goop","player_choice":"Gather Gold","floor":3.0,"gold_loss":0.0,"damage_taken":11.0},{"damage_healed":0.0,"max_hp_gain":0.0,"max_hp_loss":0.0,"gold_gain":0.0,"event_name":"Drug Dealer","player_choice":"Inject Mutagens","floor":19.0,"gold_loss":0.0,"damage_taken":0.0,"relics_obtained":["MutagenicStrength"]},{"damage_healed":0.0,"max_hp_gain":0.0,"max_hp_loss":0.0,"gold_gain":50.0,"event_name":"Golden Shrine","player_choice":"Pray","floor":27.0,"gold_loss":0.0,"damage_taken":0.0},{"damage_healed":0,"gold_gain":0,"player_choice":"Obtained Book","damage_taken":21,"max_hp_gain":0,"max_hp_loss":0,"event_name":"Cursed Tome","floor":31,"gold_loss":0},{"damage_healed":0,"gold_gain":0,"player_choice":"Upgraded","damage_taken":0,"max_hp_gain":0,"max_hp_loss":0,"event_name":"Upgrade Shrine","floor":38,"gold_loss":0,"cards_upgraded":["Noxious Fumes"]}],"is_beta":false,"boss_relics":[{"not_picked":["Calling Bell","Lizard Tail"],"picked":"Astrolabe"},{"not_picked":["HoveringKite","Snecko Eye"],"picked":"Velvet Choker"}],"items_purged_floors":[12],"is_endless":false,"potions_floor_spawned":[4,6,10,21,24,33,36,44,46,48],"ascension_level":20}