{"gold_per_floor":[110,110,36,36,57,92,92,116,116,140,174,174,214,389,389,519,519,532,550,649,685,180,180,245,245,270,306,306,306,329,343,343,466,466,487,487,501,515,538,538,577,577,577,325,325,18,18,31,31,31],"floor_reached":51,"playtime":6865,"items_purged":["Doubt","Strike_B","Strike_B"],"score":1159,"play_id":"63ec53f4-6d81-432a-87ae-421208673485","local_time":"20190722211308","is_ascension_mode":true,"campfire_choices":[{"data":"Static Discharge","floor":7.0,"key":"SMITH"},{"floor":15.0,"key":"REST"},{"data":"Sunder","floor":23.0,"key":"SMITH"},{"data":"Hyperbeam","floor":25.0,"key":"SMITH"},{"floor":29.0,"key":"REST"},{"data":"Meteor Strike","floor":32.0,"key":"SMITH"},{"data":"Glacier","floor":40.0,"key":"SMITH"},{"data":"Thunder Strike","floor":42,"key":"SMITH"},{"floor":45,"key":"REST"},{"data":"Coolheaded","floor":49,"key":"SMITH"}],"neow_cost":"NONE","seed_source_timestamp":1087145786647872,"circlet_count":0,"master_deck":["AscendersBane","Strike_B+1","Strike_B+1","Defend_B","Defend_B","Defend_B","Defend_B","Zap","Dualcast","Leap","Static Discharge+1","Self Repair","FTL","Coolheaded+1","Hyperbeam+1","Cold Snap","Steam","All For One","Glacier+1","Capacitor+1","Barrage+1","Sunder+1","Meteor Strike+1","Buffer+1","Meteor Strike+1","Hologram+1","Leap+1","Consume+1","Thunder Strike+1","Meteor Strike+1","Reinforced Body+1"],"special_seed":0,"relics":["Cracked Core","NeowsBlessing","Golden Idol","Letter Opener","Frozen Egg 2","Whetstone","Ancient Tea Set","Art of War","Snecko Eye","Red Mask","Pocketwatch","Tiny Chest","Potion Belt","Smiling Mask","Bottled Lightning","Philosopher\u0027s Stone","FossilizedHelix","Strawberry","DollysMirror","Bottled Tornado","NlothsMask"],"potions_floor_usage":[50,50,50,50],"damage_taken":[{"damage":0.0,"enemies":"2 Louse","floor":1.0,"turns":1.0},{"damage":0.0,"enemies":"Jaw Worm","floor":5.0,"turns":1.0},{"damage":0.0,"enemies":"3 Sentries","floor":6.0,"turns":1.0},{"damage":0.0,"enemies":"Cultist","floor":8.0,"turns":4.0},{"damage":13.0,"enemies":"Large Slime","floor":10.0,"turns":5.0},{"damage":35.0,"enemies":"Gremlin Nob","floor":11.0,"turns":4.0},{"damage":17.0,"enemies":"3 Sentries","floor":13.0,"turns":5.0},{"damage":17.0,"enemies":"Hexaghost","floor":16.0,"turns":8.0},{"damage":8.0,"enemies":"Spheric Guardian","floor":18.0,"turns":3.0},{"damage":7.0,"enemies":"Shell Parasite","floor":19.0,"turns":7.0},{"damage":30.0,"enemies":"Masked Bandits","floor":21.0,"turns":4.0},{"damage":17.0,"enemies":"Slavers","floor":24.0,"turns":5.0},{"damage":22.0,"enemies":"Gremlin Leader","floor":27.0,"turns":6.0},{"damage":5.0,"enemies":"Snake Plant","floor":30.0,"turns":2.0},{"damage":0.0,"enemies":"Cultist and Chosen","floor":31.0,"turns":6.0},{"damage":26.0,"enemies":"Automaton","floor":33.0,"turns":7.0},{"damage":0.0,"enemies":"Orb Walker","floor":35.0,"turns":3.0},{"damage":0.0,"enemies":"3 Shapes","floor":37.0,"turns":4.0},{"damage":0.0,"enemies":"3 Darklings","floor":38.0,"turns":3.0},{"damage":0.0,"enemies":"Jaw Worm Horde","floor":39.0,"turns":3.0},{"damage":25,"enemies":"Nemesis","floor":41,"turns":3},{"damage":0,"enemies":"Spire Growth","floor":48,"turns":3},{"damage":0,"enemies":"Awakened One","floor":50,"turns":9}],"seed_played":"7005823084177208556","potions_obtained":[{"floor":4.0,"key":"FocusPotion"},{"floor":4.0,"key":"Block Potion"},{"floor":4.0,"key":"AttackPotion"},{"floor":6.0,"key":"Fire Potion"},{"floor":8.0,"key":"LiquidBronze"},{"floor":10.0,"key":"FocusPotion"},{"floor":13.0,"key":"Poison Potion"},{"floor":16.0,"key":"Strength Potion"},{"floor":19.0,"key":"Poison Potion"},{"floor":27.0,"key":"SkillPotion"},{"floor":30.0,"key":"Swift Potion"},{"floor":31.0,"key":"PowerPotion"},{"floor":37.0,"key":"Regen Potion"},{"floor":39.0,"key":"FocusPotion"},{"floor":48,"key":"Weak Potion"}],"is_trial":false,"path_per_floor":["M","?","$","?","M","E","R","M","T","M","E","?","E","?","R","B",null,"M","M","?","?","$","R","E","R","T","E","T","R","M","M","R","B",null,"M","?","M","M","M","R","E","R","T","$","R","$","?","M","R","B",null],"character_chosen":"DEFECT","items_purchased":["Static Discharge","Sunder","Pocketwatch","Regen Potion","DollysMirror","Bottled Tornado"],"campfire_rested":3,"item_purchase_floors":[3,22,22,22,44,46],"current_hp_per_floor":[68,50,50,50,50,50,50,57,57,51,23,20,3,3,25,15,60,59,59,59,29,29,29,33,33,33,18,18,40,35,42,42,23,62,69,69,75,75,75,75,50,50,57,57,81,81,81,82,82,82],"gold":31,"neow_bonus":"THREE_ENEMY_KILL","is_prod":false,"is_daily":false,"chose_seed":false,"campfire_upgraded":7,"win_rate":0,"timestamp":1563844388,"path_taken":["M","?","$","?","M","E","R","M","T","?","E","?","E","?","R","BOSS","M","M","?","?","$","R","E","R","T","E","?","R","M","?","R","BOSS","M","?","M","?","M","R","E","R","T","$","R","$","?","?","R","BOSS"],"build_version":"2019-07-17","purchased_purges":3,"victory":true,"max_hp_per_floor":[75,75,75,75,75,75,75,75,75,75,75,75,75,75,75,75,75,75,75,75,75,75,75,75,75,75,75,75,75,75,75,75,75,75,75,75,75,75,75,75,75,75,82,82,82,82,82,82,82,82],"card_choices":[{"not_picked":["Barrage","Gash"],"picked":"Leap","floor":1.0},{"not_picked":["Beam Cell","Static Discharge"],"picked":"Self Repair","floor":5.0},{"not_picked":["Barrage","Tempest"],"picked":"FTL","floor":6.0},{"not_picked":["Turbo","Gash"],"picked":"Coolheaded","floor":8.0},{"not_picked":["Go for the Eyes","Leap"],"picked":"Hyperbeam","floor":10.0},{"not_picked":["Hologram","Consume"],"picked":"Cold Snap","floor":11.0},{"not_picked":["Hologram","Redo"],"picked":"Steam","floor":13.0},{"not_picked":["Meteor Strike","Seek"],"picked":"All For One","floor":16.0},{"not_picked":["Steam","Scrape"],"picked":"Glacier","floor":18.0},{"not_picked":["Conserve Battery","Redo"],"picked":"Capacitor+1","floor":19.0},{"not_picked":["Melter","Stack"],"picked":"Barrage+1","floor":21.0},{"not_picked":["Reprogram","Go for the Eyes","Blizzard+1"],"picked":"SKIP","floor":24.0},{"not_picked":["Rebound+1","Storm+1","Ball Lightning"],"picked":"SKIP","floor":27.0},{"not_picked":["Redo","Go for the Eyes+1","Stack"],"picked":"SKIP","floor":30.0},{"not_picked":["Redo","Go for the Eyes+1","Stack"],"picked":"SKIP","floor":30.0},{"not_picked":["Stack","Coolheaded"],"picked":"Meteor Strike","floor":31.0},{"not_picked":["Seek","Core Surge"],"picked":"Buffer+1","floor":33.0},{"not_picked":["Aggregate","Streamline","Barrage"],"picked":"SKIP","floor":35.0},{"not_picked":["Skim+1","Reinforced Body"],"picked":"Hologram+1","floor":37.0},{"not_picked":["Turbo","Ball Lightning+1"],"picked":"Leap+1","floor":38.0},{"not_picked":["Ball Lightning+1","Stack"],"picked":"Consume+1","floor":39.0},{"not_picked":["Chill+1","Sweeping Beam"],"picked":"Thunder Strike","floor":41},{"not_picked":["Rebound","Gash+1"],"picked":"Reinforced Body+1","floor":48}],"player_experience":761790,"relics_obtained":[{"floor":6.0,"key":"Letter Opener"},{"floor":9.0,"key":"Frozen Egg 2"},{"floor":11.0,"key":"Whetstone"},{"floor":13.0,"key":"Art of War"},{"floor":21.0,"key":"Red Mask"},{"floor":24.0,"key":"Tiny Chest"},{"floor":26.0,"key":"Potion Belt"},{"floor":27.0,"key":"Smiling Mask"},{"floor":28.0,"key":"Bottled Lightning"},{"floor":41,"key":"FossilizedHelix"},{"floor":43,"key":"Strawberry"}],"event_choices":[{"damage_healed":0.0,"max_hp_gain":0.0,"max_hp_loss":0.0,"gold_gain":0.0,"event_name":"Golden Idol","player_choice":"Take Damage","floor":2.0,"gold_loss":0.0,"damage_taken":18.0,"relics_obtained":["Golden Idol"]},{"damage_healed":0.0,"max_hp_gain":0.0,"max_hp_loss":0.0,"gold_gain":0.0,"event_name":"Lab","player_choice":"Got Potions","floor":4.0,"gold_loss":0.0,"damage_taken":0.0},{"damage_healed":0.0,"max_hp_gain":0.0,"max_hp_loss":0.0,"gold_gain":0.0,"event_name":"Scrap Ooze","player_choice":"Success","floor":12.0,"gold_loss":0.0,"damage_taken":3.0,"relics_obtained":["Ancient Tea Set"]},{"damage_healed":0.0,"max_hp_gain":0.0,"max_hp_loss":0.0,"gold_gain":175.0,"event_name":"Liars Game","player_choice":"AGREE","floor":14.0,"gold_loss":0.0,"damage_taken":0.0,"cards_obtained":["Doubt"]},{"damage_healed":0.0,"max_hp_gain":0.0,"max_hp_loss":0.0,"gold_gain":99.0,"event_name":"Nest","player_choice":"Stole From Cult","floor":20.0,"gold_loss":0.0,"damage_taken":0.0},{"damage_healed":0.0,"max_hp_gain":0.0,"max_hp_loss":0.0,"gold_gain":0.0,"event_name":"Masked Bandits","player_choice":"Fought Bandits","floor":21.0,"gold_loss":0.0,"damage_taken":0.0},{"damage_healed":0.0,"max_hp_gain":0.0,"max_hp_loss":0.0,"gold_gain":0.0,"event_name":"Duplicator","player_choice":"Copied","floor":36.0,"gold_loss":0.0,"damage_taken":0.0,"cards_obtained":["Meteor Strike"]},{"damage_healed":0,"gold_gain":0,"player_choice":"Trade","damage_taken":0,"relics_obtained":["NlothsMask"],"max_hp_gain":0,"max_hp_loss":0,"event_name":"FaceTrader","floor":47,"gold_loss":0}],"is_beta":false,"boss_relics":[{"not_picked":["Black Star","Ectoplasm"],"picked":"Snecko Eye"},{"not_picked":["Runic Dome","White Beast Statue"],"picked":"Philosopher\u0027s Stone"}],"items_purged_floors":[22,44,46],"is_endless":false,"potions_floor_spawned":[6,8,10,13,16,19,27,30,31,37,39,48],"ascension_level":10}