{"gold_per_floor":[109,126,76,151,151,151,151,151,151,169,204,204,204,219,219,219],"floor_reached":16,"playtime":1135,"items_purged":[],"score":98,"play_id":"2ae23ebd-9f49-48d6-8fb7-7b51d4c6bd38","local_time":"20180816231342","is_ascension_mode":false,"campfire_choices":[{"floor":6,"key":"REST"},{"floor":8,"key":"REST"},{"data":"Distraction","floor":12,"key":"SMITH"},{"floor":15,"key":"REST"}],"neow_cost":"","seed_source_timestamp":71178251877037,"circlet_count":0,"master_deck":["Defend_G","Defend_G","Defend_G","Defend_G","Strike_G","Strike_G","Strike_G","Strike_G","Strike_G","Survivor","Neutralize","Flying Knee","Dagger Throw","Injury","Acrobatics","Distraction+1","Crippling Poison"],"relics":["Ring of the Snake","Oddly Smooth Stone","Golden Idol","Boot","Happy Flower","Blood Vial"],"potions_floor_usage":[],"damage_taken":[{"damage":1,"enemies":"Jaw Worm","floor":1,"turns":5},{"damage":0,"enemies":"Cultist","floor":2,"turns":3},{"damage":1,"enemies":"Small Slimes","floor":10,"turns":4},{"damage":10,"enemies":"Gremlin Nob","floor":11,"turns":4},{"damage":7,"enemies":"Blue Slaver","floor":14,"turns":4},{"damage":70,"enemies":"Hexaghost","floor":16,"turns":14}],"seed_played":"3876607713728246453","potions_obtained":[{"floor":2,"key":"Fire Potion"},{"floor":10,"key":"SteroidPotion"},{"floor":14,"key":"AttackPotion"}],"is_trial":false,"path_per_floor":["M","M","?","?","?","R","?","R","T","M","E","R","T","M","R"],"character_chosen":"THE_SILENT","items_purchased":[],"campfire_rested":3,"item_purchase_floors":[],"current_hp_per_floor":[69,69,69,58,33,54,54,70,70,69,59,59,59,54,70,0],"gold":219,"neow_bonus":"","is_prod":false,"is_daily":false,"chose_seed":false,"campfire_upgraded":1,"win_rate":0.0,"timestamp":1534475622,"path_taken":["M","M","?","?","?","R","?","R","T","?","E","R","?","M","R","BOSS"],"build_version":"2018-08-09","purchased_purges":0,"victory":false,"max_hp_per_floor":[70,70,70,70,70,70,70,70,70,70,70,70,70,70,70,70],"card_choices":[{"not_picked":["Dagger Spray","Tactician"],"picked":"Flying Knee","floor":1},{"not_picked":["Sucker Punch","Poisoned Stab"],"picked":"Dagger Throw","floor":2},{"not_picked":["Flying Knee","Sucker Punch"],"picked":"Acrobatics","floor":10},{"not_picked":["Bouncing Flask","Dagger Throw"],"picked":"Distraction","floor":11},{"not_picked":["Caltrops","Quick Slash"],"picked":"Crippling Poison","floor":14}],"player_experience":7144,"relics_obtained":[{"floor":9,"key":"Boot"},{"floor":11,"key":"Happy Flower"},{"floor":13,"key":"Blood Vial"}],"event_choices":[{"event_name":"The Cleric","player_choice":"Card Removal","floor":3,"damage_taken":0},{"event_name":"World of Goop","player_choice":"Gather Gold","floor":4,"damage_taken":0},{"event_name":"Scrap Ooze","player_choice":"success","floor":5,"damage_taken":25},{"event_name":"Golden Idol","player_choice":"Take Wound","floor":7,"damage_taken":0}],"is_beta":false,"boss_relics":[],"items_purged_floors":[],"is_endless":false,"potions_floor_spawned":[2,10,14],"killed_by":"Hexaghost","ascension_level":0}