{"gold_per_floor":[411,423,42,117,117,117,133,147,147,160,177,29,55,65,65,165,165,182,202,2,13,13],"floor_reached":22,"playtime":936,"items_purged":["Strike_R","Strike_R","Defend_R"],"score":209,"play_id":"4f1c9b0d-61a1-4eb0-b541-b6c2407bc481","local_time":"20190722025653","is_ascension_mode":true,"campfire_choices":[{"floor":6,"key":"REST"},{"floor":15,"key":"REST"}],"neow_cost":"PERCENT_DAMAGE","seed_source_timestamp":6189247686900,"circlet_count":0,"master_deck":["Strike_R","Strike_R","Strike_R","Defend_R","Defend_R","Defend_R","Bash","Sword Boomerang","Cleave","Flex","Uppercut+1","Clothesline","Evolve","Rampage","Armaments","Flex","Metallicize","Demon Form","Heavy Blade","Sword Boomerang+1","Inflame","Armaments","Heavy Blade+1"],"relics":["Burning Blood","Old Coin","OrangePellets","Bag of Marbles","The Courier","Lizard Tail"],"potions_floor_usage":[7,13,16,16,19,19],"damage_taken":[{"damage":4,"enemies":"Small Slimes","floor":1,"turns":3},{"damage":7,"enemies":"Jaw Worm","floor":2,"turns":4},{"damage":6,"enemies":"Cultist","floor":7,"turns":3},{"damage":35,"enemies":"Gremlin Gang","floor":8,"turns":4},{"damage":0,"enemies":"Lots of Slimes","floor":10,"turns":1},{"damage":22,"enemies":"Exordium Thugs","floor":11,"turns":5},{"damage":17,"enemies":"3 Sentries","floor":13,"turns":5},{"damage":0,"enemies":"3 Louse","floor":14,"turns":1},{"damage":41,"enemies":"The Guardian","floor":16,"turns":9},{"damage":40,"enemies":"Spheric Guardian","floor":18,"turns":6},{"damage":26,"enemies":"3 Byrds","floor":19,"turns":5},{"damage":29,"enemies":"Sentry and Sphere","floor":21,"turns":5},{"damage":51,"enemies":"Centurion and Healer","floor":22,"turns":7}],"seed_played":"5589313656123172034","potions_obtained":[{"floor":2,"key":"Regen Potion"},{"floor":7,"key":"Strength Potion"},{"floor":11,"key":"LiquidBronze"},{"floor":14,"key":"PowerPotion"},{"floor":16,"key":"Strength Potion"},{"floor":18,"key":"Strength Potion"}],"is_trial":false,"path_per_floor":["M","M","$","?","?","R","M","M","T","M","M","$","E","M","R","B",null,"M","M","$","M","M"],"character_chosen":"IRONCLAD","items_purchased":["OrangePellets","Flex","Uppercut","Flex","Inflame","Armaments"],"campfire_rested":2,"item_purchase_floors":[3,3,3,12,20,20],"current_hp_per_floor":[58,57,57,46,46,70,79,50,50,56,40,40,29,35,59,24,80,46,26,26,46,0],"gold":13,"neow_bonus":"ONE_RARE_RELIC","is_prod":false,"is_daily":false,"chose_seed":false,"campfire_upgraded":0,"win_rate":0,"timestamp":1563778613,"path_taken":["M","M","$","?","?","R","?","?","T","M","M","$","E","M","R","BOSS","M","M","$","M","?"],"build_version":"2019-07-17","purchased_purges":3,"victory":false,"max_hp_per_floor":[80,80,80,80,80,80,80,80,80,80,80,80,80,80,80,80,80,80,80,80,80,80],"card_choices":[{"not_picked":["True Grit","Dropkick"],"picked":"Sword Boomerang","floor":1},{"not_picked":["Iron Wave","Dual Wield"],"picked":"Cleave","floor":2},{"not_picked":["Clash","Armaments"],"picked":"Clothesline","floor":7},{"not_picked":["Impervious","Armaments"],"picked":"Evolve","floor":8},{"not_picked":["Burning Pact","Searing Blow"],"picked":"Rampage","floor":10},{"not_picked":["Twin Strike","Thunderclap"],"picked":"Armaments","floor":11},{"not_picked":["Dark Embrace","Wild Strike","Twin Strike"],"picked":"SKIP","floor":13},{"not_picked":["Rage","Thunderclap"],"picked":"Metallicize","floor":14},{"not_picked":["Barricade","Bludgeon"],"picked":"Demon Form","floor":16},{"not_picked":["Disarm","Perfected Strike+1"],"picked":"Heavy Blade","floor":18},{"not_picked":["Shrug It Off","Rupture"],"picked":"Sword Boomerang+1","floor":19},{"not_picked":["Pommel Strike+1","Wild Strike"],"picked":"Heavy Blade+1","floor":21}],"player_experience":284654,"relics_obtained":[{"floor":9,"key":"Bag of Marbles"},{"floor":13,"key":"The Courier"}],"event_choices":[{"damage_healed":0,"gold_gain":75,"player_choice":"Gather Gold","damage_taken":11,"max_hp_gain":0,"max_hp_loss":0,"event_name":"World of Goop","floor":4,"gold_loss":0},{"damage_healed":0,"gold_gain":0,"player_choice":"Forge","damage_taken":0,"max_hp_gain":0,"max_hp_loss":0,"event_name":"Accursed Blacksmith","floor":5,"gold_loss":0,"cards_upgraded":["Uppercut"]}],"is_beta":false,"boss_relics":[{"not_picked":["Runic Dome","Philosopher\u0027s Stone"],"picked":"Lizard Tail"}],"items_purged_floors":[3,12,20],"is_endless":false,"potions_floor_spawned":[2,7,11,14,16,18],"killed_by":"Centurion and Healer","ascension_level":2}