{"gold_per_floor":[118,118,138,150,53,53,68,98,98,116,133,133,133,133],"floor_reached":14,"playtime":765,"items_purged":["Strike_B"],"score":106,"play_id":"6b71095b-afec-437a-b086-322b5d9fe402","local_time":"20180820135240","is_ascension_mode":true,"campfire_choices":[{"data":"Fusion","floor":6,"key":"SMITH"}],"neow_cost":"","seed_source_timestamp":383511406571570,"circlet_count":0,"master_deck":["Strike_B","Defend_B","Defend_B","Defend_B","Defend_B","Zap","Dualcast","Chill","White Noise","Fusion+1","Auto Shields","Leap","Steam","Reprogram","Redo"],"relics":["Cracked Core","Matryoshka","Gremlin Horn","Frozen Egg 2"],"potions_floor_usage":[],"damage_taken":[{"damage":7,"enemies":"Jaw Worm","floor":1,"turns":3},{"damage":0,"enemies":"Small Slimes","floor":3,"turns":4},{"damage":3,"enemies":"Cultist","floor":4,"turns":5},{"damage":20,"enemies":"Gremlin Gang","floor":7,"turns":9},{"damage":29,"enemies":"Lagavulin","floor":8,"turns":13},{"damage":5,"enemies":"Blue Slaver","floor":10,"turns":5},{"damage":6,"enemies":"2 Fungi Beasts","floor":11,"turns":4},{"damage":6,"enemies":"Lots of Slimes","floor":14,"turns":1}],"seed_played":"6649094778986188394","potions_obtained":[{"floor":4,"key":"Dexterity Potion"},{"floor":10,"key":"Energy Potion"},{"floor":11,"key":"Ancient Potion"}],"is_trial":false,"path_per_floor":["M","?","M","M","$","R","M","E","T","M","M","?","?"],"character_chosen":"DEFECT","items_purchased":["Leap"],"campfire_rested":0,"item_purchase_floors":[5],"current_hp_per_floor":[68,68,68,65,65,65,45,16,16,11,5,2,2,0],"gold":133,"neow_bonus":"","is_prod":false,"is_daily":false,"chose_seed":false,"campfire_upgraded":1,"win_rate":0,"timestamp":1534787560,"path_taken":["M","?","?","?","$","R","M","E","T","M","M","?","?","M"],"build_version":"2018-08-16","purchased_purges":1,"victory":false,"max_hp_per_floor":[75,75,75,75,75,75,75,75,75,75,75,75,75,75],"card_choices":[{"not_picked":["Redo","Cold Snap"],"picked":"Chill","floor":1},{"not_picked":["Leap","Compile Driver"],"picked":"Fusion","floor":3},{"not_picked":["Coolheaded","Cold Snap"],"picked":"Auto Shields","floor":4},{"not_picked":["Streamline","Sunder"],"picked":"Steam","floor":7},{"not_picked":["Barrage","Scrape"],"picked":"Reprogram","floor":8},{"not_picked":["Barrage","Chaos"],"picked":"Redo","floor":10},{"not_picked":["Hologram","All For One","Fusion"],"picked":"SKIP","floor":11}],"player_experience":70607,"relics_obtained":[{"floor":8,"key":"Matryoshka"},{"floor":9,"key":"Gremlin Horn"},{"floor":9,"key":"Frozen Egg 2"}],"event_choices":[{"event_name":"Living Wall","player_choice":"Change","floor":2,"damage_taken":0},{"event_name":"Scrap Ooze","player_choice":"unsuccessful","floor":12,"damage_taken":3},{"event_name":"Bonfire Elementals","player_choice":"BASIC","floor":13,"damage_taken":0}],"is_beta":false,"boss_relics":[],"items_purged_floors":[5],"is_endless":false,"potions_floor_spawned":[4,10,11],"killed_by":"Lots of Slimes","ascension_level":3}