{"gold_per_floor":[113,113,62,82,95,128,128,128,152,186,186,221,240,257,257,334,334,354,354,110,130,130,162,162,112,162,172,172,172,204,95,95,95],"floor_reached":33,"playtime":1398,"items_purged":["Combust","Thunderclap","Rupture"],"score":652,"play_id":"f917c1bc-6469-4c4d-8ea2-e0552fc343fe","local_time":"20190627122724","is_ascension_mode":true,"campfire_choices":[{"data":"Bludgeon","floor":7.0,"key":"SMITH"},{"data":"Inflame","floor":11.0,"key":"SMITH"},{"data":"Disarm","floor":15.0,"key":"SMITH"},{"data":"Spot Weakness","floor":24.0,"key":"SMITH"},{"data":"Fiend Fire","floor":28.0,"key":"SMITH"},{"floor":32.0,"key":"REST"}],"neow_cost":"NONE","seed_source_timestamp":1033086851937136,"circlet_count":0,"master_deck":["AscendersBane","Bash+1","Clothesline","Bludgeon+1","Anger","Inflame+1","Shockwave","Shockwave","Spot Weakness+1","Dropkick","Disarm+1","Thunderclap","Fiend Fire+1","Burning Pact+1","Rage","Combust","Ghostly Armor+1","Thunderclap","Uppercut","Power Through","Sword Boomerang","True Grit+1"],"special_seed":0,"relics":["Burning Blood","Ornamental Fan","Meat on the Bone","Smiling Mask","Lantern","Happy Flower","Pandora\u0027s Box","Centennial Puzzle","MutagenicStrength","Pear","War Paint","Nilry\u0027s Codex","Toxic Egg 2"],"potions_floor_usage":[],"damage_taken":[{"damage":15.0,"enemies":"Small Slimes","floor":1.0,"turns":5.0},{"damage":0.0,"enemies":"Cultist","floor":4.0,"turns":3.0},{"damage":2.0,"enemies":"Jaw Worm","floor":5.0,"turns":3.0},{"damage":8.0,"enemies":"Gremlin Nob","floor":6.0,"turns":3.0},{"damage":18.0,"enemies":"3 Sentries","floor":10.0,"turns":7.0},{"damage":0.0,"enemies":"Lagavulin","floor":12.0,"turns":4.0},{"damage":4.0,"enemies":"3 Louse","floor":13.0,"turns":4.0},{"damage":12.0,"enemies":"Exordium Thugs","floor":14.0,"turns":4.0},{"damage":34.0,"enemies":"Slime Boss","floor":16.0,"turns":7.0},{"damage":31.0,"enemies":"2 Thieves","floor":18.0,"turns":3.0},{"damage":10.0,"enemies":"Shell Parasite","floor":21.0,"turns":3.0},{"damage":34.0,"enemies":"Gremlin Leader","floor":23.0,"turns":6.0},{"damage":12.0,"enemies":"Cultist and Chosen","floor":27.0,"turns":5.0},{"damage":10.0,"enemies":"Book of Stabbing","floor":30.0,"turns":2.0},{"damage":75,"enemies":"Collector","floor":33,"turns":6}],"seed_played":"-38442774578655887","potions_obtained":[{"floor":1.0,"key":"AttackPotion"},{"floor":12.0,"key":"PowerPotion"},{"floor":14.0,"key":"FairyPotion"}],"is_trial":false,"path_per_floor":["M","?","$","M","M","E","R","T","T","E","R","E","M","M","R","B",null,"M","?","$","M","?","E","R","$","T","M","R","?","E","$","R","B"],"character_chosen":"IRONCLAD","items_purchased":["Anger","Power Through","Centennial Puzzle","True Grit+1"],"campfire_rested":1,"item_purchase_floors":[3,20,20,31],"current_hp_per_floor":[59,59,59,65,69,67,67,67,67,55,55,61,63,57,57,41,67,54,33,33,41,41,35,35,35,35,41,41,20,28,28,55,0],"gold":95,"neow_bonus":"UPGRADE_CARD","is_prod":false,"is_daily":false,"chose_seed":false,"campfire_upgraded":5,"win_rate":0,"timestamp":1561652844,"path_taken":["M","?","$","?","M","E","R","?","T","E","R","E","M","M","R","BOSS","M","?","$","M","?","E","R","$","T","?","R","?","E","?","R","BOSS"],"build_version":"2019-01-23","purchased_purges":3,"victory":false,"max_hp_per_floor":[75,75,75,75,75,75,75,75,75,75,75,75,75,75,75,75,75,75,80,80,80,80,90,90,90,90,90,90,90,90,90,90,90],"card_choices":[{"not_picked":["Metallicize","Headbutt"],"picked":"Clothesline","floor":1.0},{"not_picked":["Anger","Headbutt"],"picked":"Inflame","floor":4.0},{"not_picked":["Clash","Pommel Strike"],"picked":"Shockwave","floor":5.0},{"not_picked":["Second Wind","Thunderclap"],"picked":"Shockwave","floor":6.0},{"not_picked":["Flex","Dark Embrace"],"picked":"Spot Weakness","floor":10.0},{"not_picked":["Berserk","Hemokinesis"],"picked":"Dropkick","floor":12.0},{"not_picked":["Perfected Strike","Second Wind"],"picked":"Disarm","floor":13.0},{"not_picked":["Carnage","Ghostly Armor"],"picked":"Thunderclap","floor":14.0},{"not_picked":["Bludgeon","Berserk"],"picked":"Fiend Fire","floor":16.0},{"not_picked":["Body Slam","Havoc","Clash+1"],"picked":"SKIP","floor":18.0},{"not_picked":["Flex","Thunderclap","Anger+1"],"picked":"SKIP","floor":21.0},{"not_picked":["Hemokinesis+1","Cleave"],"picked":"Sword Boomerang","floor":23.0},{"not_picked":["Perfected Strike","Thunderclap","Warcry"],"picked":"SKIP","floor":27.0},{"not_picked":["Thunderclap","Whirlwind","Headbutt"],"picked":"SKIP","floor":30.0}],"player_experience":1552260,"relics_obtained":[{"floor":6.0,"key":"Ornamental Fan"},{"floor":8.0,"key":"Meat on the Bone"},{"floor":9.0,"key":"Smiling Mask"},{"floor":10.0,"key":"Lantern"},{"floor":12.0,"key":"Happy Flower"},{"floor":23.0,"key":"Pear"},{"floor":26.0,"key":"War Paint"},{"floor":29.0,"key":"Nilry\u0027s Codex"},{"floor":30.0,"key":"Toxic Egg 2"}],"event_choices":[{"damage_healed":0.0,"max_hp_gain":0.0,"max_hp_loss":0.0,"gold_gain":0.0,"event_name":"Match and Keep!","player_choice":"1 cards matched","floor":2.0,"gold_loss":0.0,"damage_taken":0.0,"cards_obtained":["Bludgeon"]},{"damage_healed":0.0,"max_hp_gain":5.0,"max_hp_loss":0.0,"gold_gain":0.0,"event_name":"Forgotten Altar","player_choice":"Shed Blood","floor":19.0,"gold_loss":0.0,"damage_taken":26.0},{"damage_healed":0.0,"max_hp_gain":0.0,"max_hp_loss":0.0,"gold_gain":0.0,"event_name":"Drug Dealer","player_choice":"Inject Mutagens","floor":22.0,"gold_loss":0.0,"damage_taken":0.0,"relics_obtained":["MutagenicStrength"]},{"damage_healed":0.0,"max_hp_gain":0.0,"max_hp_loss":0.0,"gold_gain":0.0,"event_name":"Cursed Tome","player_choice":"Obtained Book","floor":29.0,"gold_loss":0.0,"damage_taken":21.0}],"is_beta":false,"boss_relics":[{"not_picked":["Eternal Feather","Black Blood"],"picked":"Pandora\u0027s Box"}],"items_purged_floors":[20,25,31],"is_endless":false,"potions_floor_spawned":[1,12,14,21,27],"killed_by":"Collector","ascension_level":20}