{"gold_per_floor":[115,115,115,130,130,130,150,169,169,185,219,219,31,52,52,145,145,160,32,52,52,52,52,52],"floor_reached":24,"playtime":921,"items_purged":["Strike_G","Strike_G"],"score":542,"play_id":"228d096f-ed8e-48d1-bd8d-a215371b0cb1","local_time":"20190521012245","is_ascension_mode":true,"campfire_choices":[{"data":"Masterful Stab","floor":6.0,"key":"SMITH"},{"floor":12.0,"key":"REST"},{"data":"Blade Dance","floor":15.0,"key":"SMITH"},{"floor":23,"key":"REST"}],"neow_cost":"NONE","seed_source_timestamp":453487155613487,"circlet_count":0,"master_deck":["AscendersBane","Defend_G","Defend_G","Defend_G","Defend_G","Defend_G","Strike_G","Survivor","Neutralize+1","Masterful Stab+1","Quick Slash","Dagger Spray","Deflect","Well Laid Plans","Blade Dance+1","Footwork","After Image","Backflip","Deflect+1","Grand Finale","Bouncing Flask"],"special_seed":0,"relics":["Ring of the Snake","Pen Nib","Sundial","Golden Idol","Mercury Hourglass","Shuriken","Runic Pyramid"],"potions_floor_usage":[24],"damage_taken":[{"damage":4.0,"enemies":"Small Slimes","floor":1.0,"turns":3.0},{"damage":0.0,"enemies":"2 Louse","floor":4.0,"turns":2.0},{"damage":0.0,"enemies":"Jaw Worm","floor":7.0,"turns":4.0},{"damage":29.0,"enemies":"Gremlin Gang","floor":8.0,"turns":7.0},{"damage":0.0,"enemies":"Looter","floor":10.0,"turns":3.0},{"damage":0.0,"enemies":"Lagavulin","floor":11.0,"turns":5.0},{"damage":0.0,"enemies":"Blue Slaver","floor":14.0,"turns":3.0},{"damage":0.0,"enemies":"Slime Boss","floor":16.0,"turns":5.0},{"damage":22.0,"enemies":"2 Thieves","floor":18.0,"turns":5.0},{"damage":1.0,"enemies":"Chosen","floor":20.0,"turns":4.0},{"damage":49,"enemies":"Slavers","floor":24,"turns":3}],"seed_played":"7401119608824571731","potions_obtained":[{"floor":1.0,"key":"Ancient Potion"},{"floor":4.0,"key":"LiquidBronze"},{"floor":8.0,"key":"SteroidPotion"},{"floor":16.0,"key":"Weak Potion"}],"is_trial":false,"path_per_floor":["M","?","?","M","?","R","M","M","T","M","E","R","$","M","R","B",null,"M","$","M","?","?","R","E"],"character_chosen":"THE_SILENT","items_purchased":["PowerPotion","Blade Dance","Backflip"],"campfire_rested":2,"item_purchase_floors":[13,13,19],"current_hp_per_floor":[55,55,37,37,37,37,37,8,8,8,8,26,26,26,26,26,52,30,30,29,29,29,47,0],"gold":52,"neow_bonus":"RANDOM_COMMON_RELIC","is_prod":false,"is_daily":false,"chose_seed":false,"campfire_upgraded":2,"win_rate":0,"timestamp":1558416165,"path_taken":["M","?","?","M","?","R","M","?","T","M","E","R","$","M","R","BOSS","M","$","?","?","?","R","E"],"build_version":"2019-01-23","purchased_purges":2,"victory":false,"max_hp_per_floor":[66,66,66,66,60,60,60,60,60,60,60,60,60,60,60,60,60,60,60,60,60,60,60,60],"card_choices":[{"not_picked":["Slice","Acrobatics"],"picked":"Masterful Stab","floor":1.0},{"not_picked":["Bane","Reflex","Setup"],"picked":"SKIP","floor":4.0},{"not_picked":["Blur","Backflip"],"picked":"Quick Slash","floor":7.0},{"not_picked":["Bane","Accuracy"],"picked":"Dagger Spray","floor":8.0},{"not_picked":["Slice","Blur"],"picked":"Deflect","floor":10.0},{"not_picked":["Setup","Deflect"],"picked":"Well Laid Plans","floor":11.0},{"not_picked":["Quick Slash","Burst"],"picked":"Footwork","floor":14.0},{"not_picked":["Grand Finale","A Thousand Cuts"],"picked":"After Image","floor":16.0},{"not_picked":["Underhanded Strike","Flying Knee","Catalyst+1"],"picked":"SKIP","floor":18.0},{"not_picked":["Outmaneuver","Distraction"],"picked":"Deflect+1","floor":20.0}],"player_experience":1409814,"relics_obtained":[{"floor":9.0,"key":"Mercury Hourglass"},{"floor":11.0,"key":"Shuriken"}],"event_choices":[{"damage_healed":0.0,"max_hp_gain":0.0,"max_hp_loss":0.0,"gold_gain":0.0,"event_name":"Living Wall","player_choice":"Grow","floor":2.0,"gold_loss":0.0,"damage_taken":0.0,"cards_upgraded":["Neutralize"]},{"damage_healed":0.0,"max_hp_gain":0.0,"max_hp_loss":0.0,"gold_gain":0.0,"event_name":"Scrap Ooze","player_choice":"Success","floor":3.0,"gold_loss":0.0,"damage_taken":18.0,"relics_obtained":["Sundial"]},{"damage_healed":0.0,"max_hp_gain":0.0,"max_hp_loss":6.0,"gold_gain":0.0,"event_name":"Golden Idol","player_choice":"Lose Max HP","floor":5.0,"gold_loss":0.0,"damage_taken":0.0,"relics_obtained":["Golden Idol"]},{"damage_healed":0,"gold_gain":0,"player_choice":"Ignored","damage_taken":0,"max_hp_gain":0,"max_hp_loss":0,"event_name":"Cursed Tome","floor":21,"gold_loss":0},{"damage_healed":0,"gold_gain":0,"cards_transformed":["Strike_G","Strike_G"],"player_choice":"Became Test Subject","damage_taken":0,"max_hp_gain":0,"max_hp_loss":0,"event_name":"Drug Dealer","floor":22,"gold_loss":0,"cards_obtained":["Grand Finale","Bouncing Flask"]}],"is_beta":false,"boss_relics":[{"not_picked":["Coffee Dripper","Velvet Choker"],"picked":"Runic Pyramid"}],"items_purged_floors":[13,19],"is_endless":false,"potions_floor_spawned":[1,4,8,16],"killed_by":"Slavers","ascension_level":20}