{"gold_per_floor":[116,31,106,50,64,96,115,115,141,163,163,173,173],"floor_reached":13,"playtime":526,"items_purged":[],"score":216,"play_id":"c5fb4e2f-f726-4b41-8bdc-96443e172c6c","local_time":"20190504151716","is_ascension_mode":true,"campfire_choices":[{"data":"Choke","floor":8,"key":"SMITH"}],"neow_cost":"NONE","seed_source_timestamp":50832734238172,"circlet_count":0,"master_deck":["AscendersBane","Defend_G","Defend_G","Defend_G","Defend_G","Defend_G","Strike_G","Strike_G","Strike_G","Strike_G","Strike_G","Survivor","Neutralize","Flying Knee","Noxious Fumes","Choke+1","Backstab","Deadly Poison","Footwork","Backflip"],"relics":["Ring of the Snake","NeowsBlessing","Bronze Scales","Question Card","Smiling Mask","Odd Mushroom","Snake Skull"],"potions_floor_usage":[13,13],"damage_taken":[{"damage":0,"enemies":"Small Slimes","floor":1,"turns":1},{"damage":0,"enemies":"2 Louse","floor":5,"turns":1},{"damage":0,"enemies":"Lagavulin","floor":6,"turns":1},{"damage":0,"enemies":"Cultist","floor":7,"turns":3},{"damage":19,"enemies":"The Mushroom Lair","floor":10,"turns":4},{"damage":2,"enemies":"Blue Slaver","floor":12,"turns":4},{"damage":28,"enemies":"Gremlin Nob","floor":13,"turns":3}],"seed_played":"-8494980531862280584","potions_obtained":[{"floor":5,"key":"Energy Potion"},{"floor":6,"key":"PowerPotion"},{"floor":12,"key":"Strength Potion"}],"is_trial":false,"path_per_floor":["M","$","?","?","M","E","M","R","T","?","?","M","E"],"character_chosen":"THE_SILENT","items_purchased":["Noxious Fumes"],"campfire_rested":0,"item_purchase_floors":[2],"current_hp_per_floor":[59,59,48,48,48,48,48,48,48,29,24,22,0],"gold":173,"neow_bonus":"THREE_ENEMY_KILL","is_prod":false,"is_daily":false,"chose_seed":false,"campfire_upgraded":1,"win_rate":0,"timestamp":1556997436,"path_taken":["M","$","?","?","M","E","?","R","T","?","?","M","E"],"build_version":"2019-01-23","purchased_purges":0,"victory":false,"max_hp_per_floor":[66,66,66,66,66,66,66,66,66,66,66,66,66],"card_choices":[{"not_picked":["Prepared","Cloak And Dagger"],"picked":"Flying Knee","floor":1},{"not_picked":["Dodge and Roll","Blade Dance"],"picked":"Choke","floor":5},{"not_picked":["Sucker Punch","Dodge and Roll"],"picked":"Backstab","floor":6},{"not_picked":["Riddle With Holes","Blur","Acrobatics"],"picked":"Deadly Poison","floor":7},{"not_picked":["Bullet Time","Deflect","Poisoned Stab"],"picked":"Footwork","floor":10},{"not_picked":["Deadly Poison","Dodge and Roll","PiercingWail"],"picked":"Backflip","floor":12}],"player_experience":1190485,"relics_obtained":[{"floor":6,"key":"Question Card"},{"floor":9,"key":"Smiling Mask"},{"floor":10,"key":"Odd Mushroom"}],"event_choices":[{"damage_healed":0,"gold_gain":75,"player_choice":"Gather Gold","damage_taken":11,"max_hp_gain":0,"max_hp_loss":0,"event_name":"World of Goop","floor":3,"gold_loss":0},{"damage_healed":0,"gold_gain":0,"player_choice":"Paid Gold","damage_taken":0,"relics_obtained":["Bronze Scales"],"max_hp_gain":0,"max_hp_loss":0,"event_name":"WeMeetAgain","floor":4,"gold_loss":56},{"damage_healed":0,"gold_gain":0,"player_choice":"Fought Mushrooms","damage_taken":0,"max_hp_gain":0,"max_hp_loss":0,"event_name":"Mushrooms","floor":10,"gold_loss":0},{"damage_healed":0,"gold_gain":0,"player_choice":"Success","damage_taken":5,"relics_obtained":["Snake Skull"],"max_hp_gain":0,"max_hp_loss":0,"event_name":"Scrap Ooze","floor":11,"gold_loss":0}],"is_beta":false,"boss_relics":[],"items_purged_floors":[],"is_endless":false,"potions_floor_spawned":[5,6,12],"killed_by":"Gremlin Nob","ascension_level":20}