{"gold_per_floor":[110,121,121,71,146,146,146,146,146,164,37,37,67,97,97,193,193,204,222,222,233,233,233,248,248,248,103,103,103,138,138,138,234,234,246,226,226,226],"floor_reached":38,"playtime":3103,"items_purged":["Strike_G","Strike_G"],"score":473,"play_id":"c4bc6648-8933-41ed-8caf-c94cfd314a90","local_time":"20180823181508","is_ascension_mode":true,"campfire_choices":[{"data":"Backstab","floor":6,"key":"SMITH"},{"data":"Dodge and Roll","floor":8,"key":"SMITH"},{"data":"Blade Dance","floor":12,"key":"SMITH"},{"data":"Bouncing Flask","floor":15,"key":"SMITH"},{"data":"Survivor","floor":23,"key":"SMITH"},{"floor":25,"key":"REST"},{"floor":32,"key":"REST"}],"neow_cost":"","seed_source_timestamp":656115615167035,"circlet_count":0,"master_deck":["Defend_G","Defend_G","Defend_G","Defend_G","Defend_G","Strike_G","Strike_G","Survivor+1","Neutralize+1","Backstab+1","Bouncing Flask+1","Dodge and Roll+1","Blade Dance+1","PiercingWail+1","Cloak And Dagger","Burst","Necronomicurse","Backflip","Malaise","Infinite Blades","Endless Agony","Blade Dance","Acrobatics+1"],"relics":["Ring of the Snake","Dead Branch","Mercury Hourglass","Juzu Bracelet","Busted Crown","Smiling Mask","Necronomicon","Pen Nib","Meat on the Bone","Orrery"],"potions_floor_usage":[30,33,38,38,38,38],"damage_taken":[{"damage":3,"enemies":"Jaw Worm","floor":1,"turns":6},{"damage":0,"enemies":"2 Louse","floor":2,"turns":2},{"damage":0,"enemies":"Cultist","floor":10,"turns":2},{"damage":9,"enemies":"Gremlin Nob","floor":14,"turns":3},{"damage":14,"enemies":"The Guardian","floor":16,"turns":6},{"damage":4,"enemies":"Shell Parasite","floor":18,"turns":4},{"damage":0,"enemies":"Chosen","floor":19,"turns":4},{"damage":0,"enemies":"Snake Plant","floor":21,"turns":4},{"damage":6,"enemies":"Snecko","floor":24,"turns":4},{"damage":0,"enemies":"Gremlin Leader","floor":30,"turns":5},{"damage":68,"enemies":"Collector","floor":33,"turns":16},{"damage":0,"enemies":"Orb Walker","floor":35,"turns":3},{"damage":75,"enemies":"Awakened One","floor":38,"turns":12}],"seed_played":"-5345831326318062829","potions_obtained":[{"floor":1,"key":"PowerPotion"},{"floor":24,"key":"Ancient Potion"},{"floor":36,"key":"Weak Potion"}],"is_trial":false,"path_per_floor":["M","M","?","$","?","R","?","R","T","M","$","R","?","E","R","B",null,"M","M","?","M","?","R","M","R","T","$","?","?","E","T","R","B",null,"M","?","?"],"character_chosen":"THE_SILENT","items_purchased":["Dodge and Roll","Blade Dance","Cloak And Dagger","Explosive Potion"],"campfire_rested":2,"item_purchase_floors":[4,11,27,27],"current_hp_per_floor":[67,67,67,67,56,56,49,49,49,49,49,49,49,40,40,26,70,66,66,66,66,53,53,47,69,69,69,69,53,53,53,75,19,75,75,75,75,0],"gold":226,"neow_bonus":"","is_prod":false,"is_daily":false,"chose_seed":false,"campfire_upgraded":5,"win_rate":0,"timestamp":1535062508,"path_taken":["M","M","?","$","?","R","?","R","T","M","$","R","?","E","R","BOSS","M","M","?","M","?","R","M","R","T","$","?","?","E","?","R","BOSS","M","?","?","BOSS"],"build_version":"2018-08-16","purchased_purges":2,"victory":false,"max_hp_per_floor":[70,70,70,70,70,70,70,70,70,70,70,70,70,70,70,70,70,70,70,70,70,75,75,75,75,75,75,75,75,75,75,75,75,75,75,75,75,75],"card_choices":[{"not_picked":["Blade Dance","Prepared"],"picked":"Backstab","floor":1},{"not_picked":["Dodge and Roll","Blade Dance"],"picked":"Bouncing Flask","floor":2},{"not_picked":["Dagger Spray","Dodge and Roll","Concentrate"],"picked":"SKIP","floor":10},{"not_picked":["Storm of Steel","Dagger Throw","Sucker Punch"],"picked":"SKIP","floor":14},{"not_picked":["Slice"],"picked":"SKIP","floor":18},{"not_picked":["Leg Sweep+1"],"picked":"SKIP","floor":19},{"not_picked":[],"picked":"PiercingWail+1","floor":21},{"not_picked":["Dagger Throw+1"],"picked":"SKIP","floor":24},{"not_picked":[],"picked":"Backflip","floor":30},{"not_picked":[],"picked":"Malaise","floor":33},{"not_picked":[],"picked":"Infinite Blades","floor":34},{"not_picked":[],"picked":"Endless Agony","floor":34},{"not_picked":[],"picked":"Blade Dance","floor":34},{"not_picked":[],"picked":"Acrobatics+1","floor":35}],"player_experience":171882,"relics_obtained":[{"floor":9,"key":"Mercury Hourglass"},{"floor":14,"key":"Juzu Bracelet"},{"floor":26,"key":"Smiling Mask"},{"floor":29,"key":"Necronomicon"},{"floor":30,"key":"Pen Nib"},{"floor":31,"key":"Meat on the Bone"}],"event_choices":[{"event_name":"Living Wall","player_choice":"Grow","floor":3,"damage_taken":0},{"event_name":"World of Goop","player_choice":"Gather Gold","floor":5,"damage_taken":0},{"event_name":"Scrap Ooze","player_choice":"success","floor":7,"damage_taken":7},{"event_name":"Dead Adventurer","player_choice":"Searched \u00271\u0027 times","floor":13,"damage_taken":0},{"event_name":"Match and Keep!","player_choice":"0 cards matched","floor":20,"damage_taken":0},{"event_name":"Forgotten Altar","player_choice":"Shed Blood","floor":22,"damage_taken":0},{"event_name":"Transmorgrifier","player_choice":"Transform","floor":28,"damage_taken":0},{"event_name":"Cursed Tome","player_choice":"Obtained Book","floor":29,"damage_taken":0},{"event_name":"The Woman in Blue","player_choice":"Bought 1 Potion","floor":36,"damage_taken":0},{"event_name":"SecretPortal","player_choice":"Took Portal.","floor":37,"damage_taken":0}],"is_beta":false,"boss_relics":[{"not_picked":["Eternal Feather","White Beast Statue"],"picked":"Busted Crown"},{"not_picked":["Coffee Dripper","HoveringKite"],"picked":"Orrery"}],"items_purged_floors":[11,27],"is_endless":false,"potions_floor_spawned":[1,24,30],"killed_by":"Awakened One","ascension_level":3}