{"gold_per_floor":[112,112,37,50,50,81,81,81,156,166,181,81,109,119,119,219,219,230,243,158,174,49,49,67,67,91,106,122,122],"floor_reached":29,"playtime":1198,"items_purged":["Strike_B","Strike_B","Regret"],"score":273,"play_id":"933bd928-4a54-4001-a565-5d3aa7aa7c6e","local_time":"20180820205238","is_ascension_mode":true,"campfire_choices":[{"floor":7,"key":"REST"},{"floor":15,"key":"REST"},{"data":"Defragment","floor":23,"key":"SMITH"},{"floor":25,"key":"REST"}],"neow_cost":"NONE","seed_source_timestamp":408275844661504,"circlet_count":0,"master_deck":["Strike_B","Strike_B","Defend_B","Defend_B","Defend_B","Defend_B","Zap","Dualcast","Stack","Chaos","Tempest","Darkness","Self Repair","Defragment+1","Fusion","Echo Form","Electrodynamics","Doubt","Normality","Decay","Darkness+1","Leap","Reinforced Body","Conserve Battery","Aggregate+1","Storm"],"relics":["Cracked Core","Cables","Anchor","Mercury Hourglass","Blood Vial","Calling Bell","Boot","Matryoshka","Torii","Ice Cream","Pen Nib","Bag of Preparation"],"potions_floor_usage":[],"damage_taken":[{"damage":1,"enemies":"Small Slimes","floor":1,"turns":4},{"damage":0,"enemies":"2 Louse","floor":4,"turns":2},{"damage":48,"enemies":"3 Sentries","floor":6,"turns":8},{"damage":2,"enemies":"Cultist","floor":10,"turns":3},{"damage":0,"enemies":"3 Louse","floor":11,"turns":2},{"damage":13,"enemies":"Gremlin Nob","floor":13,"turns":3},{"damage":18,"enemies":"Blue Slaver","floor":14,"turns":4},{"damage":40,"enemies":"The Guardian","floor":16,"turns":10},{"damage":26,"enemies":"2 Thieves","floor":18,"turns":3},{"damage":16,"enemies":"Spheric Guardian","floor":19,"turns":4},{"damage":10,"enemies":"Cultist and Chosen","floor":21,"turns":5},{"damage":40,"enemies":"3 Cultists","floor":24,"turns":5},{"damage":17,"enemies":"Snake Plant","floor":27,"turns":4},{"damage":38,"enemies":"Centurion and Healer","floor":28,"turns":7},{"damage":35,"enemies":"Snecko","floor":29,"turns":4}],"seed_played":"8138918654867642790","potions_obtained":[{"floor":10,"key":"EssenceOfSteel"},{"floor":13,"key":"SkillPotion"},{"floor":16,"key":"Ancient Potion"},{"floor":18,"key":"PowerPotion"}],"is_trial":false,"path_per_floor":["M","?","$","M","?","E","R","$","T","M","M","$","E","M","R","B",null,"M","M","?","M","$","R","M","R","T","M","M"],"character_chosen":"DEFECT","items_purchased":[],"campfire_rested":3,"item_purchase_floors":[],"current_hp_per_floor":[74,74,74,74,74,26,48,48,48,46,53,53,40,31,53,29,75,56,56,56,55,55,55,24,46,46,38,16,0],"gold":122,"neow_bonus":"THREE_CARDS","is_prod":false,"is_daily":false,"chose_seed":false,"campfire_upgraded":1,"win_rate":0,"timestamp":1534812758,"path_taken":["M","?","$","?","?","E","R","$","T","M","M","?","E","M","R","BOSS","M","M","?","M","$","R","?","R","T","M","M","M"],"build_version":"2018-08-16","purchased_purges":3,"victory":false,"max_hp_per_floor":[75,75,75,75,75,75,75,75,75,75,75,75,75,75,75,75,75,75,75,75,75,75,75,75,75,75,75,75,75],"card_choices":[{"not_picked":["FTL","Go for the Eyes"],"picked":"Stack","floor":0},{"not_picked":["Beam Cell","Rip and Tear"],"picked":"Chaos","floor":1},{"not_picked":["Rebound","Redo"],"picked":"Tempest","floor":4},{"not_picked":["Compile Driver","Barrage"],"picked":"Darkness","floor":6},{"not_picked":["Melter","Undo"],"picked":"Self Repair","floor":10},{"not_picked":["Conserve Battery","Compile Driver"],"picked":"Defragment","floor":11},{"not_picked":["Compile Driver","Doom and Gloom"],"picked":"Fusion","floor":13},{"not_picked":["Barrage","Beam Cell"],"picked":"Echo Form","floor":14},{"not_picked":["Multi-Cast","Echo Form"],"picked":"Electrodynamics","floor":16},{"not_picked":["Ball Lightning+1","Barrage"],"picked":"Darkness+1","floor":18},{"not_picked":["FTL+1","Darkness"],"picked":"Leap","floor":19},{"not_picked":["Coolheaded+1","Blizzard"],"picked":"Reinforced Body","floor":21},{"not_picked":["Beam Cell","Undo"],"picked":"Conserve Battery","floor":24},{"not_picked":["Turbo","Streamline"],"picked":"Aggregate+1","floor":27},{"not_picked":["Streamline+1","Blizzard"],"picked":"Storm","floor":28}],"player_experience":94264,"relics_obtained":[{"floor":6,"key":"Anchor"},{"floor":9,"key":"Mercury Hourglass"},{"floor":13,"key":"Blood Vial"},{"floor":17,"key":"Boot"},{"floor":17,"key":"Matryoshka"},{"floor":17,"key":"Torii"},{"floor":26,"key":"Pen Nib"},{"floor":26,"key":"Bag of Preparation"}],"event_choices":[{"event_name":"Liars Game","player_choice":"disagreed","floor":2,"damage_taken":0},{"event_name":"Big Fish","player_choice":"Box","floor":5,"damage_taken":0},{"event_name":"Addict","player_choice":"Obtained Relic","floor":20,"damage_taken":0}],"is_beta":false,"boss_relics":[{"not_picked":["Coffee Dripper","Philosopher\u0027s Stone"],"picked":"Calling Bell"}],"items_purged_floors":[3,12,22],"is_endless":false,"potions_floor_spawned":[10,13,16,18,21,28],"killed_by":"Snecko","ascension_level":3}