{"gold_per_floor":[110,124,124,124,135,161,161,189,238,253,271,271,287,304,304,380,380,392,442,140,140,153,183,98,115,115,147,147,147,147,160,160,236,236,249,249,249,259,117,117,217,217,243,271,271,288,288,321,321,321,321,321,321,23,51,51],"floor_reached":57,"playtime":4180,"items_purged":["Strike_G","Regret"],"score":2766,"play_id":"97363056-77f3-4fea-a06f-b3874d8b7194","local_time":"20190714130408","is_ascension_mode":true,"campfire_choices":[{"floor":7,"key":"REST"},{"data":"Malaise","floor":12,"key":"SMITH"},{"floor":15,"key":"REST"},{"data":"A Thousand Cuts","floor":28,"key":"SMITH"},{"data":"Footwork","floor":30,"key":"SMITH"},{"floor":32,"key":"REST"},{"data":"Well Laid Plans","floor":42,"key":"SMITH"},{"floor":47,"key":"RECALL"},{"data":"Bouncing Flask","floor":49,"key":"SMITH"},{"data":"Sucker Punch","floor":53,"key":"SMITH"}],"neow_cost":"NONE","seed_source_timestamp":380331475331214,"circlet_count":0,"master_deck":["AscendersBane","Strike_G+1","Strike_G+1","Strike_G+1","Defend_G+1","Defend_G+1","Defend_G+1","Defend_G+1","Defend_G+1","Survivor","Neutralize","Sucker Punch+1","Noxious Fumes+1","Flying Knee","Malaise+1","PiercingWail","All Out Attack","Backflip","Bouncing Flask+1","A Thousand Cuts+1","Backstab","Crippling Poison+1","Burst+1","Footwork+1","Cloak And Dagger+1","Deadly Poison+1","Bullet Time+1","Dodge and Roll+1","Well Laid Plans+1","Decay","Dodge and Roll+1","Catalyst+1","Acrobatics+1","Burst+1"],"special_seed":0,"relics":["Ring of the Snake","Matryoshka","Bag of Preparation","Dream Catcher","Blood Vial","Cursed Key","Lee\u0027s Waffle","Toxic Egg 2","Oddly Smooth Stone","Centennial Puzzle","The Courier","Snecko Eye","Pocketwatch","Happy Flower","Paper Crane","Blue Candle","Gambling Chip","Art of War"],"potions_floor_usage":[8,27,27,44,56],"damage_taken":[{"damage":3.0,"enemies":"2 Louse","floor":1.0,"turns":4.0},{"damage":0.0,"enemies":"Cultist","floor":2.0,"turns":4.0},{"damage":0,"enemies":"Small Slimes","floor":5,"turns":3},{"damage":38,"enemies":"Gremlin Nob","floor":6,"turns":5},{"damage":21,"enemies":"3 Sentries","floor":8,"turns":7},{"damage":0,"enemies":"Looter","floor":10,"turns":4},{"damage":6,"enemies":"3 Louse","floor":11,"turns":6},{"damage":7,"enemies":"Blue Slaver","floor":13,"turns":5},{"damage":6,"enemies":"Exordium Thugs","floor":14,"turns":4},{"damage":25,"enemies":"The Guardian","floor":16,"turns":9},{"damage":5,"enemies":"3 Byrds","floor":18,"turns":5},{"damage":1,"enemies":"Shell Parasite","floor":22,"turns":6},{"damage":15,"enemies":"Book of Stabbing","floor":23,"turns":6},{"damage":0,"enemies":"Snecko","floor":25,"turns":5},{"damage":20,"enemies":"Slavers","floor":27,"turns":6},{"damage":5,"enemies":"Cultist and Chosen","floor":31,"turns":5},{"damage":27,"enemies":"Champ","floor":33,"turns":11},{"damage":0,"enemies":"3 Shapes","floor":35,"turns":3},{"damage":5,"enemies":"3 Darklings","floor":38,"turns":4},{"damage":1,"enemies":"Mind Bloom Boss Battle","floor":41,"turns":6},{"damage":12,"enemies":"Reptomancer","floor":44,"turns":5},{"damage":0,"enemies":"Maw","floor":46,"turns":7},{"damage":0,"enemies":"Nemesis","floor":48,"turns":7},{"damage":4,"enemies":"Time Eater","floor":50,"turns":7},{"damage":7,"enemies":"Awakened One","floor":51,"turns":13},{"damage":1,"enemies":"Shield and Spear","floor":55,"turns":5},{"damage":36,"enemies":"The Heart","floor":56,"turns":7}],"seed_played":"-1071064989662512407","potions_obtained":[{"floor":0.0,"key":"GhostInAJar"},{"floor":0.0,"key":"GamblersBrew"},{"floor":1.0,"key":"Fire Potion"},{"floor":11,"key":"Strength Potion"},{"floor":22,"key":"SkillPotion"},{"floor":27,"key":"FearPotion"},{"floor":31,"key":"Energy Potion"},{"floor":33,"key":"Fire Potion"},{"floor":35,"key":"SkillPotion"},{"floor":44,"key":"Weak Potion"},{"floor":48,"key":"Energy Potion"}],"is_trial":false,"path_per_floor":["M","M","?","?","M","E","R","E","T","M","M","R","M","M","R","B",null,"M","?","$","?","M","E","?","M","T","E","R","?","R","M","R","B",null,"M","?","?","M","$","?","?","R","T","E","?","M","R","E","R","B","B",null,"R","$","E","B",null],"character_chosen":"THE_SILENT","items_purchased":["Lee\u0027s Waffle","Well Laid Plans","Gambling Chip","Acrobatics+1"],"campfire_rested":3,"item_purchase_floors":[20,39,54,54],"current_hp_per_floor":[56,56,56,56,56,18,37,16,16,18,14,14,9,5,24,1,50,47,47,73,73,72,58,58,60,60,42,42,42,42,39,60,35,64,66,66,73,68,68,68,68,68,68,57,57,59,59,61,61,59,54,65,65,65,66,32],"gold":51,"neow_bonus":"THREE_SMALL_POTIONS","is_prod":false,"is_daily":false,"chose_seed":false,"campfire_upgraded":6,"win_rate":0,"timestamp":1563123848,"path_taken":["M","M","?","?","M","E","R","E","T","M","M","R","?","M","R","BOSS","M","?","$","?","M","E","?","M","T","E","R","?","R","M","R","BOSS","M","?","?","?","?","?","?","R","T","E","?","M","R","E","R","BOSS","BOSS","R","$","E","BOSS"],"build_version":"2019-07-05","purchased_purges":2,"victory":true,"max_hp_per_floor":[66,66,66,66,66,66,66,66,66,66,66,66,66,66,66,66,66,66,66,73,73,73,73,73,73,73,73,73,73,73,73,73,73,73,73,73,73,73,73,69,69,69,69,69,69,69,69,69,69,69,69,69,69,69,69,69],"card_choices":[{"not_picked":["Blade Dance","Deflect"],"picked":"Sucker Punch","floor":1.0},{"not_picked":["Cloak And Dagger","Dash"],"picked":"Noxious Fumes","floor":2.0},{"not_picked":["Sucker Punch","Flechettes"],"picked":"Flying Knee","floor":5},{"not_picked":["Flechettes","Dagger Throw","Heel Hook"],"picked":"SKIP","floor":6},{"not_picked":["Dagger Throw","All Out Attack"],"picked":"Malaise","floor":8},{"not_picked":["Deflect","Acrobatics","Dagger Throw"],"picked":"SKIP","floor":10},{"not_picked":["Deflect","Acrobatics","Dagger Throw"],"picked":"SKIP","floor":10},{"not_picked":["Underhanded Strike","Endless Agony"],"picked":"PiercingWail","floor":11},{"not_picked":["Cloak And Dagger","Endless Agony"],"picked":"All Out Attack","floor":13},{"not_picked":["Concentrate","Dagger Spray"],"picked":"Backflip","floor":14},{"not_picked":["Escape Plan","Flying Knee"],"picked":"Bouncing Flask","floor":15},{"not_picked":["Bullet Time","Burst"],"picked":"A Thousand Cuts","floor":16},{"not_picked":["Dagger Spray","Distraction","Bane"],"picked":"SKIP","floor":18},{"not_picked":["Dodge and Roll","Distraction"],"picked":"Backstab","floor":22},{"not_picked":["Flying Knee","Slice","Sucker Punch"],"picked":"SKIP","floor":23},{"not_picked":["Terror+1","Distraction+1"],"picked":"Crippling Poison+1","floor":25},{"not_picked":["Distraction+1","Dash"],"picked":"Burst+1","floor":27},{"not_picked":["Concentrate+1","Flying Knee"],"picked":"Cloak And Dagger+1","floor":31},{"not_picked":["Acrobatics+1","Cloak And Dagger+1"],"picked":"Deadly Poison+1","floor":32},{"not_picked":["Die Die Die","Burst+1"],"picked":"Bullet Time+1","floor":33},{"not_picked":["Skewer","Flying Knee+1"],"picked":"Dodge and Roll+1","floor":35},{"not_picked":["Setup+1","Calculated Gamble+1","Infinite Blades+1"],"picked":"SKIP","floor":38},{"not_picked":["Dodge and Roll+1","Slice+1","Venomology+1"],"picked":"SKIP","floor":44},{"not_picked":["Slice+1","Venomology+1"],"picked":"Dodge and Roll+1","floor":44},{"not_picked":["Underhanded Strike","Poisoned Stab+1","Dagger Throw"],"picked":"SKIP","floor":46},{"not_picked":["Reflex+1","Acrobatics+1"],"picked":"Catalyst+1","floor":48},{"not_picked":["Deadly Poison+1","Endless Agony"],"picked":"Burst+1","floor":55}],"player_experience":1598896,"relics_obtained":[{"floor":6,"key":"Matryoshka"},{"floor":8,"key":"Bag of Preparation"},{"floor":9,"key":"Dream Catcher"},{"floor":9,"key":"Blood Vial"},{"floor":23,"key":"Toxic Egg 2"},{"floor":26,"key":"Centennial Puzzle"},{"floor":27,"key":"The Courier"},{"floor":41,"key":"Pocketwatch"},{"floor":43,"key":"Happy Flower"},{"floor":44,"key":"Paper Crane"},{"floor":48,"key":"Blue Candle"},{"floor":55,"key":"Art of War"}],"event_choices":[{"damage_healed":0.0,"max_hp_gain":0.0,"max_hp_loss":0.0,"gold_gain":0.0,"event_name":"Liars Game","player_choice":"Ignored","floor":3.0,"gold_loss":0.0,"damage_taken":0.0},{"damage_healed":0.0,"max_hp_gain":0.0,"max_hp_loss":0.0,"gold_gain":0.0,"event_name":"Upgrade Shrine","player_choice":"Upgraded","floor":4.0,"gold_loss":0.0,"damage_taken":0.0,"cards_upgraded":["Noxious Fumes"]},{"damage_healed":0,"gold_gain":50,"player_choice":"Stole From Cult","damage_taken":0,"max_hp_gain":0,"max_hp_loss":0,"event_name":"Nest","floor":19,"gold_loss":0},{"damage_healed":0,"gold_gain":0,"player_choice":"Simplicity","damage_taken":0,"max_hp_gain":0,"max_hp_loss":0,"event_name":"Back to Basics","floor":21,"gold_loss":0,"cards_upgraded":["Strike_G","Strike_G","Strike_G","Strike_G","Defend_G","Defend_G","Defend_G","Defend_G","Defend_G"]},{"damage_healed":0,"gold_gain":0,"player_choice":"Obtained Relic","damage_taken":0,"relics_obtained":["Oddly Smooth Stone"],"max_hp_gain":0,"max_hp_loss":0,"event_name":"Addict","floor":24,"gold_loss":85},{"damage_healed":0,"gold_gain":0,"player_choice":"Read","damage_taken":0,"max_hp_gain":0,"max_hp_loss":0,"event_name":"The Library","floor":29,"gold_loss":0,"cards_obtained":["Footwork"]},{"cards_removed":["Strike_G"],"damage_healed":0,"gold_gain":0,"player_choice":"Removed Attack","damage_taken":0,"max_hp_gain":0,"max_hp_loss":0,"event_name":"Falling","floor":36,"gold_loss":0},{"damage_healed":7,"gold_gain":0,"player_choice":"Full Heal","damage_taken":0,"max_hp_gain":0,"max_hp_loss":0,"event_name":"Wheel of Change","floor":37,"gold_loss":0},{"damage_healed":0,"gold_gain":0,"player_choice":"Max HP","damage_taken":0,"max_hp_gain":0,"max_hp_loss":4,"event_name":"Winding Halls","floor":40,"gold_loss":0},{"damage_healed":0,"gold_gain":0,"player_choice":"Fight","damage_taken":0,"max_hp_gain":0,"max_hp_loss":0,"event_name":"MindBloom","floor":41,"gold_loss":0},{"damage_healed":0,"gold_gain":0,"player_choice":"Ignored","damage_taken":0,"max_hp_gain":0,"max_hp_loss":0,"event_name":"Tomb of Lord Red Mask","floor":45,"gold_loss":0}],"is_beta":false,"boss_relics":[{"not_picked":["Fusion Hammer","White Beast Statue"],"picked":"Cursed Key"},{"not_picked":["Pandora\u0027s Box","Orrery"],"picked":"Snecko Eye"}],"items_purged_floors":[20,39],"is_endless":false,"potions_floor_spawned":[1,6,11,14,16,22,27,31,33,35,38,44,48],"ascension_level":20}