{"gold_per_floor":[365,365,65,85,139,139,182,182,234,273,293,308,75,110,110,200,200,221,221,241,2,2,33,33,68,138,138,158,178,199,199,199,293,293,314,338,351,351,351,351],"floor_reached":40,"playtime":3423,"items_purged":["Strike_B","Strike_B"],"score":963,"play_id":"4806fe25-b4eb-49e3-8a94-8d84580ab706","local_time":"20190504141622","is_ascension_mode":true,"campfire_choices":[{"data":"Sunder","floor":6.0,"key":"SMITH"},{"floor":8.0,"key":"REST"},{"data":"Darkness","floor":15.0,"key":"SMITH"},{"floor":24.0,"key":"REST"},{"floor":27,"key":"REST"},{"floor":32,"key":"REST"}],"neow_cost":"TEN_PERCENT_HP_LOSS","seed_source_timestamp":0,"circlet_count":0,"master_deck":["AscendersBane","Strike_B+1","Strike_B","Defend_B","Defend_B","Defend_B","Defend_B","Zap","Dualcast","Sunder+1","Sweeping Beam","Genetic Algorithm","Cold Snap+1","Darkness+1","Leap","Undo","Electrodynamics","Echo Form","Compile Driver","Consume","Loop","Echo Form","Chill","Loop"],"special_seed":0,"relics":["Cracked Core","Golden Idol","Orichalcum","Tiny Chest","Shuriken","Whetstone","The Courier","Bag of Marbles","Velvet Choker","Nilry\u0027s Codex","Dream Catcher","Vajra","Cursed Key"],"potions_floor_usage":[25],"damage_taken":[{"damage":0.0,"enemies":"2 Louse","floor":1.0,"turns":3.0},{"damage":2.0,"enemies":"Jaw Worm","floor":4.0,"turns":3.0},{"damage":12.0,"enemies":"3 Sentries","floor":7.0,"turns":6.0},{"damage":20.0,"enemies":"Lagavulin","floor":10.0,"turns":6.0},{"damage":5.0,"enemies":"Small Slimes","floor":11.0,"turns":3.0},{"damage":5.0,"enemies":"Looter","floor":12.0,"turns":3.0},{"damage":4.0,"enemies":"3 Sentries","floor":14.0,"turns":3.0},{"damage":6.0,"enemies":"The Guardian","floor":16.0,"turns":13.0},{"damage":1.0,"enemies":"Spheric Guardian","floor":18.0,"turns":4.0},{"damage":0.0,"enemies":"3 Byrds","floor":20.0,"turns":3.0},{"damage":18.0,"enemies":"Book of Stabbing","floor":23.0,"turns":5.0},{"damage":16,"enemies":"Gremlin Leader","floor":25,"turns":5},{"damage":12,"enemies":"Snake Plant","floor":28,"turns":4},{"damage":20,"enemies":"Shelled Parasite and Fungi","floor":29,"turns":5},{"damage":0,"enemies":"3 Cultists","floor":30,"turns":3},{"damage":10,"enemies":"Champ","floor":33,"turns":9},{"damage":16,"enemies":"3 Darklings","floor":35,"turns":3},{"damage":24,"enemies":"3 Shapes","floor":36,"turns":5},{"damage":14,"enemies":"Sphere and 2 Shapes","floor":37,"turns":5},{"damage":29,"enemies":"Reptomancer","floor":40,"turns":2}],"seed_played":"9035899713206593392","potions_obtained":[{"floor":4.0,"key":"Energy Potion"},{"floor":12.0,"key":"Fruit Juice"},{"floor":23.0,"key":"Fire Potion"},{"floor":25,"key":"SteroidPotion"}],"is_trial":false,"path_per_floor":["M","?","$","M","T","R","E","R","T","E","M","M","$","E","R","B",null,"M","?","M","$","?","E","R","E","T","R","M","M","M","?","R","B",null,"M","M","M","?","?","E"],"character_chosen":"DEFECT","items_purchased":["Orichalcum","Sweeping Beam","Weak Potion","Electrodynamics","FocusPotion","Loop","Echo Form"],"campfire_rested":4,"item_purchase_floors":[3,3,13,13,13,21,21],"current_hp_per_floor":[64,42,42,40,40,40,28,47,47,27,22,17,22,18,18,12,55,54,54,54,54,33,15,35,19,19,39,27,7,7,7,27,17,56,40,16,2,2,2,0],"gold":351,"neow_bonus":"TWO_FIFTY_GOLD","is_prod":false,"is_daily":false,"chose_seed":false,"campfire_upgraded":2,"win_rate":0,"timestamp":1556993782,"path_taken":["M","?","$","M","?","R","E","R","T","E","M","M","$","E","R","BOSS","M","?","M","$","?","E","R","E","T","R","?","M","M","?","R","BOSS","M","M","M","?","?","E"],"build_version":"2019-01-23","purchased_purges":2,"victory":false,"max_hp_per_floor":[64,64,64,64,64,64,64,64,64,64,64,64,69,69,69,69,69,69,69,69,69,69,69,69,69,69,69,69,69,69,69,69,69,69,69,69,69,69,69,69],"card_choices":[{"not_picked":["Cold Snap","Glacier"],"picked":"Sunder","floor":1.0},{"not_picked":["Turbo","Reprogram"],"picked":"Genetic Algorithm","floor":4.0},{"not_picked":["Streamline","Redo"],"picked":"Cold Snap","floor":7.0},{"not_picked":["Turbo","Aggregate"],"picked":"Darkness","floor":10.0},{"not_picked":["Turbo","Scrape"],"picked":"Leap","floor":11.0},{"not_picked":["Rebound","Lockon"],"picked":"Undo","floor":12.0},{"not_picked":["Steam","Turbo","Beam Cell"],"picked":"SKIP","floor":14.0},{"not_picked":["Electrodynamics","Fission"],"picked":"Echo Form","floor":16.0},{"not_picked":["Aggregate","Leap"],"picked":"Compile Driver","floor":18.0},{"not_picked":["Scrape","Streamline+1","Beam Cell"],"picked":"SKIP","floor":20.0},{"not_picked":["Chaos","Compile Driver","Steam Power+1"],"picked":"SKIP","floor":23.0},{"not_picked":["Beam Cell","Sweeping Beam","Blizzard"],"picked":"SKIP","floor":25},{"not_picked":["Barrage","Beam Cell","Redo"],"picked":"SKIP","floor":28},{"not_picked":["Undo","Compile Driver"],"picked":"Chill","floor":29},{"not_picked":["Ball Lightning","Reprogram+1"],"picked":"Loop","floor":30},{"not_picked":["Gash+1","Stack","Beam Cell"],"picked":"SKIP","floor":35},{"not_picked":["Beam Cell","Hologram","Heatsinks+1"],"picked":"SKIP","floor":36},{"not_picked":["Sweeping Beam","Steam","Thunder Strike"],"picked":"SKIP","floor":37}],"player_experience":1183983,"relics_obtained":[{"floor":5.0,"key":"Tiny Chest"},{"floor":7.0,"key":"Shuriken"},{"floor":9.0,"key":"Whetstone"},{"floor":10.0,"key":"The Courier"},{"floor":14.0,"key":"Bag of Marbles"},{"floor":22.0,"key":"Nilry\u0027s Codex"},{"floor":23.0,"key":"Dream Catcher"},{"floor":25,"key":"Vajra"}],"event_choices":[{"damage_healed":0.0,"max_hp_gain":0.0,"max_hp_loss":0.0,"gold_gain":0.0,"event_name":"Golden Idol","player_choice":"Take Damage","floor":2.0,"gold_loss":0.0,"damage_taken":22.0,"relics_obtained":["Golden Idol"]},{"damage_healed":0.0,"max_hp_gain":0.0,"max_hp_loss":0.0,"gold_gain":0.0,"event_name":"The Library","player_choice":"Read","floor":19.0,"gold_loss":0.0,"damage_taken":0.0,"cards_obtained":["Consume"]},{"damage_healed":0.0,"max_hp_gain":0.0,"max_hp_loss":0.0,"gold_gain":0.0,"event_name":"Cursed Tome","player_choice":"Obtained Book","floor":22.0,"gold_loss":0.0,"damage_taken":21.0},{"damage_healed":0,"gold_gain":0,"player_choice":"Ignored","damage_taken":0,"max_hp_gain":0,"max_hp_loss":0,"event_name":"Vampires","floor":31,"gold_loss":0},{"damage_healed":0,"gold_gain":0,"player_choice":"Ignored","damage_taken":0,"max_hp_gain":0,"max_hp_loss":0,"event_name":"Mysterious Sphere","floor":38,"gold_loss":0},{"damage_healed":0,"gold_gain":0,"player_choice":"Ignored","damage_taken":0,"max_hp_gain":0,"max_hp_loss":0,"event_name":"Tomb of Lord Red Mask","floor":39,"gold_loss":0}],"is_beta":false,"boss_relics":[{"not_picked":["Runic Dome","Empty Cage"],"picked":"Velvet Choker"},{"not_picked":["Busted Crown","Calling Bell"],"picked":"Cursed Key"}],"items_purged_floors":[3,21],"is_endless":false,"potions_floor_spawned":[4,12,16,23,25],"killed_by":"Reptomancer","ascension_level":20}