{"gold_per_floor":[114,114,114,114,129,129,129,157,157,157,125,152,102,135,135,236,236,252,262,177,56,56,56,82,113,169,188,220,220,232,246,246,343,343,361,361,261,261,261,261,286,161,161,161,192,192,218,237,237,237,237,237,87,120,120],"floor_reached":55,"playtime":3086,"items_purged":["Strike_G","Pain","Injury","Pain"],"score":825,"play_id":"e3d2e105-4f1b-406c-a199-fd30963553dc","local_time":"20190711042804","is_ascension_mode":true,"campfire_choices":[{"data":"Neutralize","floor":6.0,"key":"SMITH"},{"data":"Corpse Explosion","floor":10.0,"key":"SMITH"},{"data":"Acrobatics","floor":15,"key":"SMITH"},{"floor":29,"key":"REST"},{"floor":32,"key":"REST"},{"floor":40,"key":"RECALL"},{"data":"Tactician","floor":44,"key":"SMITH"},{"data":"Noxious Fumes","floor":46,"key":"SMITH"},{"floor":49,"key":"REST"},{"data":"Noxious Fumes","floor":52,"key":"SMITH"}],"neow_cost":"NONE","seed_source_timestamp":232466523166377,"circlet_count":0,"master_deck":["Strike_G","Strike_G","Defend_G","Defend_G","Defend_G","Defend_G","Defend_G","Survivor","Neutralize+1","Backflip","Corpse Explosion+1","Deflect","Acrobatics+1","Tools of the Trade","Deadly Poison","Acrobatics","Well Laid Plans","Blur","Backflip+1","Noxious Fumes+1","Tactician+1","Caltrops","Parasite","Injury","Noxious Fumes+1","Escape Plan+1"],"special_seed":0,"relics":["Ring of the Snake","NeowsBlessing","Gremlin Horn","Pear","Tough Bandages","Cursed Key","Mercury Hourglass","Oddly Smooth Stone","Centennial Puzzle","Tiny Chest","Snake Skull","Orrery","StoneCalendar","Dream Catcher","Question Card","Boot","Kunai","Dodecahedron"],"potions_floor_usage":[12,14,28,28,28,47,50,50],"damage_taken":[{"damage":0.0,"enemies":"Small Slimes","floor":1.0,"turns":1.0},{"damage":0.0,"enemies":"Jaw Worm","floor":4.0,"turns":1.0},{"damage":0.0,"enemies":"Cultist","floor":5.0,"turns":1.0},{"damage":4.0,"enemies":"3 Sentries","floor":8.0,"turns":4.0},{"damage":6,"enemies":"Lagavulin","floor":12,"turns":7},{"damage":7,"enemies":"Gremlin Nob","floor":14,"turns":4},{"damage":59,"enemies":"Hexaghost","floor":16,"turns":13},{"damage":0,"enemies":"Shell Parasite","floor":18,"turns":6},{"damage":13,"enemies":"3 Byrds","floor":19,"turns":2},{"damage":39,"enemies":"Gremlin Leader","floor":25,"turns":6},{"damage":5,"enemies":"Centurion and Healer","floor":27,"turns":5},{"damage":35,"enemies":"Slavers","floor":28,"turns":4},{"damage":1,"enemies":"Snake Plant","floor":30,"turns":5},{"damage":25,"enemies":"Chosen and Byrds","floor":31,"turns":5},{"damage":16,"enemies":"Collector","floor":33,"turns":8},{"damage":3,"enemies":"Orb Walker","floor":35,"turns":5},{"damage":14,"enemies":"Giant Head","floor":45,"turns":11},{"damage":19,"enemies":"Nemesis","floor":47,"turns":7},{"damage":1,"enemies":"3 Darklings","floor":48,"turns":3},{"damage":47,"enemies":"Time Eater","floor":50,"turns":13},{"damage":63,"enemies":"Shield and Spear","floor":54,"turns":6},{"damage":45,"enemies":"The Heart","floor":55,"turns":2}],"seed_played":"8310543113418144225","potions_obtained":[{"floor":1.0,"key":"SteroidPotion"},{"floor":5.0,"key":"GhostInAJar"},{"floor":8.0,"key":"Block Potion"},{"floor":16,"key":"Regen Potion"},{"floor":18,"key":"AttackPotion"},{"floor":27,"key":"PowerPotion"},{"floor":33,"key":"GamblersBrew"},{"floor":35,"key":"Swift Potion"},{"floor":47,"key":"GhostInAJar"},{"floor":48,"key":"LiquidBronze"},{"floor":54,"key":"Ancient Potion"}],"is_trial":false,"path_per_floor":["M","?","?","M","M","R","?","E","T","R","?","E","?","E","R","B",null,"M","M","?","$","?","$","T","E","T","M","E","R","M","M","R","B",null,"M","T","$","?","?","R","T","$","T","R","E","R","E","M","R","B",null,"R","$","E","B"],"character_chosen":"THE_SILENT","items_purchased":["Acrobatics"],"campfire_rested":3,"item_purchase_floors":[21],"current_hp_per_floor":[70,70,70,70,70,70,75,71,71,71,71,75,75,68,68,9,85,85,72,72,72,72,72,72,33,33,28,5,30,29,4,29,13,85,82,82,82,81,81,81,81,81,81,81,67,67,48,47,71,24,81,81,81,18,0],"gold":120,"neow_bonus":"THREE_ENEMY_KILL","is_prod":false,"is_daily":false,"chose_seed":false,"campfire_upgraded":6,"win_rate":0,"timestamp":1562833684,"path_taken":["M","?","?","?","M","R","?","E","T","R","?","E","?","E","R","BOSS","M","M","?","$","?","$","?","E","T","?","E","R","M","M","R","BOSS","M","?","$","?","?","R","?","$","T","R","E","R","E","M","R","BOSS","R","$","E","BOSS"],"build_version":"2019-07-05","purchased_purges":4,"victory":false,"max_hp_per_floor":[70,70,70,70,70,70,75,75,75,75,75,85,85,85,85,85,85,85,85,85,85,85,85,85,85,85,85,85,85,85,85,85,85,85,85,85,85,81,81,81,81,81,81,81,81,81,81,81,81,81,81,81,81,81,81],"card_choices":[{"not_picked":["Crippling Poison","Quick Slash"],"picked":"Backflip","floor":1.0},{"not_picked":["Prepared","Deflect","Acrobatics"],"picked":"SKIP","floor":4.0},{"not_picked":["Quick Slash","Dodge and Roll","Dash"],"picked":"SKIP","floor":5.0},{"not_picked":["Unload","Poisoned Stab"],"picked":"Deflect","floor":8.0},{"not_picked":["Flechettes","Blade Dance","Unload"],"picked":"SKIP","floor":12},{"not_picked":["Bane","Night Terror"],"picked":"Acrobatics","floor":14},{"not_picked":["Burst","Doppelganger"],"picked":"Tools of the Trade","floor":16},{"not_picked":["Cloak And Dagger","Riddle With Holes"],"picked":"Deadly Poison","floor":18},{"not_picked":["Bane+1","Blade Dance","Slice"],"picked":"SKIP","floor":19},{"not_picked":["Deadly Poison","Flying Knee"],"picked":"Well Laid Plans","floor":25},{"not_picked":["Blade Dance+1","Deflect"],"picked":"Blur","floor":27},{"not_picked":["Leg Sweep","Crippling Poison"],"picked":"Backflip+1","floor":28},{"not_picked":["Terror","Deadly Poison+1"],"picked":"Noxious Fumes","floor":30},{"not_picked":["Slice","Accuracy+1","Dodge and Roll"],"picked":"SKIP","floor":31},{"not_picked":["Acrobatics+1","Dagger Throw+1"],"picked":"Tactician","floor":34},{"not_picked":["Sucker Punch","All Out Attack"],"picked":"Caltrops","floor":34},{"not_picked":["Dagger Throw","Deflect+1","Predator"],"picked":"SKIP","floor":35},{"not_picked":["Outmaneuver+1","Skewer+1","Tactician+1"],"picked":"Noxious Fumes","floor":45},{"not_picked":["PiercingWail","Envenom","Underhanded Strike+1","Flying Knee+1"],"picked":"SKIP","floor":47},{"not_picked":["PiercingWail+1","Accuracy+1","Underhanded Strike+1","Slice+1"],"picked":"SKIP","floor":48},{"not_picked":["A Thousand Cuts","Caltrops+1","Well Laid Plans"],"picked":"Escape Plan+1","floor":54}],"player_experience":104746,"relics_obtained":[{"floor":8.0,"key":"Gremlin Horn"},{"floor":12,"key":"Pear"},{"floor":14,"key":"Tough Bandages"},{"floor":24,"key":"Oddly Smooth Stone"},{"floor":25,"key":"Centennial Puzzle"},{"floor":26,"key":"Tiny Chest"},{"floor":28,"key":"Snake Skull"},{"floor":36,"key":"StoneCalendar"},{"floor":41,"key":"Dream Catcher"},{"floor":43,"key":"Question Card"},{"floor":45,"key":"Boot"},{"floor":47,"key":"Kunai"},{"floor":54,"key":"Dodecahedron"}],"event_choices":[{"damage_healed":0.0,"max_hp_gain":0.0,"max_hp_loss":0.0,"gold_gain":0.0,"event_name":"Golden Idol","player_choice":"Ignored","floor":2.0,"gold_loss":0.0,"damage_taken":0.0},{"damage_healed":0.0,"max_hp_gain":0.0,"max_hp_loss":0.0,"gold_gain":0.0,"event_name":"Match and Keep!","player_choice":"1 cards matched","floor":3.0,"gold_loss":0.0,"damage_taken":0.0,"cards_obtained":["Corpse Explosion"]},{"damage_healed":0.0,"max_hp_gain":5.0,"max_hp_loss":0.0,"gold_gain":0.0,"event_name":"Big Fish","player_choice":"Donut","floor":7.0,"gold_loss":0.0,"damage_taken":0.0},{"damage_healed":0.0,"max_hp_gain":0.0,"max_hp_loss":0.0,"gold_gain":0.0,"event_name":"World of Goop","player_choice":"Left Gold","floor":11.0,"gold_loss":32.0,"damage_taken":0.0},{"cards_removed":["Strike_G"],"damage_healed":0,"gold_gain":0,"player_choice":"Card Removal","damage_taken":0,"max_hp_gain":0,"max_hp_loss":0,"event_name":"The Cleric","floor":13,"gold_loss":50},{"damage_healed":0,"gold_gain":0,"player_choice":"Obtained Relic","damage_taken":0,"relics_obtained":["Mercury Hourglass"],"max_hp_gain":0,"max_hp_loss":0,"event_name":"Addict","floor":20,"gold_loss":85},{"damage_healed":0,"gold_gain":0,"player_choice":"Ignored","damage_taken":0,"max_hp_gain":0,"max_hp_loss":0,"event_name":"The Mausoleum","floor":22,"gold_loss":0},{"damage_healed":0,"gold_gain":0,"player_choice":"Max HP","damage_taken":0,"max_hp_gain":0,"max_hp_loss":4,"event_name":"Winding Halls","floor":38,"gold_loss":0},{"cards_removed":["Strike_G"],"damage_healed":0,"gold_gain":0,"player_choice":"Removed Attack","damage_taken":0,"max_hp_gain":0,"max_hp_loss":0,"event_name":"Falling","floor":39,"gold_loss":0}],"is_beta":false,"boss_relics":[{"not_picked":["Lizard Tail","Velvet Choker"],"picked":"Cursed Key"},{"not_picked":["HoveringKite","Runic Dome"],"picked":"Orrery"}],"items_purged_floors":[21,37,42,53],"is_endless":false,"potions_floor_spawned":[1,5,8,16,18,27,33,35,47,48,54],"killed_by":"The Heart","ascension_level":2}