{"gold_per_floor":[364,364,375,525,31,31,31,56,56,56,85,104,133,58,58,133,133,152,177,177,20,30,30,57,69,81,93,117,149,161,184,196,283,295,318,380,58,70,86,86,97,128,155,165,165,183,213,435,435,435,435,435,435,3,30,30],"floor_reached":56,"playtime":4843,"items_purged":["Strike_G","Strike_G"],"score":1941,"play_id":"80f94759-db8b-4d53-a6c5-2f686f799cf2","local_time":"20190530001304","is_ascension_mode":true,"campfire_choices":[{"data":"Deadly Poison","floor":6,"key":"SMITH"},{"floor":10,"key":"REST"},{"data":"Noxious Fumes","floor":15,"key":"SMITH"},{"data":"Ghostly","floor":23,"key":"SMITH"},{"data":"Ghostly","floor":30,"key":"SMITH"},{"data":"Ghostly","floor":32,"key":"SMITH"},{"data":"Corpse Explosion","floor":40,"key":"SMITH"},{"floor":45,"key":"REST"},{"floor":49,"key":"RECALL"},{"data":"After Image","floor":53,"key":"SMITH"}],"neow_cost":"TEN_PERCENT_HP_LOSS","seed_source_timestamp":1222993013815041,"circlet_count":0,"master_deck":["AscendersBane","Defend_G","Defend_G","Defend_G","Defend_G","Defend_G","Strike_G","Strike_G","Strike_G","Survivor","Neutralize+1","Quick Slash","Deadly Poison+1","Noxious Fumes+1","Dash","After Image","PiercingWail","Ghostly+1","Ghostly+1","Ghostly+1","Corpse Explosion+1","Poisoned Stab+1","Escape Plan+1","After Image+1","Prepared+1"],"relics":["Ring of the Snake","TwistedFunnel","Pantograph","Nunchaku","Regal Pillow","Potion Belt","Odd Mushroom","Gremlin Horn","Busted Crown","Red Mask","MawBank","Pen Nib","Runic Pyramid","Bag of Marbles","Ornamental Fan","Letter Opener","Paper Crane","Anchor"],"potions_floor_usage":[8,16,19,19,24,33,33,38,41,50,51,56,56,56],"damage_taken":[{"damage":8,"enemies":"Cultist","floor":1,"turns":4},{"damage":2,"enemies":"Jaw Worm","floor":3,"turns":4},{"damage":23,"enemies":"Gremlin Nob","floor":8,"turns":4},{"damage":6,"enemies":"The Mushroom Lair","floor":11,"turns":4},{"damage":0,"enemies":"Small Slimes","floor":12,"turns":2},{"damage":22,"enemies":"Lagavulin","floor":13,"turns":6},{"damage":51,"enemies":"Slime Boss","floor":16,"turns":11},{"damage":17,"enemies":"2 Thieves","floor":18,"turns":4},{"damage":14,"enemies":"Masked Bandits","floor":19,"turns":5},{"damage":12,"enemies":"Shell Parasite","floor":22,"turns":6},{"damage":16,"enemies":"Book of Stabbing","floor":24,"turns":7},{"damage":1,"enemies":"3 Cultists","floor":28,"turns":5},{"damage":3,"enemies":"Snake Plant","floor":29,"turns":5},{"damage":6,"enemies":"Snecko","floor":31,"turns":5},{"damage":23,"enemies":"Champ","floor":33,"turns":14},{"damage":4,"enemies":"Orb Walker","floor":35,"turns":5},{"damage":0,"enemies":"3 Shapes","floor":38,"turns":3},{"damage":1,"enemies":"Writhing Mass","floor":39,"turns":7},{"damage":11,"enemies":"Transient","floor":41,"turns":6},{"damage":4,"enemies":"Reptomancer","floor":42,"turns":7},{"damage":0,"enemies":"Maw","floor":44,"turns":8},{"damage":0,"enemies":"Spire Growth","floor":46,"turns":5},{"damage":2,"enemies":"Nemesis","floor":47,"turns":11},{"damage":28,"enemies":"Awakened One","floor":50,"turns":17},{"damage":26,"enemies":"Time Eater","floor":51,"turns":16},{"damage":0,"enemies":"Shield and Spear","floor":55,"turns":7},{"damage":30,"enemies":"The Heart","floor":56,"turns":11}],"seed_played":"2955800111974577791","potions_obtained":[{"floor":3,"key":"EssenceOfSteel"},{"floor":8,"key":"Regen Potion"},{"floor":12,"key":"GhostInAJar"},{"floor":13,"key":"Block Potion"},{"floor":16,"key":"AttackPotion"},{"floor":22,"key":"Regen Potion"},{"floor":24,"key":"SteroidPotion"},{"floor":28,"key":"GamblersBrew"},{"floor":31,"key":"Swift Potion"},{"floor":35,"key":"GhostInAJar"},{"floor":41,"key":"AttackPotion"},{"floor":42,"key":"LiquidBronze"}],"is_trial":false,"path_per_floor":["M","?","M","?","$","R","T","E","T","R","?","M","E","?","R","B",null,"M","?","?","$","M","R","E","?","T","$","M","M","R","M","R","B",null,"M","?","$","M","M","R","M","E","T","M","R","M","E","?","R","B","B",null,"R","$","E","B"],"character_chosen":"THE_SILENT","items_purchased":["TwistedFunnel","Pantograph","Corpse Explosion","Bag of Marbles","Regen Potion","Paper Crane","Swift Potion"],"campfire_rested":2,"item_purchase_floors":[5,5,21,37,37,54,54],"current_hp_per_floor":[51,51,49,49,49,49,49,26,26,59,53,53,31,31,31,5,46,29,29,29,29,17,17,16,16,16,16,15,12,12,6,6,7,24,20,17,17,26,25,25,14,10,10,10,30,30,28,28,28,2,1,23,23,23,23,0],"gold":30,"neow_bonus":"TWO_FIFTY_GOLD","is_prod":false,"is_daily":false,"chose_seed":false,"campfire_upgraded":7,"win_rate":0,"timestamp":1559189584,"path_taken":["M","?","?","?","$","R","?","E","T","R","?","M","E","?","R","BOSS","M","?","?","$","M","R","E","?","T","$","M","M","R","M","R","BOSS","M","?","$","M","M","R","M","E","T","?","R","?","E","?","R","BOSS","BOSS","R","$","E","BOSS"],"build_version":"2019-01-23","purchased_purges":2,"victory":false,"max_hp_per_floor":[60,60,60,60,60,60,60,60,60,60,60,60,60,60,60,60,60,60,60,30,30,30,30,30,30,30,30,30,30,30,30,30,30,30,30,30,30,30,30,30,30,30,30,30,30,30,30,30,30,30,30,30,30,30,30,30],"card_choices":[{"not_picked":["Cloak And Dagger","Bane"],"picked":"Quick Slash","floor":1},{"not_picked":["PiercingWail","Poisoned Stab"],"picked":"Deadly Poison","floor":3},{"not_picked":["Outmaneuver","Riddle With Holes","Heel Hook"],"picked":"SKIP","floor":8},{"not_picked":["Underhanded Strike","Die Die Die"],"picked":"Noxious Fumes","floor":11},{"not_picked":["Terror","Quick Slash"],"picked":"Dash","floor":12},{"not_picked":["Outmaneuver","Distraction","Dodge and Roll"],"picked":"SKIP","floor":13},{"not_picked":["Die Die Die","Storm of Steel"],"picked":"After Image","floor":16},{"not_picked":[],"picked":"PiercingWail","floor":18},{"not_picked":[],"picked":"Poisoned Stab+1","floor":22},{"not_picked":[],"picked":"Escape Plan+1","floor":24},{"not_picked":["Heel Hook"],"picked":"SKIP","floor":28},{"not_picked":["Finisher"],"picked":"SKIP","floor":29},{"not_picked":["Dagger Spray+1"],"picked":"SKIP","floor":31},{"not_picked":[],"picked":"After Image","floor":33},{"not_picked":["Quick Slash"],"picked":"SKIP","floor":35},{"not_picked":["Terror"],"picked":"SKIP","floor":38},{"not_picked":["Acrobatics"],"picked":"SKIP","floor":39},{"not_picked":["Underhanded Strike"],"picked":"SKIP","floor":41},{"not_picked":["Cloak And Dagger"],"picked":"SKIP","floor":42},{"not_picked":["Endless Agony"],"picked":"SKIP","floor":44},{"not_picked":["Quick Slash+1"],"picked":"SKIP","floor":46},{"not_picked":[],"picked":"Prepared+1","floor":47},{"not_picked":["Slice"],"picked":"SKIP","floor":55}],"player_experience":1451063,"relics_obtained":[{"floor":7,"key":"Nunchaku"},{"floor":8,"key":"Regal Pillow"},{"floor":9,"key":"Potion Belt"},{"floor":11,"key":"Odd Mushroom"},{"floor":13,"key":"Gremlin Horn"},{"floor":19,"key":"Red Mask"},{"floor":24,"key":"MawBank"},{"floor":26,"key":"Pen Nib"},{"floor":42,"key":"Ornamental Fan"},{"floor":47,"key":"Letter Opener"},{"floor":55,"key":"Anchor"}],"event_choices":[{"damage_healed":0,"gold_gain":0,"player_choice":"Upgraded","damage_taken":0,"max_hp_gain":0,"max_hp_loss":0,"event_name":"Upgrade Shrine","floor":2,"gold_loss":0,"cards_upgraded":["Neutralize"]},{"damage_healed":0,"gold_gain":150,"player_choice":"AGREE","damage_taken":0,"max_hp_gain":0,"max_hp_loss":0,"event_name":"Liars Game","floor":4,"gold_loss":0,"cards_obtained":["Doubt"]},{"damage_healed":0,"gold_gain":0,"player_choice":"Fought Mushrooms","damage_taken":0,"max_hp_gain":0,"max_hp_loss":0,"event_name":"Mushrooms","floor":11,"gold_loss":0},{"cards_removed":["Doubt"],"damage_healed":0,"gold_gain":0,"player_choice":"Card Removal","damage_taken":0,"max_hp_gain":0,"max_hp_loss":0,"event_name":"The Cleric","floor":14,"gold_loss":75},{"damage_healed":0,"gold_gain":0,"player_choice":"Fought Bandits","damage_taken":0,"max_hp_gain":0,"max_hp_loss":0,"event_name":"Masked Bandits","floor":19,"gold_loss":0},{"damage_healed":0,"gold_gain":0,"player_choice":"Became a Ghost","damage_taken":0,"max_hp_gain":0,"max_hp_loss":30,"event_name":"Ghosts","floor":20,"gold_loss":0,"cards_obtained":["Ghostly","Ghostly","Ghostly"]},{"damage_healed":0,"gold_gain":50,"player_choice":"Touch","damage_taken":3,"max_hp_gain":0,"max_hp_loss":0,"event_name":"FaceTrader","floor":36,"gold_loss":0},{"damage_healed":0,"gold_gain":222,"player_choice":"Wore Mask","damage_taken":0,"max_hp_gain":0,"max_hp_loss":0,"event_name":"Tomb of Lord Red Mask","floor":48,"gold_loss":0}],"is_beta":false,"boss_relics":[{"not_picked":["Runic Dome","Lizard Tail"],"picked":"Busted Crown"},{"not_picked":["Empty Cage","Black Star"],"picked":"Runic Pyramid"}],"items_purged_floors":[37,54],"is_endless":false,"potions_floor_spawned":[3,8,12,13,16,22,24,28,31,35,41,42,44],"killed_by":"The Heart","ascension_level":20}