{"gold_per_floor":[110,120,120,133,133,159,159,176,257,257,276,302,302,337,349,440,452,482,510,540,566,578,590,629,641,705,733,745],"floor_reached":28,"playtime":1206,"items_purged":[],"score":670,"play_id":"ce15c0f5-7260-413d-a883-b73adc6fc54e","local_time":"20190527195512","is_ascension_mode":true,"campfire_choices":[{"data":"Doom and Gloom","floor":7.0,"key":"SMITH"},{"data":"Defragment","floor":10.0,"key":"SMITH"},{"floor":13,"key":"REST"},{"data":"Loop","floor":15,"key":"SMITH"},{"floor":23,"key":"REST"}],"neow_cost":"NONE","seed_source_timestamp":1038342013112935,"circlet_count":0,"master_deck":["AscendersBane","Strike_B+1","Defend_B+1","Defend_B+1","Defend_B+1","Defend_B+1","Zap","Dualcast","Ball Lightning","Doom and Gloom+1","Defragment+1","Coolheaded","Hologram","Loop+1","Doom and Gloom","Echo Form","Chill","Defragment","Undo","Static Discharge","Barrage","Consume+1"],"special_seed":0,"relics":["Cracked Core","Vajra","Turnip","Bag of Preparation","Cables","Happy Flower","MawBank","Philosopher\u0027s Stone","Toxic Egg 2","DataDisk"],"potions_floor_usage":[18],"damage_taken":[{"damage":7.0,"enemies":"Small Slimes","floor":1.0,"turns":3.0},{"damage":1.0,"enemies":"Cultist","floor":2.0,"turns":3.0},{"damage":4.0,"enemies":"2 Louse","floor":4.0,"turns":2.0},{"damage":6.0,"enemies":"Gremlin Nob","floor":6.0,"turns":3.0},{"damage":0.0,"enemies":"Large Slime","floor":8.0,"turns":3.0},{"damage":0.0,"enemies":"2 Fungi Beasts","floor":11.0,"turns":2.0},{"damage":17,"enemies":"Lagavulin","floor":12,"turns":4},{"damage":25,"enemies":"3 Sentries","floor":14,"turns":5},{"damage":0,"enemies":"Slime Boss","floor":16,"turns":5},{"damage":15,"enemies":"3 Byrds","floor":18,"turns":3},{"damage":17,"enemies":"Shell Parasite","floor":19,"turns":4},{"damage":9,"enemies":"3 Cultists","floor":20,"turns":3},{"damage":4,"enemies":"Snake Plant","floor":21,"turns":3},{"damage":14,"enemies":"Book of Stabbing","floor":24,"turns":5},{"damage":0,"enemies":"Centurion and Healer","floor":27,"turns":13},{"damage":32,"enemies":"Slavers","floor":28,"turns":1}],"seed_played":"-9010338564975217137","potions_obtained":[{"floor":8.0,"key":"LiquidBronze"},{"floor":11.0,"key":"SneckoOil"},{"floor":12,"key":"SpeedPotion"},{"floor":14,"key":"FairyPotion"},{"floor":16,"key":"Fire Potion"},{"floor":19,"key":"AttackPotion"},{"floor":20,"key":"Ancient Potion"}],"is_trial":false,"path_per_floor":["M","M","?","M","?","E","R","M","T","R","M","E","R","E","R","B",null,"M","M","M","M","?","R","E","?","T","M","E"],"character_chosen":"DEFECT","items_purchased":[],"campfire_rested":2,"item_purchase_floors":[],"current_hp_per_floor":[57,56,56,52,52,46,46,46,46,46,46,29,50,25,25,25,60,45,28,19,15,15,36,22,22,22,22,0],"gold":745,"neow_bonus":"RANDOM_COMMON_RELIC","is_prod":false,"is_daily":false,"chose_seed":false,"campfire_upgraded":3,"win_rate":0,"timestamp":1559001312,"path_taken":["M","M","?","?","?","E","R","M","T","R","M","E","R","E","R","BOSS","M","?","?","M","?","R","E","?","T","M","E"],"build_version":"2019-01-23","purchased_purges":0,"victory":false,"max_hp_per_floor":[71,71,71,71,71,71,71,71,71,71,71,71,71,71,71,71,71,71,71,71,71,71,71,71,71,71,71,71],"card_choices":[{"not_picked":["Go for the Eyes","Melter"],"picked":"Ball Lightning","floor":1.0},{"not_picked":["Turbo","Heatsinks"],"picked":"Hologram","floor":2.0},{"not_picked":["Hello World","Conserve Battery"],"picked":"Doom and Gloom","floor":4.0},{"not_picked":["Coolheaded","Redo"],"picked":"Defragment","floor":6.0},{"not_picked":["Scrape","Leap"],"picked":"Coolheaded","floor":8.0},{"not_picked":["Rebound","Stack"],"picked":"Hologram","floor":11.0},{"not_picked":["Skim","Hologram"],"picked":"Loop","floor":12},{"not_picked":["Ball Lightning","BootSequence"],"picked":"Doom and Gloom","floor":14},{"not_picked":["Thunder Strike","Meteor Strike"],"picked":"Echo Form","floor":16},{"not_picked":["Gash","Beam Cell"],"picked":"Chill","floor":18},{"not_picked":["Barrage","Hello World"],"picked":"Defragment","floor":19},{"not_picked":["Streamline","Auto Shields"],"picked":"Undo","floor":20},{"not_picked":["Leap","Beam Cell","Steam Power"],"picked":"SKIP","floor":21},{"not_picked":["Rip and Tear","Reprogram"],"picked":"Static Discharge","floor":24},{"not_picked":["Chaos+1","Ball Lightning","Beam Cell"],"picked":"SKIP","floor":27}],"player_experience":1424675,"relics_obtained":[{"floor":6.0,"key":"Bag of Preparation"},{"floor":9.0,"key":"Cables"},{"floor":12,"key":"Happy Flower"},{"floor":14,"key":"MawBank"},{"floor":24,"key":"Toxic Egg 2"},{"floor":26,"key":"DataDisk"}],"event_choices":[{"cards_removed":["Hologram"],"damage_healed":0.0,"max_hp_gain":0.0,"max_hp_loss":0.0,"gold_gain":0.0,"event_name":"WeMeetAgain","player_choice":"Gave Card","floor":3.0,"gold_loss":0.0,"damage_taken":0.0,"relics_obtained":["Turnip"]},{"cards_removed":["Strike_B"],"damage_healed":0.0,"max_hp_gain":0.0,"max_hp_loss":0.0,"gold_gain":0.0,"event_name":"Bonfire Elementals","player_choice":"Offered Basic","floor":5.0,"gold_loss":0.0,"damage_taken":0.0},{"damage_healed":0,"gold_gain":0,"player_choice":"Simplicity","damage_taken":0,"max_hp_gain":0,"max_hp_loss":0,"event_name":"Back to Basics","floor":22,"gold_loss":0,"cards_upgraded":["Strike_B","Strike_B","Strike_B","Defend_B","Defend_B","Defend_B","Defend_B"]},{"damage_healed":0,"gold_gain":0,"cards_transformed":["Strike_B","Strike_B"],"player_choice":"Became Test Subject","damage_taken":0,"max_hp_gain":0,"max_hp_loss":0,"event_name":"Drug Dealer","floor":25,"gold_loss":0,"cards_obtained":["Barrage","Consume"]}],"is_beta":false,"boss_relics":[{"not_picked":["Calling Bell","Ectoplasm"],"picked":"Philosopher\u0027s Stone"}],"items_purged_floors":[],"is_endless":false,"potions_floor_spawned":[8,11,12,14,16,19,20,21],"killed_by":"Slavers","ascension_level":20}