{"gold_per_floor":[127,151,163,186,198,210,241,289,347,359],"floor_reached":10,"playtime":361,"items_purged":[],"score":136,"play_id":"5e1bc93d-8ad1-4ead-9bc6-af55a335c280","local_time":"20190602130214","is_ascension_mode":true,"campfire_choices":[{"floor":6,"key":"REST"}],"neow_cost":"NONE","seed_source_timestamp":1532820318243651,"circlet_count":0,"master_deck":["AscendersBane","Defend_G","Defend_G","Defend_G","Defend_G","Defend_G","Strike_G","Strike_G","Strike_G","Strike_G","Survivor","Neutralize","Terror","Flying Knee","Well Laid Plans","Backstab","PiercingWail"],"relics":["Ring of the Snake","MawBank","Golden Idol","Mummified Hand"],"potions_floor_usage":[8,10],"damage_taken":[{"damage":3,"enemies":"Small Slimes","floor":1,"turns":5},{"damage":0,"enemies":"Cultist","floor":2,"turns":4},{"damage":0,"enemies":"Jaw Worm","floor":4,"turns":4},{"damage":2,"enemies":"2 Fungi Beasts","floor":7,"turns":4},{"damage":31,"enemies":"Gremlin Nob","floor":8,"turns":4},{"damage":19,"enemies":"3 Sentries","floor":10,"turns":6}],"seed_played":"-2057297146348194016","potions_obtained":[{"floor":1,"key":"PowerPotion"},{"floor":4,"key":"GhostInAJar"}],"is_trial":false,"path_per_floor":["M","M","?","M","?","R","M","E","T","E"],"character_chosen":"THE_SILENT","items_purchased":[],"campfire_rested":1,"item_purchase_floors":[],"current_hp_per_floor":[56,56,56,56,33,52,50,19,19,0],"gold":359,"neow_bonus":"RANDOM_COMMON_RELIC","is_prod":false,"is_daily":false,"chose_seed":false,"campfire_upgraded":0,"win_rate":0,"timestamp":1559494934,"path_taken":["M","M","?","?","?","R","M","E","T","E"],"build_version":"2019-01-23","purchased_purges":0,"victory":false,"max_hp_per_floor":[66,66,66,66,66,66,66,66,66,66],"card_choices":[{"not_picked":["Escape Plan","Blur"],"picked":"Terror","floor":1},{"not_picked":["Acrobatics","Blade Dance"],"picked":"Flying Knee","floor":2},{"not_picked":["Deadly Poison","Accuracy"],"picked":"Well Laid Plans","floor":4},{"not_picked":["Footwork","Flechettes"],"picked":"Backstab","floor":7},{"not_picked":["Quick Slash","Unload"],"picked":"PiercingWail","floor":8}],"player_experience":1482788,"relics_obtained":[{"floor":8,"key":"Mummified Hand"}],"event_choices":[{"cards_removed":["Strike_G"],"damage_healed":0,"gold_gain":0,"player_choice":"Card Removal","damage_taken":0,"max_hp_gain":0,"max_hp_loss":0,"event_name":"Wheel of Change","floor":3,"gold_loss":0},{"damage_healed":0,"gold_gain":0,"player_choice":"Take Damage","damage_taken":23,"relics_obtained":["Golden Idol"],"max_hp_gain":0,"max_hp_loss":0,"event_name":"Golden Idol","floor":5,"gold_loss":0}],"is_beta":false,"boss_relics":[],"items_purged_floors":[],"is_endless":false,"potions_floor_spawned":[1,4],"killed_by":"3 Sentries","ascension_level":20}