{"gold_per_floor":[112,37,53,71,71,104,104,104,151,163,163,198,198,218,218,292,292,307,67,67,87,1,26,26,58,58,58,89,104,115,128,128,128],"floor_reached":33,"playtime":1655,"items_purged":["Strike_G","Strike_G"],"score":592,"play_id":"3dc24224-e965-4d5b-a150-c33f7f7e5ac2","local_time":"20180921170932","is_ascension_mode":true,"campfire_choices":[{"data":"Caltrops","floor":7,"key":"SMITH"},{"data":"Neutralize","floor":11,"key":"SMITH"},{"data":"Cloak And Dagger","floor":13,"key":"SMITH"},{"data":"Sucker Punch","floor":15,"key":"SMITH"},{"floor":24,"key":"REST"},{"data":"Glass Knife","floor":27,"key":"SMITH"},{"floor":32,"key":"REST"}],"neow_cost":"NONE","seed_source_timestamp":747278592685448,"circlet_count":0,"master_deck":["Defend_G","Defend_G","Defend_G","Defend_G","Defend_G","Strike_G","Strike_G","Strike_G","Survivor","Neutralize+1","AscendersBane","Caltrops+1","Sucker Punch+1","Glass Knife+1","All Out Attack","Injury","Cloak And Dagger+1","Dash","Bullet Time","Cloak And Dagger+1","Well Laid Plans","Dodge and Roll","Heel Hook","Accuracy","Footwork","Storm of Steel","Backflip"],"relics":["Ring of the Snake","Bag of Marbles","PreservedInsect","Darkstone Periapt","WristBlade","Blood Vial","Singing Bowl","Mummified Hand","Dodecahedron"],"potions_floor_usage":[1,6,23,23,30,33],"damage_taken":[{"damage":0,"enemies":"Small Slimes","floor":1,"turns":3},{"damage":1,"enemies":"2 Louse","floor":3,"turns":3},{"damage":0,"enemies":"Cultist","floor":4,"turns":5},{"damage":13,"enemies":"3 Sentries","floor":6,"turns":11},{"damage":20,"enemies":"Exordium Wildlife","floor":10,"turns":4},{"damage":7,"enemies":"Gremlin Nob","floor":12,"turns":3},{"damage":0,"enemies":"Red Slaver","floor":14,"turns":3},{"damage":30,"enemies":"The Guardian","floor":16,"turns":15},{"damage":11,"enemies":"Shell Parasite","floor":18,"turns":4},{"damage":0,"enemies":"2 Thieves","floor":21,"turns":2},{"damage":41,"enemies":"Gremlin Leader","floor":23,"turns":6},{"damage":23,"enemies":"Slavers","floor":25,"turns":5},{"damage":9,"enemies":"Book of Stabbing","floor":28,"turns":4},{"damage":14,"enemies":"Snake Plant","floor":29,"turns":1},{"damage":7,"enemies":"Snecko","floor":30,"turns":4},{"damage":0,"enemies":"Centurion and Healer","floor":31,"turns":6},{"damage":49,"enemies":"Collector","floor":33,"turns":6}],"seed_played":"2446053090309527152","potions_obtained":[{"floor":1,"key":"Fruit Juice"},{"floor":4,"key":"EssenceOfSteel"},{"floor":10,"key":"Dexterity Potion"},{"floor":16,"key":"Strength Potion"},{"floor":18,"key":"Regen Potion"},{"floor":29,"key":"Weak Potion"},{"floor":30,"key":"Weak Potion"},{"floor":31,"key":"Energy Potion"}],"is_trial":false,"path_per_floor":["M","$","M","M","?","E","R","?","T","M","R","E","R","M","R","B",null,"M","$","?","M","$","E","R","E","T","R","E","M","M","M","R"],"character_chosen":"THE_SILENT","items_purchased":["Well Laid Plans","Dodge and Roll","Accuracy"],"campfire_rested":2,"item_purchase_floors":[19,19,22],"current_hp_per_floor":[70,70,69,69,74,61,61,61,61,41,41,34,34,34,34,4,63,52,52,52,52,52,26,50,31,31,31,24,14,9,11,36,0],"gold":128,"neow_bonus":"TEN_PERCENT_HP_BONUS","is_prod":false,"is_daily":false,"chose_seed":false,"campfire_upgraded":5,"win_rate":0,"timestamp":1537564172,"path_taken":["M","$","M","M","?","E","R","?","T","M","R","E","R","M","R","BOSS","M","$","?","M","?","E","R","E","T","R","E","?","M","M","R","BOSS"],"build_version":"2018-09-20","purchased_purges":2,"victory":false,"max_hp_per_floor":[77,77,77,77,82,82,82,82,82,82,82,82,82,82,82,82,82,82,82,82,82,82,82,82,84,84,84,84,86,86,86,86,86],"card_choices":[{"not_picked":["Acrobatics","Deflect"],"picked":"Caltrops","floor":1},{"not_picked":["Quick Slash","Finisher"],"picked":"Sucker Punch","floor":3},{"not_picked":["Dodge and Roll","Riddle With Holes"],"picked":"Glass Knife","floor":4},{"not_picked":["Outmaneuver","Poisoned Stab"],"picked":"All Out Attack","floor":6},{"not_picked":["Endless Agony","Underhanded Strike"],"picked":"Cloak And Dagger","floor":10},{"not_picked":["Tactician","Caltrops","Flechettes"],"picked":"SKIP","floor":12},{"not_picked":["Deadly Poison","Die Die Die"],"picked":"Dash","floor":14},{"not_picked":["Venomology","Doppelganger"],"picked":"Bullet Time","floor":16},{"not_picked":["Expertise","Heel Hook"],"picked":"Cloak And Dagger","floor":18},{"not_picked":["Noxious Fumes","Bouncing Flask"],"picked":"Heel Hook","floor":21},{"not_picked":["Well Laid Plans","Catalyst","Reflex"],"picked":"SKIP","floor":23},{"not_picked":["Dagger Spray","Dagger Throw","Quick Slash"],"picked":"Singing Bowl","floor":25},{"not_picked":["Caltrops","Masterful Stab"],"picked":"Footwork","floor":28},{"not_picked":["Deadly Poison","Dagger Throw+1","Quick Slash"],"picked":"Singing Bowl","floor":29},{"not_picked":["Prepared","Deadly Poison"],"picked":"Storm of Steel","floor":30},{"not_picked":["Reflex","Quick Slash"],"picked":"Backflip","floor":31}],"player_experience":506428,"relics_obtained":[{"floor":6,"key":"Bag of Marbles"},{"floor":9,"key":"PreservedInsect"},{"floor":12,"key":"Darkstone Periapt"},{"floor":23,"key":"Blood Vial"},{"floor":25,"key":"Singing Bowl"},{"floor":26,"key":"Mummified Hand"},{"floor":28,"key":"Dodecahedron"}],"event_choices":[{"event_name":"Big Fish","player_choice":"Donut","floor":5,"damage_taken":0},{"event_name":"Match and Keep!","player_choice":"1 cards matched","floor":8,"damage_taken":0},{"event_name":"Upgrade Shrine","player_choice":"Upgraded","floor":20,"damage_taken":0}],"is_beta":false,"boss_relics":[{"not_picked":["Fusion Hammer","Eternal Feather"],"picked":"WristBlade"}],"items_purged_floors":[2,19],"is_endless":false,"potions_floor_spawned":[1,4,10,16,18,21,29,30,31],"killed_by":"Collector","ascension_level":16}