{"gold_per_floor":[362,512,9,24,37,62,62,72,72,106,125,125,152,163,163,242,242,217,117,131,131],"floor_reached":21,"playtime":1377,"items_purged":["Doubt","Strike_R"],"score":502,"play_id":"68198516-4649-4f67-b492-18178489af02","local_time":"20190528215252","is_ascension_mode":true,"campfire_choices":[{"floor":7,"key":"REST"},{"floor":12,"key":"REST"},{"data":"Armaments","floor":15,"key":"SMITH"}],"neow_cost":"PERCENT_DAMAGE","seed_source_timestamp":1131644551103111,"circlet_count":0,"master_deck":["AscendersBane","Strike_R","Strike_R","Defend_R","Defend_R","Defend_R","Defend_R","Bash","Hemokinesis","Metallicize","Clothesline","Armaments+1","Pummel","Barricade","Thunderclap","Flame Barrier","Havoc","Body Slam","Impervious"],"relics":["Burning Blood","Incense Burner","Centennial Puzzle","Ornamental Fan","Darkstone Periapt","Blood Vial","Empty Cage"],"potions_floor_usage":[10],"damage_taken":[{"damage":9,"enemies":"Jaw Worm","floor":1,"turns":6},{"damage":11,"enemies":"Small Slimes","floor":4,"turns":4},{"damage":0,"enemies":"Cultist","floor":5,"turns":4},{"damage":34,"enemies":"3 Sentries","floor":6,"turns":12},{"damage":10,"enemies":"Red Slaver","floor":8,"turns":6},{"damage":14,"enemies":"Gremlin Nob","floor":10,"turns":5},{"damage":15,"enemies":"Gremlin Gang","floor":11,"turns":9},{"damage":10,"enemies":"Lagavulin","floor":13,"turns":9},{"damage":3,"enemies":"Blue Slaver","floor":14,"turns":9},{"damage":3,"enemies":"The Guardian","floor":16,"turns":11},{"damage":26,"enemies":"2 Thieves","floor":18,"turns":4},{"damage":11,"enemies":"3 Byrds","floor":20,"turns":9},{"damage":39,"enemies":"Colosseum Slavers","floor":21,"turns":7}],"seed_played":"-8433925302189910173","potions_obtained":[{"floor":1,"key":"SpeedPotion"},{"floor":6,"key":"AttackPotion"},{"floor":14,"key":"EssenceOfSteel"}],"is_trial":false,"path_per_floor":["M","?","$","M","M","E","R","M","T","E","M","R","E","M","R","B",null,"M","$","M","?"],"character_chosen":"IRONCLAD","items_purchased":["Metallicize","Incense Burner","Clothesline"],"campfire_rested":2,"item_purchase_floors":[3,3,3],"current_hp_per_floor":[47,47,47,42,48,20,42,38,38,30,21,43,39,44,44,49,69,51,51,48,11],"gold":131,"neow_bonus":"TWO_FIFTY_GOLD","is_prod":false,"is_daily":false,"chose_seed":false,"campfire_upgraded":1,"win_rate":0,"timestamp":1559094772,"path_taken":["M","?","$","M","M","E","R","M","T","E","M","R","E","M","R","BOSS","M","$","M","?"],"build_version":"2019-01-23","purchased_purges":2,"victory":false,"max_hp_per_floor":[75,75,75,75,75,75,75,75,75,75,75,75,75,75,75,75,75,75,75,75,75],"card_choices":[{"not_picked":["Reckless Charge","Body Slam"],"picked":"Hemokinesis","floor":1},{"not_picked":["Clothesline","Body Slam","Clash"],"picked":"SKIP","floor":4},{"not_picked":["Clothesline","Body Slam","Clash"],"picked":"SKIP","floor":4},{"not_picked":["Headbutt","Havoc"],"picked":"Armaments","floor":5},{"not_picked":["Body Slam","Searing Blow"],"picked":"Pummel","floor":6},{"not_picked":["Anger","Combust"],"picked":"Barricade","floor":8},{"not_picked":["Flex","Clothesline"],"picked":"Thunderclap","floor":10},{"not_picked":["True Grit","Wild Strike"],"picked":"Flame Barrier","floor":11},{"not_picked":["Cleave","Barricade"],"picked":"Havoc","floor":13},{"not_picked":["Clash","Pommel Strike"],"picked":"Body Slam","floor":14},{"not_picked":["Limit Break","Dark Embrace"],"picked":"Impervious","floor":16},{"not_picked":["Thunderclap","Body Slam","Iron Wave"],"picked":"SKIP","floor":18},{"not_picked":["Armaments","Warcry","Iron Wave"],"picked":"SKIP","floor":20}],"player_experience":1436374,"relics_obtained":[{"floor":6,"key":"Centennial Puzzle"},{"floor":9,"key":"Ornamental Fan"},{"floor":10,"key":"Darkstone Periapt"},{"floor":13,"key":"Blood Vial"}],"event_choices":[{"damage_healed":0,"gold_gain":150,"player_choice":"AGREE","damage_taken":0,"max_hp_gain":0,"max_hp_loss":0,"event_name":"Liars Game","floor":2,"gold_loss":0,"cards_obtained":["Doubt"]},{"damage_healed":0,"gold_gain":0,"player_choice":"Fight","damage_taken":0,"max_hp_gain":0,"max_hp_loss":0,"event_name":"Colosseum","floor":21,"gold_loss":0}],"is_beta":false,"boss_relics":[{"not_picked":["Ectoplasm","Runic Cube"],"picked":"Empty Cage"}],"items_purged_floors":[3,19],"is_endless":false,"potions_floor_spawned":[1,6,14,16],"killed_by":"Colosseum Slavers","ascension_level":20}