{"gold_per_floor":[118,218,234,108,108,136,147,147,174,42,42,55,87,102,102,207,207,222,222,222,22,22,55,55,55,55,55,66,96,106,126,126,224,224,236,236,236,251,351,383,406,418,454,223,223,250,250,279,279,279,279,279,40,40],"floor_reached":54,"playtime":3515,"items_purged":["Strike_B","Strike_B","Defend_B","Defend_B","Defend_B"],"score":781,"play_id":"2db13c11-9ddb-4862-b517-c53b5071bf75","local_time":"20190712221500","is_ascension_mode":true,"campfire_choices":[{"floor":8,"key":"REST"},{"data":"Dualcast","floor":11,"key":"SMITH"},{"data":"White Noise","floor":15,"key":"SMITH"},{"data":"Electrodynamics","floor":24,"key":"SMITH"},{"floor":27,"key":"RECALL"},{"floor":32,"key":"REST"},{"data":"Defragment","floor":42,"key":"SMITH"},{"floor":45,"key":"REST"},{"data":"Capacitor","floor":47,"key":"SMITH"},{"data":"Zap","floor":49,"key":"SMITH"},{"data":"Amplify","floor":52,"key":"SMITH"}],"neow_cost":"NONE","seed_source_timestamp":120731119226577,"circlet_count":0,"master_deck":["Defend_B","Zap+1","Dualcast+1","Rebound+1","Capacitor+1","Leap","Hologram","Coolheaded","Defragment+1","Turbo","White Noise+1","Electrodynamics+1","Ball Lightning+1","White Noise+1","Steam Power","Glacier","Echo Form+1","Amplify+1","Consume+1","Madness","Madness","Double Energy","Reprogram+1","Defragment+1","Conserve Battery+1","Magnetism+1"],"relics":["Cracked Core","Centennial Puzzle","Smiling Mask","Bird Faced Urn","Sozu","Art of War","Frozen Egg 2","Whetstone","Orrery","Prayer Wheel","MawBank","Oddly Smooth Stone","Bag of Preparation","Anchor","StoneCalendar"],"potions_floor_usage":[16,16,16],"damage_taken":[{"damage":3,"enemies":"Small Slimes","floor":1,"turns":2},{"damage":1,"enemies":"Cultist","floor":3,"turns":4},{"damage":27,"enemies":"3 Sentries","floor":6,"turns":9},{"damage":0,"enemies":"2 Louse","floor":7,"turns":3},{"damage":2,"enemies":"Looter","floor":12,"turns":3},{"damage":7,"enemies":"Lagavulin","floor":13,"turns":10},{"damage":1,"enemies":"2 Fungi Beasts","floor":14,"turns":5},{"damage":21,"enemies":"Slime Boss","floor":16,"turns":8},{"damage":18,"enemies":"2 Thieves","floor":18,"turns":3},{"damage":5,"enemies":"Gremlin Leader","floor":23,"turns":6},{"damage":1,"enemies":"3 Byrds","floor":28,"turns":2},{"damage":42,"enemies":"Book of Stabbing","floor":29,"turns":5},{"damage":0,"enemies":"Snecko","floor":30,"turns":5},{"damage":9,"enemies":"3 Cultists","floor":31,"turns":3},{"damage":66,"enemies":"Champ","floor":33,"turns":17},{"damage":7,"enemies":"3 Shapes","floor":35,"turns":3},{"damage":1,"enemies":"Orb Walker","floor":38,"turns":4},{"damage":0,"enemies":"Mind Bloom Boss Battle","floor":39,"turns":7},{"damage":19,"enemies":"Nemesis","floor":40,"turns":7},{"damage":46,"enemies":"Spire Growth","floor":41,"turns":5},{"damage":13,"enemies":"Giant Head","floor":46,"turns":11},{"damage":30,"enemies":"Nemesis","floor":48,"turns":7},{"damage":37,"enemies":"Donu and Deca","floor":50,"turns":6},{"damage":84,"enemies":"Shield and Spear","floor":54,"turns":5}],"seed_played":"-8935269447980063190","potions_obtained":[{"floor":1,"key":"Energy Potion"},{"floor":12,"key":"Fire Potion"},{"floor":13,"key":"Weak Potion"}],"is_trial":false,"path_per_floor":["M","?","M","$","?","E","M","R","T","$","R","M","E","M","R","B",null,"M","?","?","$","?","E","R","?","T","R","M","E","M","M","R","B",null,"M","?","?","M","?","E","M","R","T","$","R","E","R","E","R","B",null,"R","$","E"],"character_chosen":"DEFECT","items_purchased":["Hologram","Defragment","Art of War","Bag of Preparation","Defragment+1","Magnetism+1"],"campfire_rested":3,"item_purchase_floors":[4,10,21,44,44,53],"current_hp_per_floor":[72,72,71,71,64,37,37,59,59,59,59,57,50,53,53,54,75,61,61,61,61,61,64,64,64,64,64,71,39,45,46,68,9,75,75,75,66,75,75,64,40,40,40,40,62,65,65,51,51,36,75,75,75,0],"gold":40,"neow_bonus":"THREE_CARDS","is_prod":false,"is_daily":false,"chose_seed":false,"campfire_upgraded":7,"win_rate":0,"timestamp":1562984100,"path_taken":["M","?","M","?","?","E","M","R","T","$","R","M","E","M","R","BOSS","M","?","?","$","?","E","R","?","T","R","?","E","M","M","R","BOSS","M","?","?","M","?","E","M","R","T","$","R","E","R","E","R","BOSS","R","$","E"],"build_version":"2019-07-05","purchased_purges":5,"victory":false,"max_hp_per_floor":[75,75,75,75,75,75,75,75,75,75,75,75,75,75,75,75,75,75,75,75,75,75,75,75,75,75,75,75,75,75,75,75,75,75,75,75,75,75,75,75,75,75,75,75,75,75,75,75,75,75,75,75,75,75],"card_choices":[{"not_picked":["Lockon","Conserve Battery"],"picked":"Rebound","floor":0},{"not_picked":["Undo","Ball Lightning"],"picked":"Capacitor","floor":1},{"not_picked":["Conserve Battery","Beam Cell"],"picked":"Leap","floor":3},{"not_picked":["Gash","Undo"],"picked":"Coolheaded","floor":6},{"not_picked":["Hyperbeam","Beam Cell","Chaos"],"picked":"SKIP","floor":7},{"not_picked":["Stack","Sweeping Beam","Compile Driver"],"picked":"SKIP","floor":12},{"not_picked":["Chaos","Gash"],"picked":"Turbo","floor":13},{"not_picked":["Aggregate","Leap"],"picked":"White Noise","floor":14},{"not_picked":["Thunder Strike","Machine Learning"],"picked":"Electrodynamics","floor":16},{"not_picked":["Gash","Steam"],"picked":"Ball Lightning","floor":18},{"not_picked":["Rip and Tear","Sweeping Beam+1","FTL+1"],"picked":"SKIP","floor":23},{"not_picked":["Ball Lightning","Sweeping Beam"],"picked":"Skim","floor":28},{"not_picked":["Go for the Eyes","Steam","Loop+1"],"picked":"SKIP","floor":29},{"not_picked":["Streamline","Gash"],"picked":"Steam Power","floor":30},{"not_picked":["Ball Lightning","Turbo+1"],"picked":"Glacier","floor":31},{"not_picked":["Biased Cognition+1","Machine Learning+1"],"picked":"Echo Form+1","floor":33},{"not_picked":["Capacitor+1","Gash+1"],"picked":"Amplify","floor":34},{"not_picked":["Beam Cell","Undo"],"picked":"Consume+1","floor":34},{"not_picked":["Blizzard+1","Gash","Reinforced Body+1"],"picked":"SKIP","floor":35},{"not_picked":["Redo+1","Coolheaded"],"picked":"Double Energy","floor":38},{"not_picked":["Leap","Core Surge","Turbo+1"],"picked":"SKIP","floor":40},{"not_picked":["Barrage+1","Sweeping Beam+1"],"picked":"Reprogram+1","floor":41},{"not_picked":["Cold Snap+1","Stack+1","Hologram"],"picked":"SKIP","floor":41},{"not_picked":["Fusion+1","Darkness+1","Steam"],"picked":"SKIP","floor":46},{"not_picked":["Melter+1","Heatsinks+1"],"picked":"Conserve Battery+1","floor":48}],"player_experience":124204,"relics_obtained":[{"floor":6,"key":"Centennial Puzzle"},{"floor":9,"key":"Smiling Mask"},{"floor":13,"key":"Bird Faced Urn"},{"floor":23,"key":"Frozen Egg 2"},{"floor":29,"key":"Whetstone"},{"floor":39,"key":"Prayer Wheel"},{"floor":40,"key":"MawBank"},{"floor":43,"key":"Oddly Smooth Stone"},{"floor":46,"key":"Anchor"},{"floor":48,"key":"StoneCalendar"}],"event_choices":[{"damage_healed":0,"gold_gain":100,"player_choice":"Pray","damage_taken":0,"max_hp_gain":0,"max_hp_loss":0,"event_name":"Golden Shrine","floor":2,"gold_loss":0},{"cards_removed":["Strike_B"],"damage_healed":0,"gold_gain":0,"player_choice":"Card Removal","damage_taken":7,"max_hp_gain":0,"max_hp_loss":0,"event_name":"Golden Wing","floor":5,"gold_loss":0},{"cards_removed":["Strike_B"],"damage_healed":0,"gold_gain":0,"player_choice":"Elegance","damage_taken":0,"max_hp_gain":0,"max_hp_loss":0,"event_name":"Back to Basics","floor":19,"gold_loss":0},{"damage_healed":0,"gold_gain":0,"player_choice":"Ignored","damage_taken":0,"max_hp_gain":0,"max_hp_loss":0,"event_name":"Vampires","floor":20,"gold_loss":0},{"damage_healed":0,"gold_gain":0,"player_choice":"Ignored","damage_taken":0,"max_hp_gain":0,"max_hp_loss":0,"event_name":"The Mausoleum","floor":22,"gold_loss":0},{"damage_healed":0,"gold_gain":0,"player_choice":"Copied","damage_taken":0,"max_hp_gain":0,"max_hp_loss":0,"event_name":"Duplicator","floor":25,"gold_loss":0,"cards_obtained":["White Noise"]},{"cards_removed":["Skim"],"damage_healed":0,"gold_gain":0,"player_choice":"Removed Skill","damage_taken":0,"max_hp_gain":0,"max_hp_loss":0,"event_name":"Falling","floor":36,"gold_loss":0},{"damage_healed":0,"gold_gain":0,"player_choice":"Embrace Madness","damage_taken":9,"max_hp_gain":0,"max_hp_loss":0,"event_name":"Winding Halls","floor":37,"gold_loss":0,"cards_obtained":["Madness","Madness"]},{"damage_healed":0,"gold_gain":0,"player_choice":"Fight","damage_taken":0,"max_hp_gain":0,"max_hp_loss":0,"event_name":"MindBloom","floor":39,"gold_loss":0}],"is_beta":false,"boss_relics":[{"not_picked":["Runic Pyramid","Empty Cage"],"picked":"Sozu"},{"not_picked":["FrozenCore","Pandora\u0027s Box"],"picked":"Orrery"}],"items_purged_floors":[4,10,21,44,53],"is_endless":false,"potions_floor_spawned":[1,12,13,18,23,31,33,41,46],"killed_by":"Shield and Spear","ascension_level":1}