{"gold_per_floor":[113,133,133,4,27,27,40,40,40,40,56,56,89,89,89,182,182,207,19,35,54,72,72,110,110,110,145,159,202,202,217,217,311,311,334,347,15,38,59,59,99,124,124,124,145,185,185,185],"floor_reached":48,"playtime":5391,"items_purged":["Strike_B","Pain"],"score":1258,"play_id":"21203bbb-cd26-4034-9b6a-e296f790173e","local_time":"20190313215614","is_ascension_mode":true,"campfire_choices":[{"data":"Beam Cell","floor":6.0,"key":"SMITH"},{"data":"Zap","floor":8.0,"key":"SMITH"},{"data":"Self Repair","floor":10.0,"key":"SMITH"},{"data":"Sweeping Beam","floor":12.0,"key":"SMITH"},{"data":"Coolheaded","floor":15.0,"key":"SMITH"},{"data":"Genetic Algorithm","floor":23.0,"key":"SMITH"},{"data":"Fission","floor":25.0,"key":"SMITH"},{"data":"Consume","floor":30.0,"key":"SMITH"},{"data":"Capacitor","floor":32.0,"key":"SMITH"},{"data":"Seek","floor":40.0,"key":"SMITH"},{"floor":47.0,"key":"RECALL"}],"neow_cost":"NONE","seed_source_timestamp":0,"circlet_count":0,"master_deck":["AscendersBane","Strike_B","Strike_B","Defend_B","Defend_B","Defend_B","Defend_B","Zap+1","Dualcast","Beam Cell+1","Sweeping Beam+1","Conserve Battery","Ball Lightning","Genetic Algorithm+1","Self Repair+1","Coolheaded+1","Echo Form","Fission+1","Auto Shields","Glacier","Coolheaded+1","Fusion+1","Biased Cognition","Consume+1","Force Field","Capacitor+1","Creative AI","Glacier","Seek+1","Loop","Heatsinks","Recycle","Defragment","Parasite"],"special_seed":0,"relics":["Cracked Core","Golden Idol","Question Card","FossilizedHelix","WarpedTongs","Snecko Eye","Bottled Lightning","Orichalcum","Sozu","DataDisk","Ancient Tea Set","Cables","Potion Belt"],"potions_floor_usage":[],"damage_taken":[{"damage":12.0,"enemies":"Jaw Worm","floor":1.0,"turns":2.0},{"damage":3.0,"enemies":"Small Slimes","floor":2.0,"turns":3.0},{"damage":1.0,"enemies":"Cultist","floor":5.0,"turns":3.0},{"damage":16.0,"enemies":"Lots of Slimes","floor":7.0,"turns":4.0},{"damage":4.0,"enemies":"2 Fungi Beasts","floor":11.0,"turns":3.0},{"damage":11.0,"enemies":"3 Sentries","floor":13.0,"turns":5.0},{"damage":28.0,"enemies":"Hexaghost","floor":16.0,"turns":9.0},{"damage":7.0,"enemies":"2 Thieves","floor":18.0,"turns":5.0},{"damage":5.0,"enemies":"Shell Parasite","floor":20.0,"turns":6.0},{"damage":0.0,"enemies":"Snake Plant","floor":21.0,"turns":6.0},{"damage":5.0,"enemies":"Snecko","floor":22.0,"turns":7.0},{"damage":29.0,"enemies":"Gremlin Leader","floor":24.0,"turns":8.0},{"damage":0.0,"enemies":"Book of Stabbing","floor":27.0,"turns":5.0},{"damage":0.0,"enemies":"Chosen and Byrds","floor":28.0,"turns":7.0},{"damage":15.0,"enemies":"Gremlin Leader","floor":29.0,"turns":9.0},{"damage":0.0,"enemies":"Centurion and Healer","floor":31.0,"turns":8.0},{"damage":0.0,"enemies":"Automaton","floor":33.0,"turns":13.0},{"damage":0.0,"enemies":"3 Shapes","floor":35.0,"turns":7.0},{"damage":0.0,"enemies":"Orb Walker","floor":36.0,"turns":5.0},{"damage":14.0,"enemies":"Jaw Worm Horde","floor":38.0,"turns":7.0},{"damage":0.0,"enemies":"4 Shapes","floor":39.0,"turns":6.0},{"damage":13.0,"enemies":"Reptomancer","floor":41.0,"turns":9.0},{"damage":9.0,"enemies":"3 Darklings","floor":42.0,"turns":6.0},{"damage":0.0,"enemies":"Writhing Mass","floor":45.0,"turns":8.0},{"damage":16.0,"enemies":"Nemesis","floor":46.0,"turns":9.0},{"damage":66,"enemies":"Reptomancer","floor":48,"turns":3}],"seed_played":"-7696280929694587926","potions_obtained":[{"floor":2.0,"key":"Block Potion"},{"floor":7.0,"key":"Regen Potion"},{"floor":13.0,"key":"SteroidPotion"},{"floor":21.0,"key":"SpeedPotion"},{"floor":22.0,"key":"FocusPotion"},{"floor":27.0,"key":"Regen Potion"},{"floor":31.0,"key":"EssenceOfSteel"},{"floor":33.0,"key":"Weak Potion"}],"is_trial":false,"path_per_floor":["M","M","?","$","M","R","M","R","T","R","M","R","E","?","R","B",null,"M","$","M","M","M","R","E","R","T","E","M","E","R","M","R","B",null,"M","M","$","M","M","R","E","M","T","?","M","E","R","E"],"character_chosen":"DEFECT","items_purchased":["Ball Lightning","Glacier","Seek","DataDisk"],"campfire_rested":0,"item_purchase_floors":[4,19,37,37],"current_hp_per_floor":[52,49,49,49,48,48,32,32,32,32,38,38,51,51,51,33,56,59,59,64,64,64,64,55,55,55,64,64,64,64,64,64,64,64,64,64,64,64,64,64,64,64,64,61,61,61,61,0],"gold":185,"neow_bonus":"TRANSFORM_CARD","is_prod":false,"is_daily":false,"chose_seed":false,"campfire_upgraded":10,"win_rate":0,"timestamp":1552528574,"path_taken":["M","M","?","$","M","R","M","R","T","R","M","R","E","?","R","BOSS","M","$","M","M","?","R","E","R","T","E","?","E","R","M","R","BOSS","M","M","$","M","M","R","E","M","T","?","M","E","R","E"],"build_version":"2019-01-23","purchased_purges":2,"victory":false,"max_hp_per_floor":[71,71,64,64,64,64,64,64,64,64,64,64,64,64,64,64,64,64,64,64,64,64,64,64,64,64,64,64,64,64,64,64,64,64,64,64,64,64,64,64,64,64,64,61,61,61,61,61],"card_choices":[{"not_picked":["Conserve Battery","Stack"],"picked":"Sweeping Beam","floor":1.0},{"not_picked":["Streamline","Redo"],"picked":"Conserve Battery","floor":2.0},{"not_picked":["FTL","Gash"],"picked":"Genetic Algorithm","floor":5.0},{"not_picked":["Turbo","Leap"],"picked":"Self Repair","floor":7.0},{"not_picked":["Chaos","Cold Snap","Go for the Eyes"],"picked":"Coolheaded","floor":11.0},{"not_picked":["Undo","Hologram","Streamline"],"picked":"Echo Form","floor":13.0},{"not_picked":["Electrodynamics","Core Surge","Seek"],"picked":"Fission","floor":16.0},{"not_picked":["Lockon","Storm","Gash"],"picked":"Auto Shields","floor":18.0},{"not_picked":["Beam Cell","BootSequence","Compile Driver+1"],"picked":"Coolheaded+1","floor":20.0},{"not_picked":["Stack","BootSequence","Go for the Eyes"],"picked":"Fusion+1","floor":21.0},{"not_picked":["Rebound+1","BootSequence","Chill","Turbo"],"picked":"SKIP","floor":22.0},{"not_picked":["Rip and Tear","Melter","Conserve Battery"],"picked":"Biased Cognition","floor":24.0},{"not_picked":["Rip and Tear+1","Gash","Rebound"],"picked":"Consume","floor":27.0},{"not_picked":["Redo","Fusion","Steam Power","Chaos"],"picked":"SKIP","floor":28.0},{"not_picked":["Turbo","Steam Power+1","Hello World+1"],"picked":"Force Field","floor":29.0},{"not_picked":["Coolheaded","Turbo","Fusion"],"picked":"Capacitor","floor":31.0},{"not_picked":["Hyperbeam","Fission","Seek"],"picked":"Creative AI","floor":33.0},{"not_picked":["Hologram","Gash","Sweeping Beam","Leap"],"picked":"SKIP","floor":35.0},{"not_picked":["Genetic Algorithm","Go for the Eyes","Fusion"],"picked":"Glacier","floor":36.0},{"not_picked":["Redo","Auto Shields","Streamline"],"picked":"Loop","floor":38.0},{"not_picked":["Skim","Sweeping Beam","Storm+1"],"picked":"Heatsinks","floor":39.0},{"not_picked":["Beam Cell+1","Amplify","Go for the Eyes"],"picked":"Recycle","floor":41.0},{"not_picked":["Chaos","Go for the Eyes","Steam"],"picked":"Defragment","floor":42.0},{"not_picked":["Compile Driver","Go for the Eyes","Fusion+1","Rebound"],"picked":"SKIP","floor":45.0},{"not_picked":["Hello World","Gash","Fusion","Rebound"],"picked":"SKIP","floor":46.0}],"player_experience":846842,"relics_obtained":[{"floor":9.0,"key":"Question Card"},{"floor":13.0,"key":"FossilizedHelix"},{"floor":24.0,"key":"Bottled Lightning"},{"floor":29.0,"key":"Orichalcum"},{"floor":41.0,"key":"Ancient Tea Set"},{"floor":43.0,"key":"Cables"},{"floor":46.0,"key":"Potion Belt"}],"event_choices":[{"damage_healed":0.0,"max_hp_gain":0.0,"max_hp_loss":7.0,"gold_gain":0.0,"event_name":"Golden Idol","player_choice":"Lose Max HP","floor":3.0,"gold_loss":0.0,"damage_taken":0.0,"relics_obtained":["Golden Idol"]},{"damage_healed":0.0,"max_hp_gain":0.0,"max_hp_loss":0.0,"gold_gain":0.0,"event_name":"Accursed Blacksmith","player_choice":"Rummage","floor":14.0,"gold_loss":0.0,"damage_taken":0.0,"relics_obtained":["WarpedTongs"],"cards_obtained":["Pain"]},{"damage_healed":0.0,"max_hp_gain":0.0,"max_hp_loss":3.0,"gold_gain":0.0,"event_name":"Winding Halls","player_choice":"Max HP","floor":44.0,"gold_loss":0.0,"damage_taken":0.0}],"is_beta":false,"boss_relics":[{"not_picked":["Velvet Choker","Philosopher\u0027s Stone"],"picked":"Snecko Eye"},{"not_picked":["Runic Dome","Calling Bell"],"picked":"Sozu"}],"items_purged_floors":[4,19],"is_endless":false,"potions_floor_spawned":[2,7,13,21,22,27,31,33,35,45,46],"killed_by":"Reptomancer","ascension_level":20}