{"gold_per_floor":[117,34,34,34,51,51,76,76,76,107,124,157,157,182,182,256,256,274,274,285,298,213,213,247,247,247,247,2,37,37,37],"floor_reached":31,"playtime":1105,"items_purged":[],"score":669,"play_id":"9372d8ef-724c-4998-bd02-d39c248d8481","local_time":"20190528221612","is_ascension_mode":true,"campfire_choices":[{"data":"Static Discharge","floor":6.0,"key":"SMITH"},{"data":"Doom and Gloom","floor":8.0,"key":"SMITH"},{"data":"Fission","floor":15.0,"key":"SMITH"},{"data":"Zap","floor":23.0,"key":"SMITH"},{"data":"Loop","floor":25,"key":"SMITH"},{"floor":27,"key":"REST"}],"neow_cost":"NONE","seed_source_timestamp":1133270269117042,"circlet_count":0,"master_deck":["AscendersBane","Strike_B","Strike_B","Strike_B","Defend_B","Defend_B","Defend_B","Defend_B","Zap+1","Dualcast","Static Discharge+1","Undo","Barrage","Loop+1","Ball Lightning","Doom and Gloom+1","Fission+1","Auto Shields","Self Repair","Gash","Core Surge","Consume","Capacitor","Defragment"],"special_seed":0,"relics":["Cracked Core","NeowsBlessing","Pen Nib","Mango","Strawberry","Unceasing Top","Meat on the Bone","Philosopher\u0027s Stone","Shuriken","Blood Vial","Bag of Preparation","Bird Faced Urn"],"potions_floor_usage":[24,24,29,29],"damage_taken":[{"damage":0.0,"enemies":"Small Slimes","floor":1.0,"turns":1.0},{"damage":0.0,"enemies":"Cultist","floor":5.0,"turns":1.0},{"damage":0.0,"enemies":"Gremlin Nob","floor":7.0,"turns":1.0},{"damage":22.0,"enemies":"3 Sentries","floor":10.0,"turns":4.0},{"damage":0.0,"enemies":"2 Louse","floor":11.0,"turns":2.0},{"damage":17.0,"enemies":"Lagavulin","floor":12.0,"turns":6.0},{"damage":32.0,"enemies":"Gremlin Nob","floor":14.0,"turns":3.0},{"damage":17.0,"enemies":"Hexaghost","floor":16.0,"turns":7.0},{"damage":33.0,"enemies":"2 Thieves","floor":18.0,"turns":3.0},{"damage":23.0,"enemies":"3 Byrds","floor":20.0,"turns":4.0},{"damage":47.0,"enemies":"Cultist and Chosen","floor":21.0,"turns":7.0},{"damage":22,"enemies":"Book of Stabbing","floor":24,"turns":3},{"damage":31,"enemies":"Gremlin Leader","floor":29,"turns":4},{"damage":39,"enemies":"Slavers","floor":31,"turns":2}],"seed_played":"4554663541156030182","potions_obtained":[{"floor":5.0,"key":"Energy Potion"},{"floor":10.0,"key":"Block Potion"},{"floor":16.0,"key":"FocusPotion"},{"floor":20.0,"key":"Ancient Potion"},{"floor":21.0,"key":"EntropicBrew"}],"is_trial":false,"path_per_floor":["M","$","?","$","M","R","E","R","T","E","M","E","?","E","R","B",null,"M","?","M","M","?","R","E","R","T","R","$","E","$","E"],"character_chosen":"DEFECT","items_purchased":["Undo","Capacitor","Bag of Preparation"],"campfire_rested":1,"item_purchase_floors":[2,28,28],"current_hp_per_floor":[64,64,64,64,64,64,64,64,78,63,63,46,76,44,44,39,79,65,65,61,33,33,33,23,23,23,50,50,33,33,0],"gold":37,"neow_bonus":"THREE_ENEMY_KILL","is_prod":false,"is_daily":false,"chose_seed":false,"campfire_upgraded":5,"win_rate":0,"timestamp":1559096172,"path_taken":["M","$","?","$","M","R","E","R","T","E","?","E","?","E","R","BOSS","M","?","M","?","?","R","E","R","T","R","$","E","?","E"],"build_version":"2019-01-23","purchased_purges":0,"victory":false,"max_hp_per_floor":[71,71,71,71,71,71,71,71,85,92,92,92,92,92,92,92,92,92,92,92,92,92,92,92,92,92,92,92,92,92,92],"card_choices":[{"not_picked":["Leap","Beam Cell"],"picked":"Static Discharge","floor":1.0},{"not_picked":["Redo","Turbo"],"picked":"Ball Lightning","floor":5.0},{"not_picked":["Cold Snap","Tempest"],"picked":"Doom and Gloom","floor":7.0},{"not_picked":["Beam Cell","Hologram"],"picked":"Fission","floor":10.0},{"not_picked":["Reprogram","Stack"],"picked":"Auto Shields","floor":11.0},{"not_picked":["Melter","Hologram"],"picked":"Self Repair","floor":12.0},{"not_picked":["Blizzard","Streamline"],"picked":"Gash","floor":14.0},{"not_picked":["Meteor Strike","Buffer"],"picked":"Core Surge","floor":16.0},{"not_picked":["Steam Power","Hello World"],"picked":"Consume","floor":18.0},{"not_picked":["Darkness","Streamline","Static Discharge"],"picked":"SKIP","floor":20.0},{"not_picked":["Ball Lightning","Streamline","Redo"],"picked":"SKIP","floor":21.0},{"not_picked":["Ball Lightning","Rebound","Lockon"],"picked":"SKIP","floor":24},{"not_picked":["Conserve Battery","Barrage"],"picked":"Defragment","floor":29}],"player_experience":1437958,"relics_obtained":[{"floor":7.0,"key":"Pen Nib"},{"floor":9.0,"key":"Mango"},{"floor":10.0,"key":"Strawberry"},{"floor":12.0,"key":"Unceasing Top"},{"floor":14.0,"key":"Meat on the Bone"},{"floor":24,"key":"Blood Vial"},{"floor":29,"key":"Bird Faced Urn"}],"event_choices":[{"damage_healed":0.0,"max_hp_gain":0.0,"max_hp_loss":0.0,"gold_gain":0.0,"event_name":"Match and Keep!","player_choice":"2 cards matched","floor":3.0,"gold_loss":0.0,"damage_taken":0.0,"cards_obtained":["Barrage","Loop"]},{"damage_healed":30.0,"max_hp_gain":0.0,"max_hp_loss":0.0,"gold_gain":0.0,"event_name":"Big Fish","player_choice":"Banana","floor":13.0,"gold_loss":0.0,"damage_taken":0.0},{"cards_removed":["Strike_B"],"damage_healed":0.0,"max_hp_gain":0.0,"max_hp_loss":0.0,"gold_gain":0.0,"event_name":"Purifier","player_choice":"Purged","floor":19.0,"gold_loss":0.0,"damage_taken":0.0},{"damage_healed":0.0,"max_hp_gain":0.0,"max_hp_loss":0.0,"gold_gain":0.0,"event_name":"Addict","player_choice":"Obtained Relic","floor":22.0,"gold_loss":85.0,"damage_taken":0.0,"relics_obtained":["Shuriken"]}],"is_beta":false,"boss_relics":[{"not_picked":["Busted Crown","Black Star"],"picked":"Philosopher\u0027s Stone"}],"items_purged_floors":[],"is_endless":false,"potions_floor_spawned":[5,10,16,20,21,24],"killed_by":"Slavers","ascension_level":20}