{"gold_per_floor":[113,38,38,51,71,96,96,123,147,164,190,209,209,27,27,104,104,116,166,183,68,86,86,86,86,86,121,81,81,115,127,127,127],"floor_reached":33,"playtime":1563,"items_purged":["Strike_G"],"score":606,"play_id":"44f05321-ef3c-498c-85b3-cd39267c4ce2","local_time":"20190620174637","is_ascension_mode":true,"campfire_choices":[{"floor":7,"key":"REST"},{"data":"Noxious Fumes","floor":13,"key":"SMITH"},{"data":"Apotheosis","floor":15,"key":"SMITH"},{"floor":23,"key":"REST"},{"floor":25,"key":"REST"},{"floor":29,"key":"REST"},{"floor":32,"key":"REST"}],"neow_cost":"NONE","seed_source_timestamp":447376307778861,"circlet_count":0,"master_deck":["AscendersBane","Defend_G","Defend_G","Defend_G","Defend_G","Defend_G","Strike_G","Strike_G","Survivor","Neutralize+1","Phantasmal Killer","Flying Knee","Noxious Fumes+1","Poisoned Stab","PiercingWail","All Out Attack","Dash","Apotheosis+1","After Image","Leg Sweep","Blur","Dodge and Roll","Skewer","Die Die Die","Catalyst","Footwork","Escape Plan","PiercingWail"],"relics":["Ring of the Snake","Bronze Scales","Bag of Preparation","Pen Nib","Bottled Tornado","Orrery","Mercury Hourglass","Boot","The Specimen"],"potions_floor_usage":[8,11,11,11,18,22,27,30,33,33,33],"damage_taken":[{"damage":0,"enemies":"Cultist","floor":1,"turns":4},{"damage":0,"enemies":"2 Louse","floor":4,"turns":3},{"damage":9,"enemies":"Jaw Worm","floor":5,"turns":5},{"damage":22,"enemies":"Lagavulin","floor":6,"turns":9},{"damage":17,"enemies":"3 Sentries","floor":8,"turns":8},{"damage":7,"enemies":"Gremlin Gang","floor":10,"turns":2},{"damage":5,"enemies":"Lagavulin","floor":11,"turns":9},{"damage":0,"enemies":"2 Fungi Beasts","floor":12,"turns":3},{"damage":4,"enemies":"Hexaghost","floor":16,"turns":8},{"damage":15,"enemies":"3 Byrds","floor":18,"turns":3},{"damage":19,"enemies":"2 Thieves","floor":20,"turns":4},{"damage":3,"enemies":"Snake Plant","floor":22,"turns":3},{"damage":34,"enemies":"Slavers","floor":27,"turns":3},{"damage":9,"enemies":"Book of Stabbing","floor":30,"turns":5},{"damage":0,"enemies":"Centurion and Healer","floor":31,"turns":6},{"damage":65,"enemies":"Champ","floor":33,"turns":15}],"seed_played":"6922422158633625906","potions_obtained":[{"floor":6,"key":"Block Potion"},{"floor":8,"key":"Ancient Potion"},{"floor":10,"key":"EntropicBrew"},{"floor":12,"key":"SneckoOil"},{"floor":20,"key":"GhostInAJar"},{"floor":28,"key":"Poison Potion"},{"floor":28,"key":"EntropicBrew"},{"floor":30,"key":"Fire Potion"}],"is_trial":false,"path_per_floor":["M","?","?","M","M","E","R","E","T","M","E","M","R","$","R","B",null,"M","?","M","$","M","R","?","R","T","E","?","R","E","M","R","B"],"character_chosen":"THE_SILENT","items_purchased":["Apotheosis","Catalyst"],"campfire_rested":5,"item_purchase_floors":[14,21],"current_hp_per_floor":[59,59,59,59,50,28,47,30,30,23,18,18,18,18,18,14,53,38,32,13,13,10,29,29,48,48,14,14,33,24,24,43,0],"gold":127,"neow_bonus":"ONE_RANDOM_RARE_CARD","is_prod":false,"is_daily":false,"chose_seed":false,"campfire_upgraded":2,"win_rate":0,"timestamp":1561067197,"path_taken":["M","?","?","M","M","E","R","E","T","M","E","M","R","$","R","BOSS","M","?","?","$","M","R","?","R","T","E","?","R","E","M","R","BOSS"],"build_version":"2019-01-23","purchased_purges":1,"victory":false,"max_hp_per_floor":[66,66,66,66,66,66,66,66,66,66,66,66,66,66,66,66,66,66,66,66,66,66,66,66,66,66,66,66,66,66,66,66,66],"card_choices":[{"not_picked":["Cloak And Dagger","Blur"],"picked":"Flying Knee","floor":1},{"not_picked":["Dagger Throw","Deadly Poison"],"picked":"Noxious Fumes","floor":4},{"not_picked":["Backflip","Underhanded Strike"],"picked":"Poisoned Stab","floor":5},{"not_picked":["Infinite Blades","Heel Hook"],"picked":"PiercingWail","floor":6},{"not_picked":["Sucker Punch","Outmaneuver"],"picked":"All Out Attack","floor":8},{"not_picked":["Slice","Cloak And Dagger"],"picked":"Dash","floor":10},{"not_picked":["Quick Slash","Riddle With Holes","Eviscerate"],"picked":"SKIP","floor":11},{"not_picked":["Acrobatics","Storm of Steel","Poisoned Stab"],"picked":"SKIP","floor":12},{"not_picked":["Storm of Steel","A Thousand Cuts"],"picked":"After Image","floor":16},{"not_picked":["Flying Knee","Backflip"],"picked":"Leg Sweep","floor":17},{"not_picked":["Dagger Throw","Expertise"],"picked":"Blur","floor":17},{"not_picked":["Dagger Throw","Bane"],"picked":"Dodge and Roll","floor":17},{"not_picked":["Dash","Slice"],"picked":"Skewer","floor":17},{"not_picked":["Slice","Dagger Spray"],"picked":"Die Die Die","floor":18},{"not_picked":["Deflect","Distraction","Sucker Punch"],"picked":"SKIP","floor":20},{"not_picked":["Leg Sweep","Acrobatics"],"picked":"Footwork","floor":22},{"not_picked":["Bane","Poisoned Stab"],"picked":"Escape Plan","floor":27},{"not_picked":["Night Terror","Slice"],"picked":"PiercingWail","floor":30},{"not_picked":["Poisoned Stab","Skewer","Acrobatics"],"picked":"SKIP","floor":31}],"player_experience":1525023,"relics_obtained":[{"floor":6,"key":"Bronze Scales"},{"floor":8,"key":"Bag of Preparation"},{"floor":9,"key":"Pen Nib"},{"floor":11,"key":"Bottled Tornado"},{"floor":26,"key":"Mercury Hourglass"},{"floor":27,"key":"Boot"},{"floor":30,"key":"The Specimen"}],"event_choices":[{"cards_removed":["Strike_G"],"damage_healed":0,"gold_gain":0,"player_choice":"Card Removal","damage_taken":0,"max_hp_gain":0,"max_hp_loss":0,"event_name":"The Cleric","floor":2,"gold_loss":75},{"damage_healed":0,"gold_gain":0,"player_choice":"Grow","damage_taken":0,"max_hp_gain":0,"max_hp_loss":0,"event_name":"Living Wall","floor":3,"gold_loss":0,"cards_upgraded":["Neutralize"]},{"damage_healed":0,"gold_gain":50,"player_choice":"Touch","damage_taken":6,"max_hp_gain":0,"max_hp_loss":0,"event_name":"FaceTrader","floor":19,"gold_loss":0},{"cards_removed":["Strike_G"],"damage_healed":0,"gold_gain":0,"player_choice":"Elegance","damage_taken":0,"max_hp_gain":0,"max_hp_loss":0,"event_name":"Back to Basics","floor":24,"gold_loss":0},{"damage_healed":0,"gold_gain":0,"player_choice":"Bought 3 Potions","damage_taken":0,"max_hp_gain":0,"max_hp_loss":0,"event_name":"The Woman in Blue","floor":28,"gold_loss":0}],"is_beta":false,"boss_relics":[{"not_picked":["Calling Bell","Pandora\u0027s Box"],"picked":"Orrery"}],"items_purged_floors":[21],"is_endless":false,"potions_floor_spawned":[6,8,10,12,20,30,31],"killed_by":"Champ","ascension_level":20}