{"gold_per_floor":[116,126,137,137,212,241,257,257,302,302,334,334,368,380,380,475,475,487,499,513,525,543,543,543],"floor_reached":24,"playtime":1212,"items_purged":[],"score":231,"play_id":"532f1e78-73d5-4b72-af88-74a35c449882","local_time":"20190716013529","is_ascension_mode":true,"campfire_choices":[{"data":"Flex","floor":8,"key":"SMITH"},{"data":"Rage","floor":10,"key":"SMITH"},{"floor":15,"key":"REST"},{"data":"Bash","floor":23,"key":"SMITH"}],"neow_cost":"NONE","seed_source_timestamp":397588624697200,"circlet_count":0,"master_deck":["Strike_R","Strike_R","Strike_R","Strike_R","Strike_R","Defend_R","Defend_R","Defend_R","Defend_R+1","Bash+1","Searing Blow+1","Flex+1","Rage+1","Impervious+1","Uppercut","Rampage","Barricade","Thunderclap","Pommel Strike+1","Rampage","Uppercut+1","Battle Trance"],"relics":["Burning Blood","Bronze Scales","Mercury Hourglass","War Paint","Lantern","Coffee Dripper"],"potions_floor_usage":[6,6,16,18,21,22,24],"damage_taken":[{"damage":5,"enemies":"Small Slimes","floor":1,"turns":3},{"damage":12,"enemies":"2 Louse","floor":2,"turns":2},{"damage":13,"enemies":"Jaw Worm","floor":3,"turns":3},{"damage":54,"enemies":"Lagavulin","floor":6,"turns":8},{"damage":7,"enemies":"Exordium Thugs","floor":7,"turns":3},{"damage":16,"enemies":"3 Sentries","floor":11,"turns":7},{"damage":17,"enemies":"Lagavulin","floor":13,"turns":7},{"damage":0,"enemies":"2 Fungi Beasts","floor":14,"turns":2},{"damage":52,"enemies":"Slime Boss","floor":16,"turns":12},{"damage":10,"enemies":"Shell Parasite","floor":18,"turns":6},{"damage":23,"enemies":"3 Byrds","floor":19,"turns":3},{"damage":29,"enemies":"Centurion and Healer","floor":20,"turns":6},{"damage":29,"enemies":"Snake Plant","floor":21,"turns":3},{"damage":15,"enemies":"Snecko","floor":22,"turns":4},{"damage":20,"enemies":"Slavers","floor":24,"turns":1}],"seed_played":"2660760053640282032","potions_obtained":[{"floor":2,"key":"Strength Potion"},{"floor":3,"key":"BloodPotion"},{"floor":13,"key":"Weak Potion"},{"floor":16,"key":"Regen Potion"},{"floor":20,"key":"Poison Potion"},{"floor":21,"key":"Strength Potion"},{"floor":22,"key":"Energy Potion"}],"is_trial":false,"path_per_floor":["M","M","M","?","?","E","M","R","T","R","E","?","E","M","R","B",null,"M","M","M","M","M","R","E"],"character_chosen":"IRONCLAD","items_purchased":[],"campfire_rested":1,"item_purchase_floors":[],"current_hp_per_floor":[80,74,67,72,72,45,44,44,44,44,34,34,23,29,54,8,85,85,68,45,22,13,13,0],"gold":543,"neow_bonus":"RANDOM_COMMON_RELIC","is_prod":false,"is_daily":false,"chose_seed":false,"campfire_upgraded":3,"win_rate":0,"timestamp":1563255329,"path_taken":["M","M","M","?","?","E","M","R","T","R","E","?","E","M","R","BOSS","M","M","M","M","M","R","E"],"build_version":"2019-07-05","purchased_purges":0,"victory":false,"max_hp_per_floor":[80,80,80,85,85,85,85,85,85,85,85,85,85,85,85,85,85,85,85,85,85,85,85,85],"card_choices":[{"not_picked":["True Grit","Corruption"],"picked":"Searing Blow","floor":1},{"not_picked":["Sword Boomerang","True Grit"],"picked":"Flex","floor":2},{"not_picked":["Carnage","Headbutt","True Grit"],"picked":"SKIP","floor":3},{"not_picked":["Sentinel","Carnage"],"picked":"Rage","floor":6},{"not_picked":["Infernal Blade","Second Wind"],"picked":"Impervious","floor":7},{"not_picked":["Clothesline","Headbutt"],"picked":"Uppercut","floor":11},{"not_picked":["Wild Strike","Burning Pact","Warcry"],"picked":"SKIP","floor":13},{"not_picked":["True Grit","Sword Boomerang"],"picked":"Rampage","floor":14},{"not_picked":["Offering","Bludgeon"],"picked":"Barricade","floor":16},{"not_picked":["Carnage+1","Clash"],"picked":"Thunderclap","floor":18},{"not_picked":["Havoc","Iron Wave"],"picked":"Pommel Strike+1","floor":19},{"not_picked":["Warcry+1","Shrug It Off"],"picked":"Rampage","floor":20},{"not_picked":["Iron Wave","Sword Boomerang"],"picked":"Uppercut+1","floor":21},{"not_picked":["Hemokinesis","Anger+1"],"picked":"Battle Trance","floor":22}],"player_experience":228499,"relics_obtained":[{"floor":6,"key":"Mercury Hourglass"},{"floor":11,"key":"War Paint"},{"floor":13,"key":"Lantern"}],"event_choices":[{"damage_healed":0,"gold_gain":0,"player_choice":"Donut","damage_taken":0,"max_hp_gain":5,"max_hp_loss":0,"event_name":"Big Fish","floor":4,"gold_loss":0},{"damage_healed":0,"gold_gain":75,"player_choice":"Gained Gold","damage_taken":0,"max_hp_gain":0,"max_hp_loss":0,"event_name":"Golden Wing","floor":5,"gold_loss":0},{"damage_healed":0,"gold_gain":0,"player_choice":"Grow","damage_taken":0,"max_hp_gain":0,"max_hp_loss":0,"event_name":"Living Wall","floor":12,"gold_loss":0,"cards_upgraded":["Searing Blow"]}],"is_beta":false,"boss_relics":[{"not_picked":["Philosopher\u0027s Stone","Runic Dome"],"picked":"Coffee Dripper"}],"items_purged_floors":[],"is_endless":false,"potions_floor_spawned":[2,3,13,16,20,21,22],"killed_by":"Slavers","ascension_level":1}