{"gold_per_floor":[117,42,42,42,53,53,81,96,96,96,39,39,50,84,84,158,158,178,178,189,189,114,114,147,161,161,161,171,185,185,201,201,275,275,286,286,286,310,326,326,70,70,70,89,108,108,120,33,33,33],"floor_reached":51,"playtime":3060,"items_purged":["Strike_B","Strike_B"],"score":1188,"play_id":"d3dc6b5d-e4de-44f4-baff-f5c5e1b513e8","local_time":"20180913234536","is_ascension_mode":true,"campfire_choices":[{"data":"Go for the Eyes","floor":6,"key":"SMITH"},{"data":"Defragment","floor":10,"key":"SMITH"},{"floor":12,"key":"REST"},{"data":"Sunder","floor":15,"key":"SMITH"},{"floor":23,"key":"REST"},{"data":"Machine Learning","floor":27,"key":"SMITH"},{"data":"Turbo","floor":30,"key":"SMITH"},{"floor":32,"key":"REST"},{"data":"Chill","floor":40,"key":"SMITH"},{"data":"Electrodynamics","floor":42,"key":"SMITH"},{"floor":49,"key":"REST"}],"neow_cost":"NONE","seed_source_timestamp":78373519333687,"circlet_count":0,"master_deck":["Defend_B","Defend_B","Defend_B","Defend_B","Zap","Dualcast","AscendersBane","Go for the Eyes+1","Coolheaded","Defragment+1","Sunder+1","Chill+1","Ball Lightning","Machine Learning+1","White Noise","Glacier","Conserve Battery+1","Darkness+1","Turbo+1","Cold Snap","Electrodynamics+1","Hologram+1","Deep Breath"],"relics":["Cracked Core","Anchor","Pantograph","Meat on the Bone","Oddly Smooth Stone","Inserter","Enchiridion","Nloth\u0027s Gift","Bottled Tornado","Omamori","Sozu","Bag of Marbles","Happy Flower","Bronze Scales"],"potions_floor_usage":[7,24,24,33,35],"damage_taken":[{"damage":2,"enemies":"Jaw Worm","floor":1,"turns":3},{"damage":3,"enemies":"Small Slimes","floor":5,"turns":3},{"damage":38,"enemies":"Gremlin Nob","floor":7,"turns":6},{"damage":0,"enemies":"2 Louse","floor":8,"turns":2},{"damage":0,"enemies":"Lots of Slimes","floor":13,"turns":4},{"damage":18,"enemies":"Lagavulin","floor":14,"turns":5},{"damage":24,"enemies":"Slime Boss","floor":16,"turns":10},{"damage":14,"enemies":"Shell Parasite","floor":18,"turns":6},{"damage":11,"enemies":"2 Thieves","floor":20,"turns":5},{"damage":21,"enemies":"Gremlin Leader","floor":24,"turns":8},{"damage":2,"enemies":"Chosen and Byrds","floor":25,"turns":6},{"damage":0,"enemies":"Snecko","floor":28,"turns":6},{"damage":1,"enemies":"3 Cultists","floor":29,"turns":6},{"damage":0,"enemies":"Centurion and Healer","floor":31,"turns":6},{"damage":19,"enemies":"Collector","floor":33,"turns":14},{"damage":19,"enemies":"3 Darklings","floor":35,"turns":4},{"damage":0,"enemies":"Orb Walker","floor":39,"turns":4},{"damage":0,"enemies":"Sphere and 2 Shapes","floor":44,"turns":3},{"damage":0,"enemies":"Reptomancer","floor":45,"turns":4},{"damage":10,"enemies":"Maw","floor":47,"turns":6},{"damage":34,"enemies":"Awakened One","floor":50,"turns":16}],"seed_played":"-5221043266119603712","potions_obtained":[{"floor":1,"key":"SteroidPotion"},{"floor":5,"key":"EssenceOfSteel"},{"floor":13,"key":"Explosive Potion"},{"floor":18,"key":"Swift Potion"},{"floor":25,"key":"EssenceOfSteel"},{"floor":28,"key":"Block Potion"}],"is_trial":false,"path_per_floor":["M","$","?","?","M","R","E","M","T","R","$","R","M","E","R","B",null,"M","?","M","?","?","R","E","M","T","R","M","M","R","M","R","B",null,"M","?","?","T","M","R","$","R","T","M","M","?","M","$","R","B"],"character_chosen":"DEFECT","items_purchased":["Sunder","Happy Flower","Deep Breath"],"campfire_rested":4,"item_purchase_floors":[11,41,48],"current_hp_per_floor":[62,62,50,50,47,47,9,9,9,9,9,30,42,36,36,37,63,49,33,34,34,34,55,46,44,44,44,44,43,43,43,64,52,66,47,47,47,47,47,47,47,47,47,47,47,47,37,37,57,45],"gold":33,"neow_bonus":"RANDOM_COMMON_RELIC","is_prod":false,"is_daily":false,"chose_seed":false,"campfire_upgraded":7,"win_rate":0,"timestamp":1536896736,"path_taken":["M","$","?","?","M","R","E","M","T","R","?","R","M","E","R","BOSS","M","?","M","?","?","R","E","M","T","R","M","M","R","M","R","BOSS","M","?","?","?","M","R","$","R","T","?","M","?","M","?","R","BOSS"],"build_version":"2018-09-06","purchased_purges":2,"victory":true,"max_hp_per_floor":[71,71,71,71,71,71,71,71,71,71,71,71,71,71,71,71,71,71,71,71,71,71,71,71,71,71,71,71,71,71,71,71,71,71,71,71,71,71,71,71,71,71,71,71,71,67,67,67,67,67],"card_choices":[{"not_picked":["Sunder","Hello World"],"picked":"Go for the Eyes","floor":1},{"not_picked":["Gash","Barrage"],"picked":"Coolheaded","floor":5},{"not_picked":["Gash","Stack"],"picked":"Defragment","floor":7},{"not_picked":["Go for the Eyes","Static Discharge","Rip and Tear"],"picked":"SKIP","floor":8},{"not_picked":["Hello World","Redo"],"picked":"Chill","floor":13},{"not_picked":["Capacitor","Hologram"],"picked":"Ball Lightning","floor":14},{"not_picked":["Core Surge","Meteor Strike"],"picked":"Machine Learning","floor":16},{"not_picked":["Compile Driver+1","Lockon"],"picked":"White Noise","floor":18},{"not_picked":["Streamline","Conserve Battery+1"],"picked":"Glacier","floor":20},{"not_picked":["Tempest","Sweeping Beam","Compile Driver+1"],"picked":"SKIP","floor":24},{"not_picked":["Steam","Hologram"],"picked":"Conserve Battery+1","floor":25},{"not_picked":["Gash","Redo"],"picked":"Darkness+1","floor":28},{"not_picked":["Go for the Eyes","Coolheaded"],"picked":"Turbo","floor":29},{"not_picked":["Rainbow","Rebound"],"picked":"Cold Snap","floor":31},{"not_picked":["Creative AI","Biased Cognition"],"picked":"Electrodynamics","floor":33},{"not_picked":["Rebound","Leap"],"picked":"Hologram+1","floor":35},{"not_picked":["Steam","Leap","Rebound"],"picked":"SKIP","floor":39},{"not_picked":["Force Field+1","Go for the Eyes","Steam+1"],"picked":"SKIP","floor":44},{"not_picked":["Lockon","Barrage+1","Cold Snap"],"picked":"SKIP","floor":45},{"not_picked":["Go for the Eyes","Meteor Strike","Redo"],"picked":"SKIP","floor":47}],"player_experience":363726,"relics_obtained":[{"floor":7,"key":"The Courier"},{"floor":9,"key":"Meat on the Bone"},{"floor":14,"key":"Oddly Smooth Stone"},{"floor":19,"key":"Enchiridion"},{"floor":24,"key":"Bottled Tornado"},{"floor":26,"key":"Omamori"},{"floor":38,"key":"Bag of Marbles"},{"floor":43,"key":"Bronze Scales"}],"event_choices":[{"event_name":"Scrap Ooze","player_choice":"success","floor":3,"damage_taken":12},{"event_name":"Wheel of Change","player_choice":"Card Removal","floor":4,"damage_taken":0},{"event_name":"Cursed Tome","player_choice":"Obtained Book","floor":19,"damage_taken":0},{"event_name":"N\u0027loth","player_choice":"Traded a The Courier","floor":21,"damage_taken":0},{"event_name":"Beggar","player_choice":"Gave Gold","floor":22,"damage_taken":0},{"event_name":"Tomb of Lord Red Mask","player_choice":"Ignored","floor":36,"damage_taken":0},{"event_name":"SensoryStone","player_choice":"Memory 1","floor":37,"damage_taken":0},{"event_name":"Winding Halls","player_choice":"Max HP","floor":46,"damage_taken":0}],"is_beta":false,"boss_relics":[{"not_picked":["Calling Bell","Fusion Hammer"],"picked":"Inserter"},{"not_picked":["Snecko Eye","FrozenCore"],"picked":"Sozu"}],"items_purged_floors":[2,41],"is_endless":false,"potions_floor_spawned":[1,5,13,16,18,25,28,35,39,47],"ascension_level":14}