{"gold_per_floor":[116,116,130,142,154,154,104,154,203,128,128,139,139,139,139,139],"floor_reached":16,"playtime":735,"items_purged":["Strike_G"],"score":95,"play_id":"dcab392b-f974-45d4-908d-b8a0125e0349","local_time":"20180821000720","is_ascension_mode":true,"campfire_choices":[{"data":"Neutralize","floor":6,"key":"SMITH"},{"data":"Skewer","floor":11,"key":"SMITH"},{"data":"Prepared","floor":13,"key":"SMITH"},{"floor":15,"key":"REST"}],"neow_cost":"NONE","seed_source_timestamp":420419247125751,"circlet_count":0,"master_deck":["Defend_G","Defend_G","Defend_G","Defend_G","Defend_G","Strike_G","Survivor","Neutralize+1","Skewer+1","Prepared+1"],"relics":["Ring of the Snake","Bag of Preparation","Bag of Marbles"],"potions_floor_usage":[16,16],"damage_taken":[{"damage":8,"enemies":"Jaw Worm","floor":1,"turns":8},{"damage":0,"enemies":"Small Slimes","floor":3,"turns":7},{"damage":0,"enemies":"2 Louse","floor":4,"turns":3},{"damage":21,"enemies":"Gremlin Gang","floor":5,"turns":10},{"damage":0,"enemies":"Looter","floor":12,"turns":2},{"damage":58,"enemies":"Hexaghost","floor":16,"turns":15}],"seed_played":"-7470527879785711281","potions_obtained":[{"floor":3,"key":"AttackPotion"},{"floor":4,"key":"Explosive Potion"},{"floor":12,"key":"PowerPotion"}],"is_trial":false,"path_per_floor":["M","?","M","M","M","R","?","T","T","$","R","M","R","?","R"],"character_chosen":"THE_SILENT","items_purchased":[],"campfire_rested":1,"item_purchase_floors":[],"current_hp_per_floor":[62,62,62,62,41,41,41,41,41,41,41,41,41,34,55,0],"gold":139,"neow_bonus":"REMOVE_CARD","is_prod":false,"is_daily":false,"chose_seed":false,"campfire_upgraded":3,"win_rate":0,"timestamp":1534824440,"path_taken":["M","?","M","M","?","R","?","?","T","?","R","?","R","?","R","BOSS"],"build_version":"2018-08-16","purchased_purges":1,"victory":false,"max_hp_per_floor":[70,70,70,70,70,70,70,70,70,70,70,70,70,70,70,70],"card_choices":[{"not_picked":["Quick Slash","Dodge and Roll","Deadly Poison"],"picked":"SKIP","floor":1},{"not_picked":["Dagger Spray","Crippling Poison","Underhanded Strike"],"picked":"SKIP","floor":3},{"not_picked":["Dagger Throw","Reflex","Bane"],"picked":"SKIP","floor":4},{"not_picked":["Reflex","Deadly Poison"],"picked":"Skewer","floor":5},{"not_picked":["Dagger Throw","Cloak And Dagger"],"picked":"Prepared","floor":12}],"player_experience":104030,"relics_obtained":[{"floor":8,"key":"Bag of Preparation"},{"floor":9,"key":"Bag of Marbles"}],"event_choices":[{"event_name":"Liars Game","player_choice":"disagreed","floor":2,"damage_taken":0},{"event_name":"The Cleric","player_choice":"Card Removal","floor":7,"damage_taken":0},{"event_name":"Golden Wing","player_choice":"Card Removal","floor":14,"damage_taken":0}],"is_beta":false,"boss_relics":[],"items_purged_floors":[10],"is_endless":false,"potions_floor_spawned":[3,4,12],"killed_by":"Hexaghost","ascension_level":1}