{"gold_per_floor":[114,81,6,23,23,58,58,77,104,4,4,18,53,72,72,170,170,182,201,201,201,216,216],"floor_reached":23,"playtime":1189,"items_purged":["Strike_B","Strike_B"],"score":226,"play_id":"46dcddba-1b28-4253-a142-a7c2f63cdca8","local_time":"20190710205758","is_ascension_mode":false,"campfire_choices":[{"data":"White Noise","floor":7.0,"key":"SMITH"},{"data":"Creative AI","floor":15.0,"key":"SMITH"}],"neow_cost":"NONE","seed_source_timestamp":207412382250064,"circlet_count":0,"master_deck":["Defend_B","Defend_B","Defend_B","Defend_B","Zap","Dualcast","Gash","White Noise+1","Rebound","Conserve Battery","Self Repair","Creative AI+1","Buffer","Defragment","Writhe","Redo"],"special_seed":0,"relics":["Cracked Core","NeowsBlessing","NlothsMask","Blood Vial","StoneCalendar","Black Star","Ornamental Fan"],"potions_floor_usage":[22],"damage_taken":[{"damage":0.0,"enemies":"Small Slimes","floor":1.0,"turns":1.0},{"damage":0.0,"enemies":"Jaw Worm","floor":4.0,"turns":1.0},{"damage":0.0,"enemies":"Gremlin Nob","floor":6.0,"turns":1.0},{"damage":0.0,"enemies":"Cultist","floor":8.0,"turns":4.0},{"damage":16.0,"enemies":"Lots of Slimes","floor":12.0,"turns":4.0},{"damage":15.0,"enemies":"Lagavulin","floor":13.0,"turns":6.0},{"damage":4.0,"enemies":"Large Slime","floor":14.0,"turns":5.0},{"damage":24.0,"enemies":"Hexaghost","floor":16.0,"turns":8.0},{"damage":28.0,"enemies":"2 Thieves","floor":18.0,"turns":4.0},{"damage":13.0,"enemies":"Chosen","floor":19.0,"turns":6.0},{"damage":40,"enemies":"Snake Plant","floor":22,"turns":5},{"damage":43,"enemies":"Gremlin Leader","floor":23,"turns":4}],"seed_played":"-7815862297644631916","potions_obtained":[{"floor":6.0,"key":"SmokeBomb"},{"floor":8.0,"key":"Block Potion"},{"floor":12.0,"key":"Block Potion"},{"floor":18.0,"key":"Regen Potion"}],"is_trial":false,"path_per_floor":["M","?","$","M","?","E","R","M","T","$","?","M","E","M","R","B",null,"M","M","?","?","M","E"],"character_chosen":"DEFECT","items_purchased":[],"campfire_rested":0,"item_purchase_floors":[],"current_hp_per_floor":[75,75,75,75,75,75,75,75,75,75,75,59,46,51,51,36,75,54,50,50,50,33,0],"gold":216,"neow_bonus":"THREE_ENEMY_KILL","is_prod":false,"is_daily":false,"chose_seed":false,"campfire_upgraded":2,"win_rate":0.0,"timestamp":1562806678,"path_taken":["M","?","$","M","?","E","R","?","T","?","?","?","E","M","R","BOSS","M","M","?","?","M","E"],"build_version":"2019-07-05","purchased_purges":2,"victory":false,"max_hp_per_floor":[75,75,75,75,75,75,75,75,75,75,75,75,75,75,75,75,75,75,75,75,75,75,75],"card_choices":[{"not_picked":["Loop","Force Field"],"picked":"Gash","floor":1.0},{"not_picked":["Stack","Sweeping Beam","Streamline"],"picked":"SKIP","floor":4.0},{"not_picked":["Rip and Tear","Streamline"],"picked":"White Noise","floor":6.0},{"not_picked":["Sweeping Beam","Lockon"],"picked":"Rebound","floor":8.0},{"not_picked":["Beam Cell","Steam"],"picked":"Conserve Battery","floor":12.0},{"not_picked":["Steam","Steam Power"],"picked":"Self Repair","floor":13.0},{"not_picked":["Heatsinks","Auto Shields"],"picked":"Creative AI","floor":14.0},{"not_picked":["Multi-Cast","Reboot"],"picked":"Buffer","floor":16.0},{"not_picked":["Streamline","Beam Cell"],"picked":"Defragment","floor":18.0},{"not_picked":["Steam","Ball Lightning","Streamline"],"picked":"SKIP","floor":19.0},{"not_picked":["Streamline+1","Lockon"],"picked":"Redo","floor":22}],"player_experience":83127,"relics_obtained":[{"floor":6.0,"key":"Blood Vial"},{"floor":13.0,"key":"StoneCalendar"}],"event_choices":[{"damage_healed":0.0,"max_hp_gain":0.0,"max_hp_loss":0.0,"gold_gain":0.0,"event_name":"World of Goop","player_choice":"Left Gold","floor":2.0,"gold_loss":33.0,"damage_taken":0.0},{"damage_healed":0.0,"max_hp_gain":0.0,"max_hp_loss":0.0,"gold_gain":0.0,"event_name":"FaceTrader","player_choice":"Trade","floor":5.0,"gold_loss":0.0,"damage_taken":0.0,"relics_obtained":["NlothsMask"]},{"cards_removed":["Strike_B"],"damage_healed":0.0,"max_hp_gain":0.0,"max_hp_loss":0.0,"gold_gain":0.0,"event_name":"Purifier","player_choice":"Purged","floor":11.0,"gold_loss":0.0,"damage_taken":0.0},{"cards_removed":["Strike_B"],"damage_healed":0,"gold_gain":0,"player_choice":"Elegance","damage_taken":0,"max_hp_gain":0,"max_hp_loss":0,"event_name":"Back to Basics","floor":20,"gold_loss":0},{"damage_healed":0,"gold_gain":0,"player_choice":"Opened","damage_taken":0,"relics_obtained":["Ornamental Fan"],"max_hp_gain":0,"max_hp_loss":0,"event_name":"The Mausoleum","floor":21,"gold_loss":0,"cards_obtained":["Writhe"]}],"is_beta":false,"boss_relics":[{"not_picked":["Snecko Eye","Lizard Tail"],"picked":"Black Star"}],"items_purged_floors":[3,10],"is_endless":false,"potions_floor_spawned":[6,8,12,18],"killed_by":"Gremlin Leader","ascension_level":0}