{"gold_per_floor":[110,124,144,144,164,193,193,226,226,226,246,55,55,69,69,174,474,492,506,506,526,626,626],"floor_reached":23,"playtime":1927,"items_purged":[],"score":238,"play_id":"8edd9ef5-baea-4db2-829a-a73ab67e83cd","local_time":"20190629014709","is_ascension_mode":true,"campfire_choices":[{"floor":7.0,"key":"REST"},{"floor":10,"key":"REST"},{"floor":15,"key":"REST"}],"neow_cost":"NONE","seed_source_timestamp":0,"circlet_count":0,"master_deck":["Defend_G","Defend_G","Defend_G","Defend_G","Defend_G","Strike_G","Strike_G","Strike_G","Strike_G","Survivor","Neutralize","Poisoned Stab","Slice","Bane","Dagger Throw","Crippling Poison","Cloak And Dagger","Bane","Panache","PiercingWail","Doppelganger","Doubt","Prepared","Backflip","Ghostly","Ghostly","Ghostly","Ghostly","Ghostly","Poisoned Stab+1","Footwork"],"special_seed":0,"relics":["Ring of the Snake","NeowsBlessing","Meat on the Bone","Omamori","Calling Bell","Snake Skull","Blue Candle","Old Coin","Ginger","Mercury Hourglass"],"potions_floor_usage":[16,16,16,18,21,22],"damage_taken":[{"damage":0.0,"enemies":"Small Slimes","floor":1.0,"turns":1.0},{"damage":0.0,"enemies":"Cultist","floor":2.0,"turns":1.0},{"damage":0.0,"enemies":"Jaw Worm","floor":3.0,"turns":1.0},{"damage":7.0,"enemies":"Blue Slaver","floor":5.0,"turns":3.0},{"damage":13.0,"enemies":"3 Sentries","floor":6.0,"turns":10.0},{"damage":28,"enemies":"Lagavulin","floor":8,"turns":7},{"damage":6,"enemies":"3 Louse","floor":11,"turns":4},{"damage":7,"enemies":"Looter","floor":14,"turns":3},{"damage":44,"enemies":"Hexaghost","floor":16,"turns":16},{"damage":23,"enemies":"Shell Parasite","floor":18,"turns":5},{"damage":21,"enemies":"2 Thieves","floor":19,"turns":4},{"damage":18,"enemies":"Sentry and Sphere","floor":21,"turns":7},{"damage":3,"enemies":"Colosseum Slavers","floor":22,"turns":5},{"damage":5,"enemies":"Colosseum Nobs","floor":22,"turns":7},{"damage":23,"enemies":"Gremlin Leader","floor":23,"turns":2}],"seed_played":"-9223141502445062186","potions_obtained":[{"floor":2.0,"key":"Swift Potion"},{"floor":5.0,"key":"GhostInAJar"},{"floor":8,"key":"Dexterity Potion"},{"floor":11,"key":"Energy Potion"},{"floor":14,"key":"SpeedPotion"},{"floor":16,"key":"Energy Potion"},{"floor":19,"key":"AttackPotion"},{"floor":21,"key":"PowerPotion"}],"is_trial":false,"path_per_floor":["M","M","M","?","M","E","R","E","T","R","M","$","?","M","R","B",null,"M","M","?","M","?","E"],"character_chosen":"THE_SILENT","items_purchased":["Panache"],"campfire_rested":3,"item_purchase_floors":[12],"current_hp_per_floor":[70,70,70,63,56,43,64,36,36,57,51,51,44,37,58,26,70,47,38,35,29,21,0],"gold":626,"neow_bonus":"THREE_ENEMY_KILL","is_prod":false,"is_daily":false,"chose_seed":false,"campfire_upgraded":0,"win_rate":0,"timestamp":1561787229,"path_taken":["M","M","M","?","M","E","R","E","T","R","?","$","?","M","R","BOSS","M","M","?","M","?","E"],"build_version":"2019-01-23","purchased_purges":0,"victory":false,"max_hp_per_floor":[70,70,70,70,70,70,70,70,70,70,70,70,70,70,70,70,70,70,70,35,35,35,35],"card_choices":[{"not_picked":["Flechettes","Dagger Throw"],"picked":"Poisoned Stab","floor":1.0},{"not_picked":["Prepared","Reflex"],"picked":"Slice","floor":2.0},{"not_picked":["Poisoned Stab","Escape Plan"],"picked":"Bane","floor":3.0},{"not_picked":["Flying Knee","Deflect"],"picked":"Dagger Throw","floor":5.0},{"not_picked":["Doppelganger","Dash"],"picked":"Crippling Poison","floor":6.0},{"not_picked":["Deflect","Quick Slash"],"picked":"Cloak And Dagger","floor":8},{"not_picked":["Dagger Spray","Distraction"],"picked":"Bane","floor":11},{"not_picked":["Caltrops","Sucker Punch"],"picked":"PiercingWail","floor":14},{"not_picked":["After Image","Unload"],"picked":"Doppelganger","floor":16},{"not_picked":["Dagger Throw","Phantasmal Killer"],"picked":"Prepared","floor":18},{"not_picked":["Underhanded Strike","Prepared"],"picked":"Backflip","floor":19},{"not_picked":["Well Laid Plans","Endless Agony"],"picked":"Poisoned Stab+1","floor":21},{"not_picked":["Bane","Riddle With Holes"],"picked":"Footwork","floor":22}],"player_experience":137606,"relics_obtained":[{"floor":6.0,"key":"Meat on the Bone"},{"floor":8,"key":"Omamori"},{"floor":17,"key":"Snake Skull"},{"floor":17,"key":"Blue Candle"},{"floor":17,"key":"Old Coin"},{"floor":22,"key":"Ginger"},{"floor":22,"key":"Mercury Hourglass"}],"event_choices":[{"damage_healed":0.0,"max_hp_gain":0.0,"max_hp_loss":0.0,"gold_gain":0.0,"event_name":"Wheel of Change","player_choice":"Damaged","floor":4.0,"gold_loss":0.0,"damage_taken":7.0},{"cards_removed":["Strike_G"],"damage_healed":0,"gold_gain":0,"player_choice":"Card Removal","damage_taken":7,"max_hp_gain":0,"max_hp_loss":0,"event_name":"Golden Wing","floor":13,"gold_loss":0},{"damage_healed":0,"gold_gain":0,"player_choice":"Became a Ghost","damage_taken":0,"max_hp_gain":0,"max_hp_loss":35,"event_name":"Ghosts","floor":20,"gold_loss":0,"cards_obtained":["Ghostly","Ghostly","Ghostly","Ghostly","Ghostly"]},{"damage_healed":0,"gold_gain":0,"player_choice":"Fight","damage_taken":0,"max_hp_gain":0,"max_hp_loss":0,"event_name":"Colosseum","floor":22,"gold_loss":0},{"damage_healed":0,"gold_gain":0,"player_choice":"Fought Nobs","damage_taken":0,"max_hp_gain":0,"max_hp_loss":0,"event_name":"Colosseum","floor":22,"gold_loss":0}],"is_beta":false,"boss_relics":[{"not_picked":["White Beast Statue","Runic Pyramid"],"picked":"Calling Bell"}],"items_purged_floors":[],"is_endless":false,"potions_floor_spawned":[2,5,8,11,14,16,19,21],"killed_by":"Gremlin Leader","ascension_level":1}