{"gold_per_floor":[110,31,47,47,64,64,19,19,43,43,43,62,62,82,82,201,201,217,65,65,85,110,110,128,128],"floor_reached":25,"playtime":1414,"items_purged":["Regret"],"score":222,"play_id":"1c66fd30-8cf3-4494-bced-0dd9d291280c","local_time":"20180821175817","is_ascension_mode":true,"campfire_choices":[{"data":"Barricade","floor":6,"key":"SMITH"},{"data":"Inflame","floor":8,"key":"SMITH"},{"data":"Bash","floor":10,"key":"SMITH"},{"data":"Seeing Red","floor":13,"key":"SMITH"},{"floor":15,"key":"REST"},{"data":"Armaments","floor":23,"key":"SMITH"}],"neow_cost":"TEN_PERCENT_HP_LOSS","seed_source_timestamp":484004980907823,"circlet_count":0,"master_deck":["Strike_R","Strike_R","Strike_R","Defend_R+1","Defend_R","Defend_R","Defend_R+1","Bash+1","Seeing Red+1","Barricade+1","Shrug It Off","Inflame+1","Spot Weakness","Heavy Blade","Double Tap","Inflame","Iron Wave","Armaments+1","Body Slam"],"relics":["Burning Blood","War Paint","Boot","Golden Idol","Coffee Dripper"],"potions_floor_usage":[22,22,25],"damage_taken":[{"damage":3,"enemies":"2 Louse","floor":1,"turns":5},{"damage":10,"enemies":"Small Slimes","floor":3,"turns":7},{"damage":12,"enemies":"Jaw Worm","floor":5,"turns":6},{"damage":17,"enemies":"Looter","floor":7,"turns":5},{"damage":7,"enemies":"Blue Slaver","floor":12,"turns":7},{"damage":17,"enemies":"Large Slime","floor":14,"turns":10},{"damage":43,"enemies":"Hexaghost","floor":16,"turns":12},{"damage":29,"enemies":"Shell Parasite","floor":18,"turns":6},{"damage":5,"enemies":"Chosen","floor":21,"turns":5},{"damage":7,"enemies":"Centurion and Healer","floor":22,"turns":2},{"damage":15,"enemies":"Snecko","floor":24,"turns":4},{"damage":37,"enemies":"Chosen and Byrds","floor":25,"turns":4}],"seed_played":"711144276216511982","potions_obtained":[{"floor":5,"key":"Ancient Potion"},{"floor":12,"key":"LiquidBronze"},{"floor":14,"key":"SteroidPotion"},{"floor":18,"key":"SkillPotion"}],"is_trial":false,"path_per_floor":["M","$","M","?","M","R","M","R","T","R","?","M","R","M","R","B",null,"M","$","?","M","M","R","M"],"character_chosen":"IRONCLAD","items_purchased":["Barricade","Inflame"],"campfire_rested":1,"item_purchase_floors":[2,19],"current_hp_per_floor":[72,72,68,68,62,62,51,51,51,51,51,50,50,39,59,22,67,44,44,44,45,44,44,35,0],"gold":128,"neow_bonus":"REMOVE_TWO","is_prod":false,"is_daily":false,"chose_seed":false,"campfire_upgraded":5,"win_rate":0,"timestamp":1534888697,"path_taken":["M","$","M","?","M","R","M","R","T","R","?","M","R","M","R","BOSS","M","$","?","M","?","R","M","M"],"build_version":"2018-08-16","purchased_purges":1,"victory":false,"max_hp_per_floor":[72,72,72,72,72,72,72,72,72,72,67,67,67,67,67,67,67,67,67,67,67,67,67,67,67],"card_choices":[{"not_picked":["Clothesline","Feel No Pain"],"picked":"Seeing Red","floor":1},{"not_picked":["Twin Strike","Second Wind","Searing Blow"],"picked":"SKIP","floor":3},{"not_picked":["Battle Trance","Clash"],"picked":"Shrug It Off","floor":5},{"not_picked":["Burning Pact","Heavy Blade"],"picked":"Inflame","floor":7},{"not_picked":["Wild Strike","Heavy Blade"],"picked":"Spot Weakness","floor":12},{"not_picked":["Warcry","Perfected Strike"],"picked":"Heavy Blade","floor":14},{"not_picked":["Brutality","Barricade"],"picked":"Double Tap","floor":16},{"not_picked":["Headbutt","Perfected Strike","Clothesline"],"picked":"SKIP","floor":18},{"not_picked":["Pommel Strike+1","Dual Wield"],"picked":"Iron Wave","floor":21},{"not_picked":["Sever Soul+1","Cleave+1"],"picked":"Armaments","floor":22},{"not_picked":["Wild Strike","Uppercut"],"picked":"Body Slam","floor":24}],"player_experience":111042,"relics_obtained":[{"floor":9,"key":"Boot"}],"event_choices":[{"event_name":"Big Fish","player_choice":"Box","floor":4,"damage_taken":0},{"event_name":"Golden Idol","player_choice":"Lose Max HP","floor":11,"damage_taken":0},{"event_name":"The Mausoleum","player_choice":"No","floor":20,"damage_taken":0}],"is_beta":false,"boss_relics":[{"not_picked":["Eternal Feather","Lizard Tail"],"picked":"Coffee Dripper"}],"items_purged_floors":[19],"is_endless":false,"potions_floor_spawned":[5,12,14,18],"killed_by":"Chosen and Byrds","ascension_level":3}