{"gold_per_floor":[117,135,235,252,13,43,43,71,71,71,71,71,85,103,103,204,204,204,144,144,144,69,69,69],"floor_reached":24,"playtime":1021,"items_purged":["Strike_R"],"score":206,"play_id":"8d675771-9146-4966-a876-0786c38690ef","local_time":"20190716020615","is_ascension_mode":false,"campfire_choices":[{"data":"Entrench","floor":7.0,"key":"SMITH"},{"floor":12.0,"key":"REST"},{"data":"Clothesline","floor":15.0,"key":"SMITH"},{"data":"Limit Break","floor":23,"key":"SMITH"}],"neow_cost":"NONE","seed_source_timestamp":0,"circlet_count":0,"master_deck":["Strike_R","Strike_R","Strike_R","Strike_R","Defend_R","Defend_R","Defend_R","Defend_R","Bash","Forethought","Metallicize","Intimidate","Shrug It Off","Entrench+1","Sever Soul","Parasite","Cleave","Clothesline+1","Limit Break+1","Flame Barrier","Flex","Entrench+1"],"special_seed":0,"relics":["Burning Blood","Darkstone Periapt","Ancient Tea Set","Paper Frog","Bag of Preparation","Ectoplasm","Du-Vu Doll"],"potions_floor_usage":[],"damage_taken":[{"damage":5.0,"enemies":"Small Slimes","floor":1.0,"turns":3.0},{"damage":0.0,"enemies":"Cultist","floor":2.0,"turns":3.0},{"damage":5.0,"enemies":"2 Louse","floor":4.0,"turns":3.0},{"damage":56.0,"enemies":"Gremlin Nob","floor":6.0,"turns":6.0},{"damage":15.0,"enemies":"3 Sentries","floor":8.0,"turns":13.0},{"damage":5.0,"enemies":"Large Slime","floor":13.0,"turns":8.0},{"damage":3.0,"enemies":"3 Louse","floor":14.0,"turns":4.0},{"damage":61.0,"enemies":"Slime Boss","floor":16.0,"turns":15.0},{"damage":24.0,"enemies":"Spheric Guardian","floor":18.0,"turns":5.0},{"damage":4,"enemies":"2 Thieves","floor":19,"turns":4},{"damage":35,"enemies":"Centurion and Healer","floor":21,"turns":6},{"damage":55,"enemies":"Sentry and Sphere","floor":24,"turns":7}],"seed_played":"-1255624513755733767","potions_obtained":[{"floor":1.0,"key":"Block Potion"},{"floor":8.0,"key":"Fire Potion"},{"floor":13.0,"key":"Weak Potion"},{"floor":16.0,"key":"FairyPotion"},{"floor":19,"key":"SkillPotion"},{"floor":21,"key":"SpeedPotion"}],"is_trial":false,"path_per_floor":["M","M","?","M","$","E","R","E","T","?","?","R","M","M","R","B",null,"M","M","?","M","$","R","M"],"character_chosen":"IRONCLAD","items_purchased":["Darkstone Periapt"],"campfire_rested":1,"item_purchase_floors":[5],"current_hp_per_floor":[80,80,80,80,80,30,30,21,21,21,47,72,73,76,76,21,86,68,70,70,41,41,41,0],"gold":69,"neow_bonus":"RANDOM_COLORLESS","is_prod":false,"is_daily":false,"chose_seed":false,"campfire_upgraded":3,"win_rate":0.0,"timestamp":1563257175,"path_taken":["M","M","?","?","$","E","R","E","T","?","?","R","M","M","R","BOSS","M","M","?","M","$","R","?"],"build_version":"2019-07-05","purchased_purges":1,"victory":false,"max_hp_per_floor":[80,80,80,80,80,80,80,80,80,80,86,86,86,86,86,86,86,86,86,86,86,86,86,86],"card_choices":[{"not_picked":["Intimidate","Pommel Strike"],"picked":"Metallicize","floor":1.0},{"not_picked":["Flex","Searing Blow"],"picked":"Intimidate","floor":2.0},{"not_picked":["Intimidate","Flame Barrier"],"picked":"Shrug It Off","floor":4.0},{"not_picked":["Dual Wield","Rupture"],"picked":"Entrench","floor":6.0},{"not_picked":["Fire Breathing","Perfected Strike"],"picked":"Sever Soul","floor":8.0},{"not_picked":["Seeing Red","Clash"],"picked":"Cleave","floor":13.0},{"not_picked":["Sentinel","Intimidate"],"picked":"Clothesline","floor":14.0},{"not_picked":["Reaper","Juggernaut"],"picked":"Limit Break","floor":16.0},{"not_picked":["Dropkick","Pummel"],"picked":"Flame Barrier","floor":18.0},{"not_picked":["Rampage+1","Anger"],"picked":"Flex","floor":19},{"not_picked":["Cleave","True Grit"],"picked":"Entrench+1","floor":21}],"player_experience":76073,"relics_obtained":[{"floor":6.0,"key":"Ancient Tea Set"},{"floor":8.0,"key":"Paper Frog"},{"floor":9.0,"key":"Bag of Preparation"}],"event_choices":[{"damage_healed":0.0,"max_hp_gain":0.0,"max_hp_loss":0.0,"gold_gain":100.0,"event_name":"Golden Shrine","player_choice":"Pray","floor":3.0,"gold_loss":0.0,"damage_taken":0.0},{"damage_healed":0.0,"max_hp_gain":0.0,"max_hp_loss":0.0,"gold_gain":0.0,"event_name":"Golden Idol","player_choice":"Ignored","floor":10.0,"gold_loss":0.0,"damage_taken":0.0},{"damage_healed":20.0,"max_hp_gain":0.0,"max_hp_loss":0.0,"gold_gain":0.0,"event_name":"Mushrooms","player_choice":"Healed and dodged fight","floor":11.0,"gold_loss":0.0,"damage_taken":0.0,"cards_obtained":["Parasite"]},{"damage_healed":0,"gold_gain":0,"player_choice":"Gave Potion","damage_taken":0,"relics_obtained":["Du-Vu Doll"],"max_hp_gain":0,"max_hp_loss":0,"event_name":"WeMeetAgain","floor":20,"gold_loss":0}],"is_beta":false,"boss_relics":[{"not_picked":["Astrolabe","Black Blood"],"picked":"Ectoplasm"}],"items_purged_floors":[22],"is_endless":false,"potions_floor_spawned":[1,8,13,16,19,21],"killed_by":"Sentry and Sphere","ascension_level":0}