{"gold_per_floor":[111,125,125,135,152,152,181,181,205,205,84,110,110,110,110,212,212,224,59,59,69,69,69,80,80,127,127,145,145,174,174,174,277,277,294,304,304,5,5,5,5,5,5,5,23,23,23,43,43,43],"floor_reached":50,"playtime":2978,"items_purged":["Defend_R"],"score":489,"play_id":"c3ab73bf-5721-4c52-b1a0-1317f89af502","local_time":"20190709030714","is_ascension_mode":false,"campfire_choices":[{"data":"Heavy Blade","floor":6.0,"key":"SMITH"},{"floor":8.0,"key":"REST"},{"data":"Rupture","floor":10.0,"key":"SMITH"},{"data":"Offering","floor":13.0,"key":"SMITH"},{"floor":15.0,"key":"REST"},{"floor":23.0,"key":"REST"},{"floor":25.0,"key":"REST"},{"floor":32,"key":"REST"},{"data":"Juggernaut","floor":40,"key":"SMITH"},{"data":"Metallicize","floor":42,"key":"SMITH"},{"floor":44,"key":"REST"},{"floor":46,"key":"REST"},{"floor":49,"key":"REST"}],"neow_cost":"NONE","seed_source_timestamp":54835331333968,"circlet_count":0,"master_deck":["Strike_R","Strike_R","Defend_R","Defend_R","Defend_R","Bash","Offering+1","Perfected Strike","Rupture+1","Combust","Heavy Blade+1","Juggernaut+1","Shrug It Off","Limit Break","Inflame","Blood for Blood","Rupture+1","Flex","Armaments+1","Shrug It Off+1","Metallicize+1","Limit Break","Infernal Blade","Armaments+1","Seeing Red","Combust","Master of Strategy","Heavy Blade","Parasite"],"special_seed":0,"relics":["Black Blood","Boot","Orichalcum","Red Skull","Question Card","Juzu Bracelet","Champion Belt","Bottled Lightning","Orrery","Pantograph","Kunai"],"potions_floor_usage":[33],"damage_taken":[{"damage":7.0,"enemies":"Jaw Worm","floor":1.0,"turns":2.0},{"damage":5.0,"enemies":"2 Louse","floor":2.0,"turns":2.0},{"damage":6.0,"enemies":"Cultist","floor":4.0,"turns":2.0},{"damage":11.0,"enemies":"Blue Slaver","floor":5.0,"turns":3.0},{"damage":32.0,"enemies":"Gremlin Nob","floor":7.0,"turns":4.0},{"damage":23.0,"enemies":"Lagavulin","floor":12.0,"turns":5.0},{"damage":29.0,"enemies":"Slime Boss","floor":16.0,"turns":8.0},{"damage":25.0,"enemies":"Shell Parasite","floor":18.0,"turns":6.0},{"damage":45.0,"enemies":"3 Byrds","floor":21.0,"turns":5.0},{"damage":19.0,"enemies":"Centurion and Healer","floor":24.0,"turns":2.0},{"damage":30.0,"enemies":"Cultist and Chosen","floor":28.0,"turns":5.0},{"damage":40,"enemies":"Gremlin Leader","floor":30,"turns":6},{"damage":32,"enemies":"Automaton","floor":33,"turns":6},{"damage":28,"enemies":"Orb Walker","floor":35,"turns":5},{"damage":12,"enemies":"3 Shapes","floor":36,"turns":6},{"damage":53,"enemies":"Jaw Worm Horde","floor":45,"turns":5},{"damage":35,"enemies":"Writhing Mass","floor":48,"turns":7},{"damage":80,"enemies":"Awakened One","floor":50,"turns":3}],"seed_played":"-7985842377740093920","potions_obtained":[{"floor":1.0,"key":"Strength Potion"},{"floor":2.0,"key":"FearPotion"},{"floor":4.0,"key":"PowerPotion"},{"floor":16.0,"key":"Regen Potion"},{"floor":36,"key":"Fire Potion"}],"is_trial":false,"path_per_floor":["M","M","?","M","M","R","E","R","T","R","$","E","R","T","R","B",null,"M","$","?","M","?","R","M","R","T","?","M","$","E","T","R","B",null,"M","M","?","$","?","R","?","R","T","R","M","R","?","M","R","B"],"character_chosen":"IRONCLAD","items_purchased":["Shrug It Off","Blood for Blood","Rupture","Flex","Pantograph","Combust"],"campfire_rested":8,"item_purchase_floors":[11,19,19,19,38,38],"current_hp_per_floor":[79,80,80,80,75,75,49,73,73,73,73,56,56,56,80,57,80,65,65,65,30,30,54,45,69,69,69,49,49,19,19,43,35,80,62,60,60,60,65,65,65,65,65,80,37,61,61,36,60,0],"gold":43,"neow_bonus":"TRANSFORM_CARD","is_prod":false,"is_daily":false,"chose_seed":false,"campfire_upgraded":5,"win_rate":0.0,"timestamp":1562656034,"path_taken":["M","M","?","M","M","R","E","R","T","R","$","E","R","?","R","BOSS","M","$","?","?","?","R","?","R","T","?","M","?","E","?","R","BOSS","M","M","?","?","?","R","?","R","T","R","M","R","?","M","R","BOSS"],"build_version":"2019-07-05","purchased_purges":1,"victory":false,"max_hp_per_floor":[80,80,80,80,80,80,80,80,80,80,80,80,80,80,80,80,80,80,80,80,80,80,80,80,80,80,80,80,80,80,80,80,80,80,80,80,80,80,80,80,80,80,80,80,80,80,80,80,80,80],"card_choices":[{"not_picked":["Corruption","Body Slam"],"picked":"Perfected Strike","floor":1.0},{"not_picked":["Dropkick","Pommel Strike"],"picked":"Rupture","floor":2.0},{"not_picked":["Pommel Strike","Armaments"],"picked":"Combust","floor":4.0},{"not_picked":["Thunderclap","Perfected Strike"],"picked":"Heavy Blade","floor":5.0},{"not_picked":["Uppercut","Clothesline"],"picked":"Juggernaut","floor":7.0},{"not_picked":["Power Through","Shockwave","Twin Strike"],"picked":"SKIP","floor":12.0},{"not_picked":["Fiend Fire","Juggernaut","Feed"],"picked":"Limit Break","floor":16.0},{"not_picked":["Flex+1","Cleave","Clothesline"],"picked":"Inflame","floor":18.0},{"not_picked":["Perfected Strike","Inflame","Dropkick","True Grit"],"picked":"SKIP","floor":21.0},{"not_picked":["Dropkick","Spot Weakness","Shockwave"],"picked":"Armaments+1","floor":24.0},{"not_picked":["Spot Weakness","Whirlwind","Sword Boomerang"],"picked":"Shrug It Off+1","floor":28.0},{"not_picked":["Bludgeon","Body Slam","Flex"],"picked":"Metallicize","floor":30},{"not_picked":["Bludgeon","Fiend Fire","Dark Embrace"],"picked":"Limit Break","floor":33},{"not_picked":["Thunderclap","Dropkick","Twin Strike"],"picked":"Infernal Blade","floor":34},{"not_picked":["Clothesline","True Grit","Inflame+1"],"picked":"Armaments+1","floor":34},{"not_picked":["Clothesline+1","Shrug It Off+1","Clash","Limit Break"],"picked":"SKIP","floor":35},{"not_picked":["True Grit+1","Iron Wave","Flex"],"picked":"Seeing Red","floor":36},{"not_picked":["Secret Technique","Flash of Steel","Good Instincts"],"picked":"Master of Strategy","floor":41},{"not_picked":["Sever Soul+1","Anger+1","Searing Blow+1"],"picked":"Heavy Blade","floor":45},{"not_picked":["Infernal Blade+1","Iron Wave+1","Clash","Body Slam+1"],"picked":"SKIP","floor":48}],"player_experience":38315,"relics_obtained":[{"floor":7.0,"key":"Boot"},{"floor":9.0,"key":"Orichalcum"},{"floor":12.0,"key":"Red Skull"},{"floor":14.0,"key":"Question Card"},{"floor":26.0,"key":"Juzu Bracelet"},{"floor":30,"key":"Champion Belt"},{"floor":31,"key":"Bottled Lightning"},{"floor":43,"key":"Kunai"}],"event_choices":[{"damage_healed":0.0,"max_hp_gain":0.0,"max_hp_loss":0.0,"gold_gain":0.0,"cards_transformed":["Strike_R"],"event_name":"Living Wall","player_choice":"Change","floor":3.0,"gold_loss":0.0,"damage_taken":0.0,"cards_obtained":["Sword Boomerang"]},{"damage_healed":0.0,"max_hp_gain":0.0,"max_hp_loss":0.0,"gold_gain":0.0,"event_name":"NoteForYourself","player_choice":"Ignored","floor":20.0,"gold_loss":0.0,"damage_taken":0.0},{"cards_removed":["Strike_R"],"damage_healed":0.0,"max_hp_gain":0.0,"max_hp_loss":0.0,"gold_gain":0.0,"event_name":"Purifier","player_choice":"Purged","floor":22.0,"gold_loss":0.0,"damage_taken":0.0},{"damage_healed":0.0,"max_hp_gain":0.0,"max_hp_loss":0.0,"gold_gain":0.0,"event_name":"Cursed Tome","player_choice":"Ignored","floor":27.0,"gold_loss":0.0,"damage_taken":0.0},{"damage_healed":0,"gold_gain":0,"player_choice":"Leave","damage_taken":0,"max_hp_gain":0,"max_hp_loss":0,"event_name":"FaceTrader","floor":37,"gold_loss":0},{"cards_removed":["Sword Boomerang"],"damage_healed":5,"gold_gain":0,"player_choice":"Offered Common","damage_taken":0,"max_hp_gain":0,"max_hp_loss":0,"event_name":"Bonfire Elementals","floor":39,"gold_loss":0},{"cards_removed":["Sword Boomerang"],"damage_healed":5,"gold_gain":0,"player_choice":"Offered Special","damage_taken":0,"max_hp_gain":0,"max_hp_loss":0,"event_name":"Bonfire Elementals","floor":39,"gold_loss":0},{"damage_healed":0,"gold_gain":0,"player_choice":"Memory 1","damage_taken":0,"max_hp_gain":0,"max_hp_loss":0,"event_name":"SensoryStone","floor":41,"gold_loss":0},{"damage_healed":0,"gold_gain":0,"player_choice":"Forge","damage_taken":0,"max_hp_gain":0,"max_hp_loss":0,"event_name":"Accursed Blacksmith","floor":47,"gold_loss":0,"cards_upgraded":["Rupture"]}],"is_beta":false,"boss_relics":[{"not_picked":["Eternal Feather","Astrolabe"],"picked":"Black Blood"},{"not_picked":["Philosopher\u0027s Stone","Coffee Dripper"],"picked":"Orrery"}],"items_purged_floors":[11],"is_endless":false,"potions_floor_spawned":[1,2,4,16,18,21,30,36,48],"killed_by":"Awakened One","ascension_level":0}