{"gold_per_floor":[116,127,144,144,144,144,178,188,488,507,519,87,116,116,116,191,191,209,109,159,34,34,34,61,61,61,74,89,89,103,136,136,213,213,229,242,257,267,117,142,142,173,173,173,184,215,215,245,245,245,245,245,245,38,68,68],"floor_reached":57,"playtime":5450,"items_purged":["Strike_R","Strike_R","Strike_R","Strike_R+1"],"score":2965,"play_id":"de9f386c-6283-4fa6-9221-08f8036b04af","local_time":"20190515215839","is_ascension_mode":true,"campfire_choices":[{"data":"Anger","floor":6.0,"key":"SMITH"},{"data":"Uppercut","floor":15.0,"key":"SMITH"},{"data":"Armaments","floor":23.0,"key":"SMITH"},{"data":"Barricade","floor":29.0,"key":"SMITH"},{"floor":32.0,"key":"REST"},{"data":"Feed","floor":41.0,"key":"SMITH"},{"floor":44.0,"key":"RECALL"},{"data":"Feel No Pain","floor":47,"key":"SMITH"},{"data":"Feel No Pain","floor":49,"key":"SMITH"},{"floor":53,"key":"REST"}],"neow_cost":"NONE","seed_source_timestamp":0,"circlet_count":0,"master_deck":["AscendersBane","Defend_R","Defend_R+1","Defend_R","Defend_R","Bash+1","Pommel Strike+1","Shockwave","Anger+1","Iron Wave","Bludgeon","Dropkick","Armaments+1","Battle Trance","Uppercut+1","Barricade+1","Feel No Pain+1","Dropkick","Feel No Pain+1","Offering","Warcry+1","Flex+1","Dropkick","Feed+1","Dropkick","True Grit+1","Cleave+1","Flame Barrier","Shrug It Off","Ghostly Armor+1","Fiend Fire","Shrug It Off","Body Slam"],"special_seed":0,"relics":["Burning Blood","Meat on the Bone","Old Coin","Paper Frog","Thread and Needle","Runic Pyramid","Charon\u0027s Ashes","Nunchaku","Bag of Marbles","Sozu","Gremlin Horn","Incense Burner","Lantern","Bottled Tornado","Unceasing Top"],"potions_floor_usage":[56,56],"damage_taken":[{"damage":1.0,"enemies":"2 Louse","floor":1.0,"turns":4.0},{"damage":5.0,"enemies":"Small Slimes","floor":2.0,"turns":3.0},{"damage":1.0,"enemies":"Cultist","floor":3.0,"turns":3.0},{"damage":8.0,"enemies":"Gremlin Nob","floor":7.0,"turns":3.0},{"damage":0.0,"enemies":"3 Louse","floor":8.0,"turns":4.0},{"damage":7.0,"enemies":"Lots of Slimes","floor":10.0,"turns":4.0},{"damage":22.0,"enemies":"Large Slime","floor":11.0,"turns":5.0},{"damage":9.0,"enemies":"Lagavulin","floor":13.0,"turns":6.0},{"damage":25.0,"enemies":"Hexaghost","floor":16.0,"turns":9.0},{"damage":8.0,"enemies":"Shell Parasite","floor":18.0,"turns":5.0},{"damage":58.0,"enemies":"Slavers","floor":24.0,"turns":8.0},{"damage":18.0,"enemies":"3 Byrds","floor":27.0,"turns":5.0},{"damage":11.0,"enemies":"3 Cultists","floor":28.0,"turns":5.0},{"damage":2.0,"enemies":"Snake Plant","floor":30.0,"turns":3.0},{"damage":9.0,"enemies":"Gremlin Leader","floor":31.0,"turns":7.0},{"damage":9.0,"enemies":"Automaton","floor":33.0,"turns":9.0},{"damage":6.0,"enemies":"3 Darklings","floor":35.0,"turns":4.0},{"damage":0.0,"enemies":"3 Shapes","floor":36.0,"turns":11.0},{"damage":0.0,"enemies":"Jaw Worm Horde","floor":37.0,"turns":3.0},{"damage":2.0,"enemies":"4 Shapes","floor":38.0,"turns":5.0},{"damage":17.0,"enemies":"Reptomancer","floor":40.0,"turns":7.0},{"damage":6.0,"enemies":"Giant Head","floor":42.0,"turns":7.0},{"damage":6.0,"enemies":"Maw","floor":45.0,"turns":10.0},{"damage":6.0,"enemies":"Nemesis","floor":46.0,"turns":7.0},{"damage":7,"enemies":"Reptomancer","floor":48,"turns":5},{"damage":29,"enemies":"Time Eater","floor":50,"turns":16},{"damage":19,"enemies":"Donu and Deca","floor":51,"turns":20},{"damage":13,"enemies":"Shield and Spear","floor":55,"turns":12},{"damage":59,"enemies":"The Heart","floor":56,"turns":9}],"seed_played":"4318726093529246043","potions_obtained":[{"floor":7.0,"key":"Ancient Potion"},{"floor":11.0,"key":"GamblersBrew"},{"floor":28.0,"key":"Dexterity Potion"},{"floor":30.0,"key":"Weak Potion"},{"floor":33.0,"key":"SteroidPotion"}],"is_trial":false,"path_per_floor":["M","M","M","?","?","R","E","M","T","M","M","$","E","?","R","B",null,"M","$","?","$","?","R","E","?","T","M","M","R","M","E","R","B",null,"M","M","M","M","$","E","R","E","T","R","M","E","R","E","R","B","B",null,"R","$","E","B",null],"character_chosen":"IRONCLAD","items_purchased":["Paper Frog","Battle Trance","Fiend Fire","Shrug It Off"],"campfire_rested":2,"item_purchase_floors":[12,12,54,54],"current_hp_per_floor":[73,74,75,52,52,52,50,56,56,55,51,51,48,48,48,41,67,65,65,65,65,65,65,25,25,25,25,32,32,48,45,67,64,72,76,83,86,89,89,78,78,82,82,82,86,90,90,93,93,70,61,97,109,109,102,61],"gold":68,"neow_bonus":"UPGRADE_CARD","is_prod":false,"is_daily":false,"chose_seed":false,"campfire_upgraded":7,"win_rate":0,"timestamp":1557971919,"path_taken":["M","M","M","?","?","R","E","M","T","M","M","$","E","?","R","BOSS","M","$","?","?","?","R","E","?","T","M","M","R","M","E","R","BOSS","M","M","?","M","$","E","R","E","T","R","M","E","R","E","R","BOSS","BOSS","R","$","E","BOSS"],"build_version":"2019-01-23","purchased_purges":4,"victory":true,"max_hp_per_floor":[75,75,75,75,75,75,75,75,75,75,75,75,75,75,75,75,75,75,75,75,75,75,75,75,75,75,75,75,75,75,75,75,75,75,79,83,86,89,89,89,89,93,93,93,97,101,101,105,105,105,109,109,109,109,109,109],"card_choices":[{"not_picked":["Armaments","Shrug It Off"],"picked":"Pommel Strike","floor":1.0},{"not_picked":["Flex","Havoc"],"picked":"Shockwave","floor":2.0},{"not_picked":["Pommel Strike","Thunderclap"],"picked":"Anger","floor":3.0},{"not_picked":["Anger","Sword Boomerang"],"picked":"Iron Wave","floor":7.0},{"not_picked":["Pommel Strike","Clothesline"],"picked":"Bludgeon","floor":8.0},{"not_picked":["Heavy Blade","Pommel Strike"],"picked":"Dropkick","floor":10.0},{"not_picked":["Entrench","Wild Strike"],"picked":"Armaments","floor":11.0},{"not_picked":["Headbutt","Armaments"],"picked":"Uppercut","floor":13.0},{"not_picked":["Reaper","Double Tap"],"picked":"Barricade","floor":16.0},{"not_picked":["Pummel","Hemokinesis"],"picked":"Feel No Pain","floor":18.0},{"not_picked":["Cleave","Sentinel"],"picked":"Dropkick","floor":24.0},{"not_picked":["Iron Wave","Cleave"],"picked":"Warcry+1","floor":27.0},{"not_picked":["Infernal Blade","Rage"],"picked":"Flex+1","floor":28.0},{"not_picked":["Flex","Perfected Strike","Anger"],"picked":"SKIP","floor":30.0},{"not_picked":["Cleave","Flex"],"picked":"Dropkick","floor":31.0},{"not_picked":["Double Tap","Bludgeon"],"picked":"Feed","floor":33.0},{"not_picked":["Havoc","Anger"],"picked":"Dropkick","floor":35.0},{"not_picked":["Headbutt","Battle Trance","Hemokinesis"],"picked":"SKIP","floor":36.0},{"not_picked":["Iron Wave","Clash"],"picked":"True Grit+1","floor":37.0},{"not_picked":["Rupture","Flex"],"picked":"Cleave+1","floor":38.0},{"not_picked":["Whirlwind","Flex+1"],"picked":"Flame Barrier","floor":40.0},{"not_picked":["Thunderclap","Armaments+1","Shockwave"],"picked":"SKIP","floor":42.0},{"not_picked":["Perfected Strike","Wild Strike+1","Cleave"],"picked":"SKIP","floor":45.0},{"not_picked":["Pommel Strike","Rupture+1"],"picked":"Shrug It Off","floor":46.0},{"not_picked":["Pommel Strike","Power Through"],"picked":"Ghostly Armor+1","floor":48},{"not_picked":["Shrug It Off","Infernal Blade"],"picked":"Body Slam","floor":55}],"player_experience":1351113,"relics_obtained":[{"floor":7.0,"key":"Meat on the Bone"},{"floor":9.0,"key":"Old Coin"},{"floor":13.0,"key":"Thread and Needle"},{"floor":24.0,"key":"Charon\u0027s Ashes"},{"floor":26.0,"key":"Nunchaku"},{"floor":31.0,"key":"Bag of Marbles"},{"floor":40.0,"key":"Gremlin Horn"},{"floor":42.0,"key":"Incense Burner"},{"floor":46.0,"key":"Lantern"},{"floor":48,"key":"Bottled Tornado"},{"floor":55,"key":"Unceasing Top"}],"event_choices":[{"damage_healed":0.0,"max_hp_gain":0.0,"max_hp_loss":0.0,"gold_gain":0.0,"event_name":"Shining Light","player_choice":"Entered Light","floor":4.0,"gold_loss":0.0,"damage_taken":23.0,"cards_upgraded":["Defend_R","Strike_R"]},{"damage_healed":0.0,"max_hp_gain":0.0,"max_hp_loss":0.0,"gold_gain":0.0,"event_name":"Living Wall","player_choice":"Grow","floor":5.0,"gold_loss":0.0,"damage_taken":0.0,"cards_upgraded":["Pommel Strike"]},{"damage_healed":0.0,"max_hp_gain":0.0,"max_hp_loss":0.0,"gold_gain":0.0,"event_name":"Liars Game","player_choice":"Ignored","floor":14.0,"gold_loss":0.0,"damage_taken":0.0},{"damage_healed":0.0,"max_hp_gain":0.0,"max_hp_loss":0.0,"gold_gain":100.0,"event_name":"The Joust","player_choice":"Bet on Murderer","floor":20.0,"gold_loss":50.0,"damage_taken":0.0},{"cards_removed":["Strike_R"],"damage_healed":0.0,"max_hp_gain":0.0,"max_hp_loss":0.0,"gold_gain":0.0,"event_name":"Back to Basics","player_choice":"Elegance","floor":22.0,"gold_loss":0.0,"damage_taken":0.0},{"damage_healed":0.0,"max_hp_gain":0.0,"max_hp_loss":0.0,"gold_gain":0.0,"event_name":"Match and Keep!","player_choice":"2 cards matched","floor":25.0,"gold_loss":0.0,"damage_taken":0.0,"cards_obtained":["Feel No Pain","Offering"]}],"is_beta":false,"boss_relics":[{"not_picked":["Astrolabe","Empty Cage"],"picked":"Runic Pyramid"},{"not_picked":["Busted Crown","Orrery"],"picked":"Sozu"}],"items_purged_floors":[12,19,21,39],"is_endless":false,"potions_floor_spawned":[7,11,13,28,30,33,37,38,42,48,55],"ascension_level":20}