{"gold_per_floor":[117,135,145,221,221,253,253,26,26,26,58,58,58,58,58,160,160,172,188,4,4,21,21,40,58,111,145,145,145,145,165,165,266,266,276,200,200,200,76,76,94,0,45,45,45,59,70,84,84,84],"floor_reached":51,"playtime":4773,"items_purged":["Strike_B"],"score":808,"play_id":"8518a905-d2c7-415e-98a5-b7cf90496792","local_time":"20180823123611","is_ascension_mode":true,"campfire_choices":[{"data":"Zap","floor":7,"key":"SMITH"},{"floor":10,"key":"REST"},{"data":"Defragment","floor":13,"key":"SMITH"},{"data":"Coolheaded","floor":15,"key":"SMITH"},{"data":"Go for the Eyes","floor":23,"key":"SMITH"},{"data":"Dualcast","floor":29,"key":"SMITH"},{"floor":32,"key":"REST"},{"data":"Steam","floor":40,"key":"SMITH"},{"data":"Electrodynamics","floor":44,"key":"SMITH"},{"floor":49,"key":"REST"}],"neow_cost":"NONE","seed_source_timestamp":634127662088225,"circlet_count":0,"master_deck":["Strike_B","Defend_B","Defend_B","Defend_B","Defend_B","Zap+1","Dualcast+1","Ball Lightning","Coolheaded+1","Defragment+1","Conserve Battery","Conserve Battery","All For One","Go for the Eyes+1","Hologram","Capacitor","Seek+1","Defragment+1","Conserve Battery+1","Steam+1","Echo Form","Biased Cognition","Electrodynamics+1","Glacier","FTL","Compile Driver+1","Glacier","Hologram","Redo+1","Stack+1","Barrage+1"],"relics":["Cracked Core","Strawberry","Symbiotic Virus","Juzu Bracelet","Oddly Smooth Stone","Matryoshka","Calipers","Happy Flower","Sozu","Blood Vial","War Paint","Prayer Wheel","Inserter","Nunchaku","Red Mask","Regal Pillow","Orichalcum"],"potions_floor_usage":[50,50],"damage_taken":[{"damage":1,"enemies":"Cultist","floor":1,"turns":3},{"damage":2,"enemies":"Jaw Worm","floor":2,"turns":3},{"damage":2,"enemies":"2 Louse","floor":3,"turns":2},{"damage":32,"enemies":"Gremlin Nob","floor":6,"turns":4},{"damage":11,"enemies":"Lagavulin","floor":11,"turns":6},{"damage":16,"enemies":"Slime Boss","floor":16,"turns":10},{"damage":6,"enemies":"2 Thieves","floor":18,"turns":4},{"damage":0,"enemies":"Shell Parasite","floor":19,"turns":3},{"damage":14,"enemies":"Sentry and Sphere","floor":22,"turns":5},{"damage":5,"enemies":"Snecko","floor":24,"turns":4},{"damage":3,"enemies":"Centurion and Healer","floor":25,"turns":5},{"damage":9,"enemies":"Slavers","floor":27,"turns":5},{"damage":1,"enemies":"Cultist and Chosen","floor":31,"turns":4},{"damage":0,"enemies":"Collector","floor":33,"turns":8},{"damage":15,"enemies":"Flame Bruiser 1 Orb","floor":35,"turns":4},{"damage":10,"floor":38,"turns":7},{"damage":0,"enemies":"Orb Walker","floor":41,"turns":3},{"damage":27,"enemies":"Flame Bruiser 2 Orb","floor":46,"turns":5},{"damage":0,"enemies":"Sphere and 2 Shapes","floor":47,"turns":5},{"damage":8,"enemies":"Maw","floor":48,"turns":6},{"damage":24,"enemies":"Awakened One","floor":50,"turns":20}],"seed_played":"8228958455823726788","potions_obtained":[{"floor":3,"key":"FocusPotion"},{"floor":5,"key":"FairyPotion"},{"floor":5,"key":"EssenceOfSteel"},{"floor":11,"key":"Explosive Potion"},{"floor":16,"key":"Dexterity Potion"}],"is_trial":false,"path_per_floor":["M","M","M","T","?","E","R","$","T","R","E","?","R","?","R","B",null,"M","M","$","?","M","R","M","M","T","E","?","R","?","M","R","B",null,"M","$","?","?","$","R","M","?","T","R","?","M","M","M","R","B"],"character_chosen":"DEFECT","items_purchased":["Oddly Smooth Stone","Capacitor","Seek","FTL","Glacier","Hologram"],"campfire_rested":3,"item_purchase_floors":[8,20,20,36,39,39],"current_hp_per_floor":[81,79,77,77,77,45,45,45,45,69,58,58,58,51,51,35,82,76,76,76,76,62,62,57,54,54,47,47,47,47,48,72,74,82,67,67,67,59,59,59,61,61,61,61,61,36,38,32,71,49],"gold":84,"neow_bonus":"RANDOM_COMMON_RELIC","is_prod":false,"is_daily":false,"chose_seed":false,"campfire_upgraded":7,"win_rate":0,"timestamp":1535042171,"path_taken":["M","M","M","?","?","E","R","$","T","R","E","?","R","?","R","BOSS","M","M","?","?","M","R","M","M","T","E","?","R","?","M","R","BOSS","M","$","?","?","$","R","M","?","T","R","?","M","M","M","R","BOSS"],"build_version":"2018-08-16","purchased_purges":1,"victory":true,"max_hp_per_floor":[82,82,82,82,82,82,82,82,82,82,82,82,82,82,82,82,82,82,82,82,82,82,82,82,82,82,82,82,82,82,82,82,82,82,82,82,82,82,82,82,82,82,82,82,82,82,82,82,82,82],"card_choices":[{"not_picked":["Beam Cell","FTL"],"picked":"Ball Lightning","floor":1},{"not_picked":["Barrage","Compile Driver"],"picked":"Coolheaded","floor":2},{"not_picked":["Heatsinks","Cold Snap"],"picked":"Defragment","floor":3},{"not_picked":["Double Energy","Ball Lightning"],"picked":"Conserve Battery","floor":6},{"not_picked":["Steam Power","Melter"],"picked":"Conserve Battery","floor":11},{"not_picked":["Fission","Hyperbeam"],"picked":"All For One","floor":16},{"not_picked":["Hologram","Capacitor"],"picked":"Go for the Eyes","floor":18},{"not_picked":["Conserve Battery","Auto Shields"],"picked":"Hologram","floor":19},{"not_picked":["Conserve Battery","Tempest"],"picked":"Cold Snap+1","floor":22},{"not_picked":["Stack","Sweeping Beam"],"picked":"Defragment+1","floor":24},{"not_picked":["Barrage","Force Field+1"],"picked":"Conserve Battery","floor":25},{"not_picked":["Coolheaded","Recycle+1"],"picked":"Steam","floor":27},{"not_picked":["Compile Driver","BootSequence"],"picked":"Biased Cognition","floor":31},{"not_picked":["Blizzard","Coolheaded","Barrage"],"picked":"SKIP","floor":31},{"not_picked":["Biased Cognition","Buffer"],"picked":"Electrodynamics","floor":33},{"not_picked":["Capacitor+1","Reinforced Body+1"],"picked":"Glacier","floor":35},{"not_picked":["Undo","Auto Shields+1","Aggregate+1"],"picked":"SKIP","floor":35},{"not_picked":["Darkness","White Noise+1"],"picked":"Compile Driver+1","floor":38},{"not_picked":["Ball Lightning","Turbo+1"],"picked":"Redo+1","floor":41},{"not_picked":["Rebound","Sweeping Beam","Undo+1"],"picked":"SKIP","floor":41},{"not_picked":["Steam","Meteor Strike"],"picked":"Stack+1","floor":46},{"not_picked":["Turbo","Beam Cell","Barrage+1"],"picked":"SKIP","floor":46},{"not_picked":["Streamline","Conserve Battery+1"],"picked":"Barrage+1","floor":47},{"not_picked":["Gash+1","Streamline","Coolheaded"],"picked":"SKIP","floor":47},{"not_picked":["Stack","Melter+1","Biased Cognition"],"picked":"SKIP","floor":48},{"not_picked":["Recycle","Melter+1","Force Field"],"picked":"SKIP","floor":48}],"player_experience":150423,"relics_obtained":[{"floor":4,"key":"Symbiotic Virus"},{"floor":6,"key":"Juzu Bracelet"},{"floor":9,"key":"Matryoshka"},{"floor":11,"key":"Calipers"},{"floor":26,"key":"Blood Vial"},{"floor":26,"key":"War Paint"},{"floor":27,"key":"Prayer Wheel"},{"floor":38,"key":"Nunchaku"},{"floor":43,"key":"Regal Pillow"},{"floor":43,"key":"Orichalcum"}],"event_choices":[{"event_name":"The Lab","player_choice":"Got Potions","floor":5,"damage_taken":0},{"event_name":"Living Wall","player_choice":"Forget","floor":12,"damage_taken":0},{"event_name":"Scrap Ooze","player_choice":"success","floor":14,"damage_taken":7},{"event_name":"Purifier","player_choice":"One Purge","floor":21,"damage_taken":0},{"event_name":"The Library","player_choice":"Read","floor":28,"damage_taken":0},{"event_name":"Vampires","player_choice":"Ignored","floor":30,"damage_taken":0},{"event_name":"Falling","player_choice":"Removed Attack","floor":37,"damage_taken":0},{"event_name":"MindBloom","player_choice":"Fight","floor":38,"damage_taken":0},{"event_name":"Tomb of Lord Red Mask","player_choice":"Paid","floor":42,"damage_taken":0},{"event_name":"SecretPortal","player_choice":"Rejected Portal.","floor":45,"damage_taken":0}],"is_beta":false,"boss_relics":[{"not_picked":["Velvet Choker","Fusion Hammer"],"picked":"Sozu"},{"not_picked":["FrozenCore","Busted Crown"],"picked":"Inserter"}],"items_purged_floors":[8],"is_endless":false,"potions_floor_spawned":[3,11,16,19,31,33,47],"ascension_level":4}