{"gold_per_floor":[215,232,243,21,39,39,39,39,65,65,122,156,156,181,181,255,255,266,266,316,336,124,124,49,75,99,99,22,22,22,22,22,93,93,104,118,81,96,146,172,185,196,275,175,175,190,190,240,240,240,240,240,240,0,31,31],"floor_reached":57,"playtime":4855,"items_purged":["Strike_R","Strike_R"],"score":2608,"play_id":"b4a3066a-65b3-4be9-8ffe-5a3939f2cc93","local_time":"20190513020438","is_ascension_mode":true,"campfire_choices":[{"data":"Feed","floor":6.0,"key":"SMITH"},{"data":"Bash","floor":8.0,"key":"SMITH"},{"data":"Barricade","floor":15,"key":"SMITH"},{"data":"Armaments","floor":23,"key":"SMITH"},{"data":"Corruption","floor":27,"key":"SMITH"},{"data":"Metallicize","floor":29,"key":"SMITH"},{"floor":32,"key":"REST"},{"floor":45,"key":"RECALL"},{"floor":47,"key":"REST"},{"floor":49,"key":"REST"},{"floor":53,"key":"REST"}],"neow_cost":"NONE","seed_source_timestamp":776477404246060,"circlet_count":0,"master_deck":["AscendersBane","Strike_R","Defend_R","Defend_R","Defend_R","Defend_R","Bash+1","Cleave","Carnage","Feed+1","Battle Trance","Shrug It Off","Barricade+1","Exhume","Body Slam+1","Armaments+1","Shrug It Off","Corruption+1","Metallicize+1","Feed+1","Disarm","Havoc+1","Feel No Pain","Evolve+1","Armaments","Flame Barrier","Clothesline+1","Shrug It Off"],"special_seed":0,"relics":["Burning Blood","Strange Spoon","Bag of Marbles","Lantern","Oddly Smooth Stone","Molten Egg 2","Self Forming Clay","Runic Pyramid","Nilry\u0027s Codex","Shuriken","Vajra","SsserpentHead","Fusion Hammer","Centennial Puzzle","TheAbacus","Paper Frog"],"potions_floor_usage":[12,40,55,56,56],"damage_taken":[{"damage":0.0,"enemies":"2 Louse","floor":1.0,"turns":4.0},{"damage":4.0,"enemies":"Jaw Worm","floor":2.0,"turns":4.0},{"damage":4.0,"enemies":"Small Slimes","floor":3.0,"turns":3.0},{"damage":6.0,"enemies":"2 Fungi Beasts","floor":5.0,"turns":5.0},{"damage":8.0,"enemies":"Gremlin Nob","floor":11.0,"turns":3.0},{"damage":20,"enemies":"Lagavulin","floor":12,"turns":5},{"damage":17,"enemies":"3 Sentries","floor":14,"turns":7},{"damage":54,"enemies":"The Guardian","floor":16,"turns":27},{"damage":3,"enemies":"Chosen","floor":18,"turns":5},{"damage":33,"enemies":"3 Byrds","floor":21,"turns":9},{"damage":25,"enemies":"Gremlin Leader","floor":25,"turns":7},{"damage":5,"enemies":"Champ","floor":33,"turns":9},{"damage":5,"enemies":"3 Shapes","floor":35,"turns":6},{"damage":7,"enemies":"Orb Walker","floor":36,"turns":4},{"damage":44,"enemies":"Jaw Worm Horde","floor":38,"turns":5},{"damage":23,"enemies":"Reptomancer","floor":40,"turns":9},{"damage":10,"enemies":"Transient","floor":41,"turns":6},{"damage":0,"enemies":"Maw","floor":42,"turns":9},{"damage":3,"enemies":"Spire Growth","floor":46,"turns":5},{"damage":42,"enemies":"Time Eater","floor":50,"turns":15},{"damage":14,"enemies":"Donu and Deca","floor":51,"turns":10},{"damage":36,"enemies":"Shield and Spear","floor":55,"turns":15},{"damage":28,"enemies":"The Heart","floor":56,"turns":9}],"seed_played":"8598789790395045877","potions_obtained":[{"floor":1.0,"key":"SteroidPotion"},{"floor":3.0,"key":"FearPotion"},{"floor":25,"key":"GamblersBrew"},{"floor":35,"key":"EssenceOfSteel"},{"floor":46,"key":"Strength Potion"},{"floor":55,"key":"Regen Potion"}],"is_trial":false,"path_per_floor":["M","M","M","$","M","R","?","R","T","$","?","E","T","E","R","B",null,"M","?","?","M","$","R","?","E","T","R","$","R","?","$","R","B",null,"M","M","$","M","?","E","M","M","T","$","R","M","R","?","R","B","B",null,"R","$","E","B",null],"character_chosen":"IRONCLAD","items_purchased":["Strange Spoon","Shrug It Off","Corruption","Metallicize","Feel No Pain","TheAbacus","Shrug It Off"],"campfire_rested":4,"item_purchase_floors":[4,22,22,28,37,54,54],"current_hp_per_floor":[74,75,75,75,81,81,81,81,81,81,83,73,73,70,70,26,82,89,68,68,53,53,53,53,38,38,38,38,38,38,38,74,75,110,123,126,126,96,96,83,79,89,89,89,89,96,143,143,157,125,125,158,169,169,147,144],"gold":31,"neow_bonus":"HUNDRED_GOLD","is_prod":false,"is_daily":false,"chose_seed":false,"campfire_upgraded":6,"win_rate":0,"timestamp":1557727478,"path_taken":["M","M","M","$","M","R","?","R","T","?","?","E","?","E","R","BOSS","M","?","?","M","$","R","?","E","T","R","?","R","?","$","R","BOSS","M","M","?","M","?","E","M","M","T","$","R","M","R","?","R","BOSS","BOSS","R","$","E","BOSS"],"build_version":"2019-01-23","purchased_purges":2,"victory":true,"max_hp_per_floor":[75,75,75,75,81,81,81,81,81,81,85,89,89,97,97,101,101,105,105,105,117,117,117,117,121,121,121,121,121,121,121,121,121,121,133,137,137,145,145,149,149,153,153,153,153,157,157,157,157,161,169,169,169,169,177,181],"card_choices":[{"not_picked":["Evolve","Sentinel"],"picked":"Cleave","floor":1.0},{"not_picked":["True Grit","Searing Blow"],"picked":"Carnage","floor":2.0},{"not_picked":["Wild Strike","Rage"],"picked":"Feed","floor":3.0},{"not_picked":["Ghostly Armor","Spot Weakness"],"picked":"Battle Trance","floor":5.0},{"not_picked":["Clash","Wild Strike"],"picked":"Shrug It Off","floor":12},{"not_picked":["Body Slam+1","Headbutt+1"],"picked":"Barricade","floor":14},{"not_picked":["Bludgeon+1","Berserk"],"picked":"Exhume","floor":16},{"not_picked":["Shockwave","Combust"],"picked":"Body Slam+1","floor":18},{"not_picked":["Havoc","Body Slam+1"],"picked":"Armaments","floor":21},{"not_picked":["Warcry","Iron Wave+1","Havoc"],"picked":"SKIP","floor":25},{"not_picked":["Warcry","Iron Wave+1","Havoc"],"picked":"SKIP","floor":25},{"not_picked":["Warcry","Iron Wave+1","Havoc"],"picked":"SKIP","floor":25},{"not_picked":["Fiend Fire+1","Double Tap"],"picked":"Feed+1","floor":33},{"not_picked":["Warcry","Pummel+1"],"picked":"Disarm","floor":35},{"not_picked":["Infernal Blade","Flex"],"picked":"Havoc+1","floor":36},{"not_picked":["Wild Strike+1","Uppercut+1","Havoc"],"picked":"SKIP","floor":38},{"not_picked":["Blood for Blood+1","Clothesline+1"],"picked":"Evolve+1","floor":40},{"not_picked":["Rage","Metallicize+1"],"picked":"Armaments","floor":41},{"not_picked":["Inflame","Iron Wave+1","Rampage+1"],"picked":"SKIP","floor":42},{"not_picked":["Hemokinesis+1","Dual Wield"],"picked":"Flame Barrier","floor":46},{"not_picked":["Flex","Pommel Strike+1","Rupture"],"picked":"SKIP","floor":55}],"player_experience":1327872,"relics_obtained":[{"floor":9.0,"key":"Bag of Marbles"},{"floor":12,"key":"Oddly Smooth Stone"},{"floor":13,"key":"Molten Egg 2"},{"floor":14,"key":"Self Forming Clay"},{"floor":19,"key":"Nilry\u0027s Codex"},{"floor":25,"key":"Shuriken"},{"floor":26,"key":"Vajra"},{"floor":40,"key":"Centennial Puzzle"},{"floor":55,"key":"Paper Frog"}],"event_choices":[{"damage_healed":0.0,"max_hp_gain":0.0,"max_hp_loss":0.0,"gold_gain":0.0,"event_name":"The Cleric","player_choice":"Leave","floor":7.0,"gold_loss":0.0,"damage_taken":0.0},{"damage_healed":0.0,"max_hp_gain":0.0,"max_hp_loss":0.0,"gold_gain":0.0,"event_name":"Dead Adventurer","player_choice":"Searched \u00272\u0027 times","floor":11.0,"gold_loss":0.0,"damage_taken":0.0,"relics_obtained":["Lantern"]},{"damage_healed":0,"gold_gain":0,"player_choice":"Obtained Book","damage_taken":21,"max_hp_gain":0,"max_hp_loss":0,"event_name":"Cursed Tome","floor":19,"gold_loss":0},{"damage_healed":0,"gold_gain":50,"player_choice":"Stole From Cult","damage_taken":0,"max_hp_gain":0,"max_hp_loss":0,"event_name":"Nest","floor":20,"gold_loss":0},{"cards_removed":["Strike_R"],"damage_healed":0,"gold_gain":0,"player_choice":"Gave Gold","damage_taken":0,"max_hp_gain":0,"max_hp_loss":0,"event_name":"Beggar","floor":24,"gold_loss":75},{"damage_healed":0,"gold_gain":0,"player_choice":"Trade","damage_taken":0,"relics_obtained":["SsserpentHead"],"max_hp_gain":0,"max_hp_loss":0,"event_name":"FaceTrader","floor":30,"gold_loss":0},{"damage_healed":0,"gold_gain":0,"player_choice":"Ignored","damage_taken":0,"max_hp_gain":0,"max_hp_loss":0,"event_name":"Mysterious Sphere","floor":39,"gold_loss":0},{"damage_healed":0,"gold_gain":0,"cards_transformed":["Strike_R"],"player_choice":"Transformed","damage_taken":0,"max_hp_gain":0,"max_hp_loss":0,"event_name":"Transmorgrifier","floor":48,"gold_loss":0,"cards_obtained":["Clothesline"]}],"is_beta":false,"boss_relics":[{"not_picked":["Mark of Pain","Runic Dome"],"picked":"Runic Pyramid"},{"not_picked":["Philosopher\u0027s Stone","Sozu"],"picked":"Fusion Hammer"}],"items_purged_floors":[22,44],"is_endless":false,"potions_floor_spawned":[1,3,11,25,35,46,55],"ascension_level":20}