{"gold_per_floor":[112,124,124,139,139,139,51,78,78,78,95,153,153,186,186,264,264,278,278,278,296,312,347,363,363,363,36,64,81,81,81,81,155,155,166,180,259,259,17,17,66,96,120,41,41,58,58,89,89,89,89,89,89,89,118,118],"floor_reached":57,"playtime":4872,"items_purged":["Strike_G"],"score":2958,"play_id":"7b15a9af-7b74-4bfb-84af-a0f897c92fee","local_time":"20190518010959","is_ascension_mode":true,"campfire_choices":[{"floor":6.0,"key":"REST"},{"data":"Bouncing Flask","floor":10.0,"key":"SMITH"},{"data":"Dagger Spray","floor":13.0,"key":"SMITH"},{"data":"Noxious Fumes","floor":15.0,"key":"SMITH"},{"data":"Wraith Form v2","floor":25,"key":"SMITH"},{"data":"After Image","floor":30,"key":"SMITH"},{"data":"Well Laid Plans","floor":32,"key":"SMITH"},{"data":"Malaise","floor":40,"key":"SMITH"},{"data":"Bouncing Flask","floor":47,"key":"SMITH"},{"floor":49,"key":"RECALL"},{"data":"Adrenaline","floor":53,"key":"SMITH"}],"neow_cost":"NONE","seed_source_timestamp":189341471994362,"circlet_count":0,"master_deck":["AscendersBane","Defend_G","Defend_G","Defend_G+1","Defend_G+1","Defend_G","Survivor","Neutralize","Leg Sweep","Bouncing Flask+1","Backstab","Dagger Spray+1","Noxious Fumes+1","After Image+1","Malaise+1","Wraith Form v2+1","Sucker Punch+1","Predator+1","Bouncing Flask+1","Wraith Form v2+1","Crippling Poison+1","Well Laid Plans+1","Cloak And Dagger+1","Calculated Gamble+1","Wraith Form v2+1","Adrenaline+1","PiercingWail+1"],"special_seed":0,"relics":["Ring of the Snake","Mercury Hourglass","Juzu Bracelet","Oddly Smooth Stone","Omamori","Ninja Scroll","Astrolabe","MutagenicStrength","Mummified Hand","Art of War","Pantograph","Meat on the Bone","Snecko Eye","Toxic Egg 2","Centennial Puzzle","StoneCalendar","Incense Burner","Gremlin Horn","Strawberry"],"potions_floor_usage":[24,56,56],"damage_taken":[{"damage":4.0,"enemies":"Small Slimes","floor":1.0,"turns":4.0},{"damage":0.0,"enemies":"2 Louse","floor":2.0,"turns":3.0},{"damage":1.0,"enemies":"Jaw Worm","floor":4.0,"turns":4.0},{"damage":11.0,"enemies":"Lagavulin","floor":8.0,"turns":7.0},{"damage":0.0,"enemies":"3 Louse","floor":11.0,"turns":3.0},{"damage":2.0,"enemies":"3 Sentries","floor":12.0,"turns":4.0},{"damage":9.0,"enemies":"Gremlin Nob","floor":14.0,"turns":4.0},{"damage":0.0,"enemies":"Slime Boss","floor":16.0,"turns":6.0},{"damage":2.0,"enemies":"2 Thieves","floor":18.0,"turns":5.0},{"damage":2.0,"enemies":"Shell Parasite","floor":21.0,"turns":5.0},{"damage":2.0,"enemies":"Centurion and Healer","floor":22.0,"turns":9.0},{"damage":3.0,"enemies":"Slavers","floor":23.0,"turns":5.0},{"damage":5,"enemies":"Chosen and Byrds","floor":24,"turns":3},{"damage":0,"enemies":"Gremlin Leader","floor":28,"turns":6},{"damage":0,"enemies":"Cultist and Chosen","floor":29,"turns":4},{"damage":16,"enemies":"Collector","floor":33,"turns":9},{"damage":0,"enemies":"3 Darklings","floor":35,"turns":5},{"damage":1,"enemies":"3 Shapes","floor":36,"turns":3},{"damage":0,"enemies":"2 Orb Walkers","floor":41,"turns":4},{"damage":3,"enemies":"Nemesis","floor":42,"turns":7},{"damage":0,"enemies":"Spire Growth","floor":46,"turns":7},{"damage":0,"enemies":"Giant Head","floor":48,"turns":8},{"damage":19,"enemies":"Donu and Deca","floor":50,"turns":9},{"damage":12,"enemies":"Time Eater","floor":51,"turns":13},{"damage":1,"enemies":"Shield and Spear","floor":55,"turns":8},{"damage":0,"enemies":"The Heart","floor":56,"turns":12}],"seed_played":"-8150622497264517739","potions_obtained":[{"floor":1.0,"key":"Fire Potion"},{"floor":4.0,"key":"Fire Potion"},{"floor":14.0,"key":"GamblersBrew"},{"floor":20.0,"key":"Weak Potion"},{"floor":20.0,"key":"Fire Potion"},{"floor":28,"key":"AttackPotion"},{"floor":48,"key":"Block Potion"}],"is_trial":false,"path_per_floor":["M","M","?","M","?","R","$","E","T","R","M","?","R","E","R","B",null,"M","?","?","M","M","E","M","R","T","$","E","M","R","?","R","B",null,"M","M","T","?","$","R","?","E","T","$","?","M","R","E","R","B","B",null,"R","$","E","B",null],"character_chosen":"THE_SILENT","items_purchased":["Bouncing Flask","Well Laid Plans","Pantograph","Centennial Puzzle","GhostInAJar"],"campfire_rested":1,"item_purchase_floors":[7,27,27,39,44],"current_hp_per_floor":[61,61,56,55,33,54,54,43,43,43,43,41,41,32,32,32,62,60,60,60,58,56,53,48,48,48,48,48,48,48,48,48,56,68,68,67,67,67,67,67,67,64,64,64,72,72,72,72,72,53,60,69,69,69,75,79],"gold":118,"neow_bonus":"TEN_PERCENT_HP_BONUS","is_prod":false,"is_daily":false,"chose_seed":false,"campfire_upgraded":9,"win_rate":0,"timestamp":1558156199,"path_taken":["M","M","?","M","?","R","?","E","T","R","M","?","R","E","R","BOSS","M","?","?","M","M","E","M","R","T","$","E","M","R","?","R","BOSS","M","M","?","?","$","R","?","E","T","?","?","M","R","E","R","BOSS","BOSS","R","$","E","BOSS"],"build_version":"2019-01-23","purchased_purges":1,"victory":true,"max_hp_per_floor":[72,72,72,72,72,72,72,72,72,72,72,72,72,72,72,72,72,72,72,72,72,72,72,72,72,72,72,72,72,72,72,72,72,72,72,72,72,72,72,72,72,72,72,72,72,72,72,72,72,72,72,72,72,72,79,79],"card_choices":[{"not_picked":["Catalyst","Deflect","Setup"],"picked":"SKIP","floor":1.0},{"not_picked":["Deflect","Backflip","Outmaneuver"],"picked":"SKIP","floor":2.0},{"not_picked":["Prepared","Slice"],"picked":"Leg Sweep","floor":4.0},{"not_picked":["Slice","Deflect"],"picked":"Backstab","floor":8.0},{"not_picked":["Backstab","Expertise"],"picked":"Dagger Spray","floor":11.0},{"not_picked":["Backflip","Deadly Poison"],"picked":"Noxious Fumes","floor":12.0},{"not_picked":["Backstab","Catalyst"],"picked":"After Image","floor":14.0},{"not_picked":["Venomology","Envenom"],"picked":"Malaise","floor":16.0},{"not_picked":["Slice","Dagger Throw","Flying Knee"],"picked":"SKIP","floor":18.0},{"not_picked":["Underhanded Strike","Cloak And Dagger"],"picked":"Bouncing Flask","floor":21.0},{"not_picked":["Flying Knee","Slice","Dodge and Roll"],"picked":"SKIP","floor":22.0},{"not_picked":["Prepared","Underhanded Strike"],"picked":"Wraith Form v2","floor":23.0},{"not_picked":["Reflex","Acrobatics"],"picked":"Crippling Poison+1","floor":24},{"not_picked":["Riddle With Holes+1","Dagger Throw"],"picked":"Cloak And Dagger+1","floor":28},{"not_picked":["Dash","Caltrops"],"picked":"Calculated Gamble+1","floor":29},{"not_picked":["Malaise","Grand Finale"],"picked":"Adrenaline","floor":33},{"not_picked":["Expertise","Poisoned Stab","Masterful Stab"],"picked":"SKIP","floor":35},{"not_picked":["Dagger Spray","Deadly Poison","Dagger Throw+1"],"picked":"SKIP","floor":36},{"not_picked":["Acrobatics+1","Expertise+1","Escape Plan+1"],"picked":"SKIP","floor":42},{"not_picked":["Deflect+1","All Out Attack"],"picked":"PiercingWail+1","floor":46},{"not_picked":["Riddle With Holes","Acrobatics+1","Infinite Blades+1"],"picked":"SKIP","floor":48},{"not_picked":["Envenom","Cloak And Dagger+1","PiercingWail+1"],"picked":"SKIP","floor":55}],"player_experience":1384484,"relics_obtained":[{"floor":8.0,"key":"Juzu Bracelet"},{"floor":9.0,"key":"Oddly Smooth Stone"},{"floor":12.0,"key":"Omamori"},{"floor":14.0,"key":"Ninja Scroll"},{"floor":23.0,"key":"Mummified Hand"},{"floor":26,"key":"Art of War"},{"floor":28,"key":"Meat on the Bone"},{"floor":37,"key":"Toxic Egg 2"},{"floor":41,"key":"StoneCalendar"},{"floor":42,"key":"Incense Burner"},{"floor":48,"key":"Gremlin Horn"},{"floor":55,"key":"Strawberry"}],"event_choices":[{"damage_healed":0.0,"max_hp_gain":0.0,"max_hp_loss":0.0,"gold_gain":0.0,"event_name":"Scrap Ooze","player_choice":"Success","floor":3.0,"gold_loss":0.0,"damage_taken":5.0,"relics_obtained":["Mercury Hourglass"]},{"damage_healed":0.0,"max_hp_gain":0.0,"max_hp_loss":0.0,"gold_gain":0.0,"event_name":"Shining Light","player_choice":"Entered Light","floor":5.0,"gold_loss":0.0,"damage_taken":22.0,"cards_upgraded":["Defend_G","Defend_G"]},{"damage_healed":0.0,"max_hp_gain":0.0,"max_hp_loss":0.0,"gold_gain":0.0,"event_name":"Dead Adventurer","player_choice":"Searched \u00272\u0027 times","floor":12.0,"gold_loss":0.0,"damage_taken":0.0},{"damage_healed":0.0,"max_hp_gain":0.0,"max_hp_loss":0.0,"gold_gain":0.0,"event_name":"Drug Dealer","player_choice":"Inject Mutagens","floor":19.0,"gold_loss":0.0,"damage_taken":0.0,"relics_obtained":["MutagenicStrength"]},{"damage_healed":0.0,"max_hp_gain":0.0,"max_hp_loss":0.0,"gold_gain":0.0,"event_name":"Lab","player_choice":"Got Potions","floor":20.0,"gold_loss":0.0,"damage_taken":0.0},{"damage_healed":0,"gold_gain":0,"player_choice":"Copied","damage_taken":0,"max_hp_gain":0,"max_hp_loss":0,"event_name":"Duplicator","floor":31,"gold_loss":0,"cards_obtained":["Wraith Form v2"]},{"cards_removed":["Strike_G"],"damage_healed":0,"gold_gain":0,"player_choice":"Removed Attack","damage_taken":0,"max_hp_gain":0,"max_hp_loss":0,"event_name":"Falling","floor":38,"gold_loss":0},{"damage_healed":0,"gold_gain":0,"player_choice":"Fight","damage_taken":0,"max_hp_gain":0,"max_hp_loss":0,"event_name":"Mysterious Sphere","floor":41,"gold_loss":0},{"damage_healed":14,"gold_gain":0,"player_choice":"Writhe","damage_taken":0,"max_hp_gain":0,"max_hp_loss":0,"event_name":"Winding Halls","floor":45,"gold_loss":0,"cards_obtained":["Writhe"]}],"is_beta":false,"boss_relics":[{"not_picked":["WristBlade","Black Star"],"picked":"Astrolabe"},{"not_picked":["Eternal Feather","Coffee Dripper"],"picked":"Snecko Eye"}],"items_purged_floors":[39],"is_endless":false,"potions_floor_spawned":[1,4,14,23,28,35,42,48,55],"ascension_level":20}