{"gold_per_floor":[109,259,259,275,275,319,319,319,319,319,350,350,350],"floor_reached":13,"playtime":140,"items_purged":[],"score":228,"play_id":"d83b6e5b-2e8e-4dce-abca-0246ed7b3d78","local_time":"20190328202946","is_ascension_mode":true,"campfire_choices":[{"data":"Zap","floor":7,"key":"SMITH"},{"data":"Dualcast","floor":10,"key":"SMITH"},{"floor":12,"key":"DIG"}],"neow_cost":"NONE","seed_source_timestamp":1275455130213148,"circlet_count":0,"master_deck":["AscendersBane","Strike_B+1","Strike_B+1","Strike_B","Strike_B","Defend_B","Defend_B","Defend_B","Defend_B","Zap+1","Dualcast+1","Go for the Eyes","Coolheaded","Self Repair"],"relics":["Cracked Core","NeowsBlessing","Blood Vial","Golden Idol","Regal Pillow","Shuriken","Shovel","Whetstone"],"potions_floor_usage":[11],"damage_taken":[{"damage":0,"enemies":"2 Louse","floor":1,"turns":1},{"damage":0,"enemies":"Small Slimes","floor":4,"turns":1},{"damage":0,"enemies":"3 Sentries","floor":6,"turns":1},{"damage":40,"enemies":"Gremlin Nob","floor":11,"turns":4},{"damage":0,"enemies":"Cultist","floor":13,"turns":1}],"seed_played":"-7785642901302621907","potions_obtained":[{"floor":4,"key":"Fire Potion"},{"floor":6,"key":"Energy Potion"}],"is_trial":false,"path_per_floor":["M","?","?","M","?","E","R","?","T","R","E","R","M"],"character_chosen":"DEFECT","items_purchased":[],"campfire_rested":0,"item_purchase_floors":[],"current_hp_per_floor":[64,64,64,66,42,44,44,44,44,44,6,6,8],"gold":350,"neow_bonus":"THREE_ENEMY_KILL","is_prod":false,"is_daily":false,"chose_seed":false,"campfire_upgraded":2,"win_rate":0,"timestamp":1553819386,"path_taken":["M","?","?","?","?","E","R","?","T","R","E","R","M"],"build_version":"2019-01-23","purchased_purges":0,"victory":false,"max_hp_per_floor":[71,71,71,71,71,71,71,71,71,71,71,71,71],"card_choices":[{"not_picked":["Turbo","Streamline"],"picked":"Barrage","floor":1},{"not_picked":["Force Field","Streamline"],"picked":"Go for the Eyes","floor":4},{"not_picked":["Hello World","Storm"],"picked":"Coolheaded","floor":6},{"not_picked":["Blizzard","Barrage"],"picked":"Self Repair","floor":11}],"player_experience":1027234,"relics_obtained":[{"floor":6,"key":"Regal Pillow"},{"floor":9,"key":"Shuriken"},{"floor":11,"key":"Shovel"},{"floor":12,"key":"Whetstone"}],"event_choices":[{"damage_healed":0,"gold_gain":150,"player_choice":"AGREE","damage_taken":0,"max_hp_gain":0,"max_hp_loss":0,"event_name":"Liars Game","floor":2,"gold_loss":0,"cards_obtained":["Doubt"]},{"cards_removed":["Barrage"],"damage_healed":0,"gold_gain":0,"player_choice":"Gave Card","damage_taken":0,"relics_obtained":["Blood Vial"],"max_hp_gain":0,"max_hp_loss":0,"event_name":"WeMeetAgain","floor":3,"gold_loss":0},{"damage_healed":0,"gold_gain":0,"player_choice":"Take Damage","damage_taken":24,"relics_obtained":["Golden Idol"],"max_hp_gain":0,"max_hp_loss":0,"event_name":"Golden Idol","floor":5,"gold_loss":0},{"cards_removed":["Doubt"],"damage_healed":0,"gold_gain":0,"player_choice":"Forget","damage_taken":0,"max_hp_gain":0,"max_hp_loss":0,"event_name":"Living Wall","floor":8,"gold_loss":0}],"is_beta":false,"boss_relics":[],"items_purged_floors":[],"is_endless":false,"potions_floor_spawned":[4,6],"killed_by":"Cultist","ascension_level":20}