{"gold_per_floor":[112,65,81,100,115,144,164,191,236,267,278,353,369,383,383,487,487,504,515,88,103,114,114,145,164,191,191,217,231,231,231,231,330,330,350,89,89,89,19,47,47,67,67,77,95,95,128,144,144,144],"floor_reached":51,"playtime":10187,"items_purged":["Strike_B"],"score":1177,"play_id":"66e1e2fe-1b88-49b4-8371-429686e31cf7","local_time":"20190721235002","is_ascension_mode":true,"campfire_choices":[{"floor":15.0,"key":"REST"},{"data":"Defragment","floor":23,"key":"SMITH"},{"data":"Tempest","floor":27,"key":"SMITH"},{"data":"Rainbow","floor":32,"key":"SMITH"},{"data":"Defragment","floor":41,"key":"SMITH"},{"data":"Capacitor","floor":46,"key":"SMITH"},{"data":"Static Discharge","floor":49,"key":"SMITH"}],"neow_cost":"NONE","seed_source_timestamp":1007219221607542,"circlet_count":0,"master_deck":["Strike_B","Strike_B","Strike_B","Defend_B","Defend_B","Defend_B","Defend_B","Zap","Dualcast","Echo Form","Steam","Steam","Conserve Battery","Leap","Compile Driver","Defragment+1","Coolheaded","Rainbow+1","Hyperbeam","Coolheaded","Lockon","Self Repair","Chill+1","Capacitor+1","Loop","Hologram","Tempest+1","Undo","Chill","Glacier","White Noise","Seek","Stack+1","Blind","Defragment+1","Static Discharge+1","Stack+1","Hologram+1","White Noise+1","Stack+1","Glacier"],"special_seed":0,"relics":["Cracked Core","Bottled Tornado","Blood Vial","Oddly Smooth Stone","Matryoshka","Coffee Dripper","Cables","Potion Belt","Omamori","Vajra","Calipers","WarpedTongs","Nuclear Battery","Mummified Hand","Strawberry","Anchor","Symbiotic Virus"],"potions_floor_usage":[28,28],"damage_taken":[{"damage":1.0,"enemies":"Cultist","floor":1.0,"turns":3.0},{"damage":0.0,"enemies":"2 Louse","floor":3.0,"turns":1.0},{"damage":0.0,"enemies":"Jaw Worm","floor":4.0,"turns":3.0},{"damage":0.0,"enemies":"Large Slime","floor":5.0,"turns":4.0},{"damage":14.0,"enemies":"3 Sentries","floor":6.0,"turns":3.0},{"damage":14.0,"enemies":"Exordium Thugs","floor":7.0,"turns":5.0},{"damage":0.0,"enemies":"Lagavulin","floor":8.0,"turns":8.0},{"damage":5.0,"enemies":"3 Sentries","floor":10.0,"turns":9.0},{"damage":4.0,"enemies":"2 Fungi Beasts","floor":11.0,"turns":3.0},{"damage":6.0,"enemies":"Exordium Wildlife","floor":13.0,"turns":3.0},{"damage":19.0,"enemies":"Gremlin Gang","floor":14.0,"turns":4.0},{"damage":12.0,"enemies":"Hexaghost","floor":16.0,"turns":9.0},{"damage":10,"enemies":"Shell Parasite","floor":18,"turns":7},{"damage":8,"enemies":"3 Byrds","floor":19,"turns":10},{"damage":2,"enemies":"Snake Plant","floor":21,"turns":4},{"damage":0,"enemies":"3 Cultists","floor":22,"turns":3},{"damage":11,"enemies":"Book of Stabbing","floor":24,"turns":6},{"damage":0,"enemies":"Snecko","floor":25,"turns":5},{"damage":15,"enemies":"Gremlin Leader","floor":28,"turns":7},{"damage":5,"enemies":"Centurion and Healer","floor":29,"turns":7},{"damage":5,"enemies":"Champ","floor":33,"turns":12},{"damage":0,"enemies":"Orb Walker","floor":35,"turns":3},{"damage":0,"enemies":"Giant Head","floor":40,"turns":9},{"damage":16,"enemies":"3 Darklings","floor":42,"turns":9},{"damage":6,"enemies":"Spire Growth","floor":44,"turns":6},{"damage":0,"enemies":"Sphere and 2 Shapes","floor":45,"turns":7},{"damage":0,"enemies":"Nemesis","floor":47,"turns":5},{"damage":0,"enemies":"Jaw Worm Horde","floor":48,"turns":5},{"damage":16,"enemies":"Awakened One","floor":50,"turns":26}],"seed_played":"-2326207771044547626","potions_obtained":[{"floor":4.0,"key":"SkillPotion"},{"floor":5.0,"key":"SkillPotion"},{"floor":7.0,"key":"GamblersBrew"},{"floor":14.0,"key":"Block Potion"},{"floor":16.0,"key":"SpeedPotion"},{"floor":21,"key":"Explosive Potion"},{"floor":24,"key":"SteroidPotion"},{"floor":28,"key":"PowerPotion"},{"floor":33,"key":"PowerPotion"},{"floor":42,"key":"PowerPotion"},{"floor":44,"key":"Regen Potion"}],"is_trial":false,"path_per_floor":["M","$","M","M","M","E","M","E","T","E","M","?","M","M","R","B",null,"M","M","$","M","M","R","E","M","T","R","E","M","?","?","R","B",null,"M","$","?","?","$","E","R","M","T","M","M","R","E","M","R","B",null],"character_chosen":"DEFECT","items_purchased":["Steam","Cables","Loop","Hologram","Mummified Hand","Defragment"],"campfire_rested":1,"item_purchase_floors":[2,20,20,20,36,39],"current_hp_per_floor":[67,67,67,67,67,53,39,39,39,36,34,23,19,2,24,21,62,68,75,75,75,75,75,71,75,75,75,74,75,75,75,75,75,75,75,75,75,75,75,82,82,82,82,82,82,82,82,82,82,82],"gold":144,"neow_bonus":"ONE_RANDOM_RARE_CARD","is_prod":false,"is_daily":false,"chose_seed":false,"campfire_upgraded":6,"win_rate":0,"timestamp":1563767402,"path_taken":["M","$","M","M","?","E","M","E","T","E","M","?","M","M","R","BOSS","M","M","$","M","M","R","E","M","T","R","E","M","?","?","R","BOSS","M","$","?","?","$","E","R","M","T","M","M","R","E","M","R","BOSS"],"build_version":"2019-07-17","purchased_purges":1,"victory":true,"max_hp_per_floor":[75,75,75,75,75,75,75,75,75,75,75,75,75,75,75,75,75,75,75,75,75,75,75,75,75,75,75,75,75,75,75,75,75,75,75,75,75,75,75,82,82,82,82,82,82,82,82,82,82,82],"card_choices":[{"not_picked":["Storm","Stack"],"picked":"Steam","floor":1.0},{"not_picked":["Storm","Stack"],"picked":"Conserve Battery","floor":3.0},{"not_picked":["Auto Shields","Recycle"],"picked":"Leap","floor":4.0},{"not_picked":["Hello World","Leap"],"picked":"Compile Driver","floor":5.0},{"not_picked":["Sweeping Beam","Self Repair"],"picked":"Defragment","floor":6.0},{"not_picked":["Beam Cell","Hologram"],"picked":"Coolheaded","floor":7.0},{"not_picked":["Reinforced Body","Redo"],"picked":"Rainbow","floor":8.0},{"not_picked":["Melter","Conserve Battery"],"picked":"Hyperbeam","floor":10.0},{"not_picked":["Redo","Gash"],"picked":"Coolheaded","floor":11.0},{"not_picked":["Go for the Eyes","Coolheaded"],"picked":"Lockon","floor":13.0},{"not_picked":["Redo","Streamline"],"picked":"Self Repair","floor":14.0},{"not_picked":["Reinforced Body","Blizzard"],"picked":"Chill+1","floor":18},{"not_picked":["Coolheaded","Auto Shields"],"picked":"Capacitor","floor":19},{"not_picked":["Beam Cell","Streamline","Rebound"],"picked":"SKIP","floor":21},{"not_picked":["Double Energy","Rebound"],"picked":"Tempest","floor":22},{"not_picked":["Rebound+1","Machine Learning"],"picked":"Undo","floor":24},{"not_picked":["Streamline+1","Compile Driver"],"picked":"Chill","floor":25},{"not_picked":["Steam","Go for the Eyes"],"picked":"Glacier","floor":28},{"not_picked":["Turbo","Leap","Barrage"],"picked":"SKIP","floor":29},{"not_picked":["Biased Cognition","Multi-Cast"],"picked":"Seek","floor":33},{"not_picked":["Barrage+1","Genetic Algorithm"],"picked":"Stack+1","floor":35},{"not_picked":["The Bomb","Jack Of All Trades"],"picked":"Blind","floor":37},{"not_picked":["Conserve Battery+1","White Noise"],"picked":"Static Discharge","floor":40},{"not_picked":["Tempest","Streamline+1"],"picked":"Stack+1","floor":42},{"not_picked":["Ball Lightning","Sweeping Beam+1"],"picked":"Hologram+1","floor":44},{"not_picked":["Scrape","Sweeping Beam+1"],"picked":"White Noise+1","floor":45},{"not_picked":["Rip and Tear+1","Hyperbeam"],"picked":"Stack+1","floor":47},{"not_picked":["Conserve Battery+1","White Noise"],"picked":"Glacier","floor":48}],"player_experience":745315,"relics_obtained":[{"floor":6.0,"key":"Bottled Tornado"},{"floor":8.0,"key":"Blood Vial"},{"floor":9.0,"key":"Oddly Smooth Stone"},{"floor":10.0,"key":"Matryoshka"},{"floor":24,"key":"Potion Belt"},{"floor":26,"key":"Omamori"},{"floor":26,"key":"Vajra"},{"floor":28,"key":"Calipers"},{"floor":40,"key":"Strawberry"},{"floor":43,"key":"Anchor"},{"floor":47,"key":"Symbiotic Virus"}],"event_choices":[{"damage_healed":0.0,"max_hp_gain":0.0,"max_hp_loss":0.0,"gold_gain":75.0,"event_name":"World of Goop","player_choice":"Gather Gold","floor":12.0,"gold_loss":0.0,"damage_taken":11.0},{"damage_healed":0,"gold_gain":0,"player_choice":"Read","damage_taken":0,"max_hp_gain":0,"max_hp_loss":0,"event_name":"The Library","floor":30,"gold_loss":0,"cards_obtained":["White Noise"]},{"damage_healed":0,"gold_gain":0,"player_choice":"Rummage","damage_taken":0,"relics_obtained":["WarpedTongs"],"max_hp_gain":0,"max_hp_loss":0,"event_name":"Accursed Blacksmith","floor":31,"gold_loss":0,"cards_obtained":["Pain"]},{"damage_healed":0,"gold_gain":0,"player_choice":"Memory 1","damage_taken":0,"max_hp_gain":0,"max_hp_loss":0,"event_name":"SensoryStone","floor":37,"gold_loss":0},{"damage_healed":19,"gold_gain":0,"player_choice":"Writhe","damage_taken":0,"max_hp_gain":0,"max_hp_loss":0,"event_name":"Winding Halls","floor":38,"gold_loss":0,"cards_obtained":["Writhe"]}],"is_beta":false,"boss_relics":[{"not_picked":["Sozu","Black Star"],"picked":"Coffee Dripper"},{"not_picked":["White Beast Statue","FrozenCore"],"picked":"Nuclear Battery"}],"items_purged_floors":[20],"is_endless":false,"potions_floor_spawned":[4,5,7,14,16,21,24,28,33,42,44,47,48],"ascension_level":8}