{"gold_per_floor":[117,117,88,105,121,121,32,66,66,66,95,95,95,123,123,200,200,186,0,10,10,10,10],"floor_reached":23,"playtime":1062,"items_purged":[],"score":369,"play_id":"4595b012-5927-43db-849f-72cbd0fdf932","local_time":"20181008211649","is_ascension_mode":true,"campfire_choices":[{"data":"Spot Weakness","floor":6,"key":"SMITH"},{"data":"Clothesline","floor":10,"key":"SMITH"},{"floor":13,"key":"REST"},{"data":"Dark Embrace","floor":15,"key":"SMITH"}],"neow_cost":"NONE","seed_source_timestamp":2231654331464098,"circlet_count":0,"master_deck":["Strike_R","Defend_R","Defend_R","Defend_R","Defend_R","Bash","AscendersBane","Metallicize","Dark Embrace+1","Clothesline+1","Spot Weakness+1","Pommel Strike","Battle Trance","Second Wind","Flex","Feel No Pain+1","Fiend Fire","Battle Trance","Bandage Up","Metallicize+1","Warcry"],"relics":["Burning Blood","Bag of Preparation","Frozen Egg 2","Vajra","Ancient Tea Set","Bottled Lightning","Empty Cage"],"potions_floor_usage":[8,16],"damage_taken":[{"damage":4,"enemies":"2 Louse","floor":1,"turns":3},{"damage":2,"enemies":"Cultist","floor":4,"turns":4},{"damage":9,"enemies":"Jaw Worm","floor":5,"turns":3},{"damage":22,"enemies":"Lagavulin","floor":8,"turns":5},{"damage":28,"enemies":"3 Sentries","floor":11,"turns":10},{"damage":25,"enemies":"Gremlin Nob","floor":14,"turns":5},{"damage":15,"enemies":"Slime Boss","floor":16,"turns":10},{"damage":3,"enemies":"2 Thieves","floor":18,"turns":4},{"damage":0,"enemies":"Spheric Guardian","floor":20,"turns":1},{"damage":72,"enemies":"Gremlin Leader","floor":23,"turns":8}],"seed_played":"-1530986617889015396","potions_obtained":[{"floor":4,"key":"Dexterity Potion"},{"floor":8,"key":"SpeedPotion"}],"is_trial":false,"path_per_floor":["M","?","$","M","M","R","$","E","T","R","E","?","R","E","R","B",null,"M","$","M","$","?"],"character_chosen":"IRONCLAD","items_purchased":["Clothesline","Battle Trance","Bandage Up","Metallicize+1"],"campfire_rested":1,"item_purchase_floors":[3,7,19,19],"current_hp_per_floor":[70,70,70,74,71,71,71,55,55,55,33,33,55,36,36,27,63,66,66,72,72,72,3],"gold":10,"neow_bonus":"RANDOM_COMMON_RELIC","is_prod":false,"is_daily":false,"chose_seed":false,"campfire_upgraded":3,"win_rate":0,"timestamp":1539047809,"path_taken":["M","?","$","M","M","R","$","E","T","R","E","?","R","E","R","BOSS","M","$","M","$","?","E"],"build_version":"2018-10-04v2","purchased_purges":0,"victory":false,"max_hp_per_floor":[75,75,75,75,75,75,75,75,75,75,75,75,75,75,75,75,75,75,75,75,75,75,75],"card_choices":[{"not_picked":["Wild Strike","Ghostly Armor"],"picked":"Metallicize","floor":1},{"not_picked":["Sever Soul","Entrench"],"picked":"Spot Weakness","floor":4},{"not_picked":["Anger","Thunderclap"],"picked":"Pommel Strike","floor":5},{"not_picked":["Iron Wave","Blood for Blood"],"picked":"Second Wind","floor":8},{"not_picked":["Havoc","Iron Wave"],"picked":"Flex","floor":11},{"not_picked":["Flex","Metallicize+1"],"picked":"Feel No Pain+1","floor":14},{"not_picked":["Reaper","Limit Break"],"picked":"Fiend Fire","floor":16},{"not_picked":["Clash","Clothesline"],"picked":"Battle Trance","floor":18},{"not_picked":["Headbutt","Perfected Strike"],"picked":"Warcry","floor":20}],"player_experience":580338,"relics_obtained":[{"floor":8,"key":"Frozen Egg 2"},{"floor":9,"key":"Vajra"},{"floor":11,"key":"Ancient Tea Set"},{"floor":14,"key":"Bottled Lightning"}],"event_choices":[{"event_name":"Transmorgrifier","player_choice":"Transform","floor":2,"damage_taken":0},{"event_name":"Dead Adventurer","player_choice":"Searched \u00271\u0027 times","floor":12,"damage_taken":0},{"event_name":"Purifier","player_choice":"One Purge","floor":22,"damage_taken":0}],"is_beta":false,"boss_relics":[{"not_picked":["Tiny House","Black Blood"],"picked":"Empty Cage"}],"items_purged_floors":[],"is_endless":false,"potions_floor_spawned":[4,8],"killed_by":"Gremlin Leader","ascension_level":16}