{"gold_per_floor":[364,72,89,108,118,118,118,118,167,193,204,215,240,240,240,240],"floor_reached":16,"playtime":960,"items_purged":["Defend_R"],"score":146,"play_id":"898abbcd-01a6-4032-87e4-b0e5d23a98e4","local_time":"20180824173849","is_ascension_mode":true,"campfire_choices":[{"data":"True Grit","floor":6,"key":"SMITH"},{"data":"Bash","floor":8,"key":"SMITH"},{"data":"Evolve","floor":15,"key":"SMITH"}],"neow_cost":"TEN_PERCENT_HP_LOSS","seed_source_timestamp":742521306359768,"circlet_count":0,"master_deck":["Strike_R","Strike_R+1","Strike_R","Strike_R+1","Strike_R","Defend_R","Defend_R","Defend_R","Bash+1","Armaments","True Grit+1","Iron Wave","Cleave","Ghostly Armor","Power Through","Evolve+1","Rampage","Regret"],"relics":["Burning Blood","Pen Nib","Whetstone","Red Skull","Smiling Mask","Bag of Preparation"],"potions_floor_usage":[],"damage_taken":[{"damage":6,"enemies":"Cultist","floor":1,"turns":4},{"damage":1,"enemies":"2 Louse","floor":3,"turns":4},{"damage":0,"enemies":"Small Slimes","floor":4,"turns":2},{"damage":15,"enemies":"2 Fungi Beasts","floor":5,"turns":5},{"damage":19,"enemies":"Gremlin Nob","floor":10,"turns":4},{"damage":3,"enemies":"Blue Slaver","floor":11,"turns":3},{"damage":0,"enemies":"3 Louse","floor":12,"turns":3},{"damage":11,"enemies":"3 Sentries","floor":13,"turns":8},{"damage":63,"enemies":"Slime Boss","floor":16,"turns":7}],"seed_played":"4505257531889126381","potions_obtained":[{"floor":4,"key":"Dexterity Potion"},{"floor":10,"key":"SteroidPotion"},{"floor":11,"key":"PowerPotion"}],"is_trial":false,"path_per_floor":["M","$","M","M","M","R","?","R","T","E","M","M","E","?","R"],"character_chosen":"IRONCLAD","items_purchased":["True Grit","Iron Wave","Pen Nib"],"campfire_rested":0,"item_purchase_floors":[2,2,2],"current_hp_per_floor":[72,72,72,72,63,63,72,72,72,59,62,68,63,63,63,0],"gold":240,"neow_bonus":"TWO_FIFTY_GOLD","is_prod":false,"is_daily":false,"chose_seed":false,"campfire_upgraded":3,"win_rate":0,"timestamp":1535146729,"path_taken":["M","$","?","M","M","R","?","R","T","E","M","M","E","?","R","BOSS"],"build_version":"2018-08-23v2","purchased_purges":1,"victory":false,"max_hp_per_floor":[72,72,72,72,72,72,72,72,72,72,72,72,72,72,72,72],"card_choices":[{"not_picked":["Sword Boomerang","Pommel Strike"],"picked":"Armaments","floor":1},{"not_picked":["Pommel Strike","Body Slam"],"picked":"Cleave","floor":3},{"not_picked":["Juggernaut","Thunderclap"],"picked":"Ghostly Armor","floor":4},{"not_picked":["Thunderclap","Rage"],"picked":"Power Through","floor":5},{"not_picked":["Battle Trance","Pummel"],"picked":"Evolve","floor":10},{"not_picked":["Sentinel","Twin Strike"],"picked":"Rampage","floor":11},{"not_picked":["Armaments","Heavy Blade","Wild Strike"],"picked":"SKIP","floor":12},{"not_picked":["Wild Strike","Metallicize","Sword Boomerang"],"picked":"SKIP","floor":13}],"player_experience":199635,"relics_obtained":[{"floor":9,"key":"Whetstone"},{"floor":10,"key":"Red Skull"},{"floor":13,"key":"Smiling Mask"}],"event_choices":[{"event_name":"Wheel of Change","player_choice":"Full Heal","floor":7,"damage_taken":0},{"event_name":"Big Fish","player_choice":"Box","floor":14,"damage_taken":0}],"is_beta":false,"boss_relics":[],"items_purged_floors":[2],"is_endless":false,"potions_floor_spawned":[4,10,11,13],"killed_by":"Slime Boss","ascension_level":6}