{"gold_per_floor":[116,19,39,39,52,52,87,87,87,105,122,148,167,183,183,281,281,301,313,238,252,252,252],"floor_reached":23,"playtime":1216,"items_purged":[],"score":215,"play_id":"33f49ad2-c0ca-4a0d-8649-7be054b7a07f","local_time":"20190721101250","is_ascension_mode":true,"campfire_choices":[{"floor":6,"key":"RECALL"},{"floor":8,"key":"DIG"},{"floor":15,"key":"DIG"}],"neow_cost":"NONE","seed_source_timestamp":20785535523559,"circlet_count":0,"master_deck":["Strike_B","Strike_B","Strike_B","Defend_B","Defend_B","Defend_B","Defend_B","Zap","Dualcast","Undo","Finesse","Chill","Beam Cell","Skim","Ball Lightning","Rainbow","Steam","Scrape","Sweeping Beam","Coolheaded","Rainbow","Creative AI","Compile Driver+1","BootSequence","Barrage","Ball Lightning+1","Stack+1","RitualDagger"],"relics":["Cracked Core","NeowsBlessing","PreservedInsect","Shovel","Dream Catcher","Prayer Wheel","Shuriken","Sozu"],"potions_floor_usage":[16,16],"damage_taken":[{"damage":0,"enemies":"Cultist","floor":1,"turns":1},{"damage":0,"enemies":"Small Slimes","floor":3,"turns":1},{"damage":0,"enemies":"Jaw Worm","floor":5,"turns":1},{"damage":22,"enemies":"Gremlin Nob","floor":7,"turns":4},{"damage":0,"enemies":"2 Fungi Beasts","floor":10,"turns":5},{"damage":0,"enemies":"Looter","floor":11,"turns":3},{"damage":2,"enemies":"3 Sentries","floor":12,"turns":7},{"damage":0,"enemies":"Exordium Thugs","floor":13,"turns":5},{"damage":0,"enemies":"Large Slime","floor":14,"turns":4},{"damage":35,"enemies":"Slime Boss","floor":16,"turns":9},{"damage":22,"enemies":"Spheric Guardian","floor":18,"turns":6},{"damage":15,"enemies":"2 Thieves","floor":19,"turns":4},{"damage":25,"enemies":"Shelled Parasite and Fungi","floor":21,"turns":8},{"damage":11,"enemies":"Book of Stabbing","floor":23,"turns":5}],"seed_played":"-7738050832729829629","potions_obtained":[{"floor":1,"key":"Swift Potion"},{"floor":5,"key":"SpeedPotion"},{"floor":7,"key":"GamblersBrew"},{"floor":12,"key":"FearPotion"},{"floor":13,"key":"SpeedPotion"}],"is_trial":false,"path_per_floor":["M","$","M","?","M","R","E","R","T","M","M","E","M","M","R","B",null,"M","M","?","M","?","E"],"character_chosen":"DEFECT","items_purchased":["Finesse"],"campfire_rested":0,"item_purchase_floors":[2],"current_hp_per_floor":[75,75,75,75,75,75,53,53,53,53,53,51,51,51,51,16,75,53,38,38,13,7,0],"gold":252,"neow_bonus":"THREE_ENEMY_KILL","is_prod":false,"is_daily":false,"chose_seed":false,"campfire_upgraded":0,"win_rate":0,"timestamp":1563718370,"path_taken":["M","$","?","?","?","R","E","R","T","M","M","E","M","M","R","BOSS","M","?","?","M","?","E"],"build_version":"2019-07-17","purchased_purges":0,"victory":false,"max_hp_per_floor":[75,75,75,75,75,75,75,75,75,75,75,75,75,75,75,75,75,75,75,75,75,75,75],"card_choices":[{"not_picked":["Compile Driver","Rebound"],"picked":"Undo","floor":1},{"not_picked":["Ball Lightning","Streamline"],"picked":"Chill","floor":3},{"not_picked":["Hologram","Cold Snap"],"picked":"Beam Cell","floor":5},{"not_picked":["Darkness","Conserve Battery"],"picked":"Skim","floor":7},{"not_picked":["Gash","Skim"],"picked":"Ball Lightning","floor":10},{"not_picked":["Stack","Streamline"],"picked":"Rainbow","floor":11},{"not_picked":["Hologram","Gash"],"picked":"Steam","floor":12},{"not_picked":["Recycle","Go for the Eyes"],"picked":"Scrape","floor":13},{"not_picked":["Genetic Algorithm","Go for the Eyes"],"picked":"Sweeping Beam","floor":13},{"not_picked":["Streamline","Force Field"],"picked":"Coolheaded","floor":14},{"not_picked":["Fusion","Glacier"],"picked":"Rainbow","floor":14},{"not_picked":["Rainbow","Echo Form"],"picked":"Creative AI","floor":16},{"not_picked":["Barrage","Redo"],"picked":"Compile Driver+1","floor":18},{"not_picked":["Ball Lightning","Coolheaded","Gash"],"picked":"SKIP","floor":18},{"not_picked":["Steam","Conserve Battery"],"picked":"BootSequence","floor":19},{"not_picked":["Beam Cell","Blizzard"],"picked":"Barrage","floor":19},{"not_picked":["Barrage+1","Turbo"],"picked":"Ball Lightning+1","floor":21},{"not_picked":["Redo","Steam Power"],"picked":"Stack+1","floor":21}],"player_experience":104858,"relics_obtained":[{"floor":7,"key":"Shovel"},{"floor":8,"key":"Dream Catcher"},{"floor":12,"key":"Prayer Wheel"},{"floor":15,"key":"Shuriken"}],"event_choices":[{"damage_healed":0,"gold_gain":0,"player_choice":"Gave Potion","damage_taken":0,"relics_obtained":["PreservedInsect"],"max_hp_gain":0,"max_hp_loss":0,"event_name":"WeMeetAgain","floor":4,"gold_loss":0},{"cards_removed":["Strike_B"],"damage_healed":0,"gold_gain":0,"player_choice":"Gave Gold","damage_taken":0,"max_hp_gain":0,"max_hp_loss":0,"event_name":"Beggar","floor":20,"gold_loss":75},{"damage_healed":0,"gold_gain":0,"player_choice":"Joined the Cult","damage_taken":6,"max_hp_gain":0,"max_hp_loss":0,"event_name":"Nest","floor":22,"gold_loss":0,"cards_obtained":["RitualDagger"]}],"is_beta":false,"boss_relics":[{"not_picked":["Busted Crown","Coffee Dripper"],"picked":"Sozu"}],"items_purged_floors":[],"is_endless":false,"potions_floor_spawned":[1,5,7,12,13,19],"killed_by":"Book of Stabbing","ascension_level":1}