{"gold_per_floor":[215,25,25,25,35,65,77,106,141,167,179,224,248,6,6,81,81,91,91,102,102,152,152,171,23,23,23],"floor_reached":27,"playtime":1256,"items_purged":[],"score":442,"play_id":"8adb93b7-52c3-4c0f-bb09-e9810e14b113","local_time":"20190318140941","is_ascension_mode":true,"campfire_choices":[{"data":"Sunder","floor":7.0,"key":"SMITH"},{"floor":11.0,"key":"REST"},{"data":"Fission","floor":15.0,"key":"SMITH"},{"floor":23.0,"key":"REST"}],"neow_cost":"NONE","seed_source_timestamp":387375898241952,"circlet_count":0,"master_deck":["AscendersBane","Defend_B","Defend_B","Defend_B","Defend_B","Zap","Dualcast","Steam","Sweeping Beam","Sunder+1","Hologram","Fission+1","Coolheaded","Static Discharge","Echo Form","Echo Form","Steam Power+1","Aggregate+1","Genetic Algorithm+1","White Noise","Loop+1","Bandage Up","Cold Snap"],"special_seed":0,"relics":["Cracked Core","Orichalcum","MawBank","Centennial Puzzle","Pen Nib","Happy Flower","Astrolabe","Ginger"],"potions_floor_usage":[],"damage_taken":[{"damage":2.0,"enemies":"Jaw Worm","floor":1.0,"turns":4.0},{"damage":4.0,"enemies":"Small Slimes","floor":5.0,"turns":3.0},{"damage":28.0,"enemies":"Lagavulin","floor":6.0,"turns":6.0},{"damage":0.0,"enemies":"2 Louse","floor":8.0,"turns":2.0},{"damage":6.0,"enemies":"Lots of Slimes","floor":10.0,"turns":2.0},{"damage":6.0,"enemies":"3 Sentries","floor":12.0,"turns":8.0},{"damage":6.0,"enemies":"Exordium Wildlife","floor":13.0,"turns":3.0},{"damage":25.0,"enemies":"The Guardian","floor":16.0,"turns":12.0},{"damage":16.0,"enemies":"2 Thieves","floor":18.0,"turns":4.0},{"damage":25.0,"enemies":"Shell Parasite","floor":20.0,"turns":7.0},{"damage":25.0,"enemies":"Centurion and Healer","floor":24.0,"turns":6.0},{"damage":21,"enemies":"Chosen and Byrds","floor":27,"turns":4}],"seed_played":"-4212735215295913945","potions_obtained":[{"floor":1.0,"key":"Fire Potion"},{"floor":10.0,"key":"Strength Potion"},{"floor":16.0,"key":"FearPotion"}],"is_trial":false,"path_per_floor":["M","$","?","?","M","E","R","M","T","M","R","E","M","$","R","B",null,"M","?","M","?","?","R","M","$","T","M"],"character_chosen":"DEFECT","items_purchased":["Orichalcum","Sweeping Beam","Echo Form","Happy Flower","Bandage Up","Cold Snap"],"campfire_rested":2,"item_purchase_floors":[2,2,14,14,25,25],"current_hp_per_floor":[62,62,62,67,63,35,35,35,35,29,51,45,39,39,39,14,61,45,45,20,20,20,42,17,17,17,0],"gold":23,"neow_bonus":"HUNDRED_GOLD","is_prod":false,"is_daily":false,"chose_seed":false,"campfire_upgraded":2,"win_rate":0,"timestamp":1552932581,"path_taken":["M","$","?","?","M","E","R","M","T","M","R","E","M","?","R","BOSS","M","?","M","?","?","R","M","$","T","?"],"build_version":"2019-01-23","purchased_purges":0,"victory":false,"max_hp_per_floor":[71,71,71,76,76,76,76,76,76,76,76,76,76,76,76,76,76,76,76,76,76,76,76,76,76,76,76],"card_choices":[{"not_picked":["Aggregate","Stack"],"picked":"Steam","floor":1.0},{"not_picked":["Go for the Eyes","Beam Cell"],"picked":"Sunder","floor":5.0},{"not_picked":["Go for the Eyes","Sweeping Beam"],"picked":"Hologram","floor":6.0},{"not_picked":["Double Energy","Rebound"],"picked":"Fission","floor":8.0},{"not_picked":["Compile Driver","Go for the Eyes"],"picked":"Coolheaded","floor":10.0},{"not_picked":["Stack","Leap","Streamline"],"picked":"SKIP","floor":12.0},{"not_picked":["Ball Lightning","Streamline"],"picked":"Static Discharge","floor":13.0},{"not_picked":["Fission","Thunder Strike"],"picked":"Echo Form","floor":16.0},{"not_picked":["Storm","Ball Lightning"],"picked":"White Noise","floor":18.0},{"not_picked":["Rebound","Gash"],"picked":"Loop+1","floor":20.0},{"not_picked":["Streamline","Ball Lightning","Rip and Tear"],"picked":"SKIP","floor":24.0}],"player_experience":939707,"relics_obtained":[{"floor":6.0,"key":"MawBank"},{"floor":9.0,"key":"Centennial Puzzle"},{"floor":12.0,"key":"Pen Nib"},{"floor":26,"key":"Ginger"}],"event_choices":[{"damage_healed":0.0,"max_hp_gain":0.0,"max_hp_loss":0.0,"gold_gain":0.0,"event_name":"The Cleric","player_choice":"Leave","floor":3.0,"gold_loss":0.0,"damage_taken":0.0},{"damage_healed":0.0,"max_hp_gain":5.0,"max_hp_loss":0.0,"gold_gain":0.0,"event_name":"Big Fish","player_choice":"Donut","floor":4.0,"gold_loss":0.0,"damage_taken":0.0},{"damage_healed":0.0,"max_hp_gain":0.0,"max_hp_loss":0.0,"gold_gain":0.0,"event_name":"The Mausoleum","player_choice":"Ignored","floor":19.0,"gold_loss":0.0,"damage_taken":0.0},{"cards_removed":["Strike_B"],"damage_healed":0.0,"max_hp_gain":0.0,"max_hp_loss":0.0,"gold_gain":0.0,"event_name":"Back to Basics","player_choice":"Elegance","floor":21.0,"gold_loss":0.0,"damage_taken":0.0},{"damage_healed":0.0,"max_hp_gain":0.0,"max_hp_loss":0.0,"gold_gain":100.0,"event_name":"The Joust","player_choice":"Bet on Murderer","floor":22.0,"gold_loss":50.0,"damage_taken":0.0}],"is_beta":false,"boss_relics":[{"not_picked":["Eternal Feather","Ectoplasm"],"picked":"Astrolabe"}],"items_purged_floors":[],"is_endless":false,"potions_floor_spawned":[1,10,16],"killed_by":"Chosen and Byrds","ascension_level":20}