{"gold_per_floor":[218,368,368,51,51,51,16,47,71,88,119,93,122,150,150,224,224,235,235,235],"floor_reached":20,"playtime":743,"items_purged":["Doubt"],"score":372,"play_id":"d3246f80-f6ed-4133-ac4a-351c6e1805be","local_time":"20190316211134","is_ascension_mode":true,"campfire_choices":[{"data":"Carnage","floor":6,"key":"SMITH"},{"data":"Armaments","floor":15,"key":"SMITH"}],"neow_cost":"NONE","seed_source_timestamp":240513685180851,"circlet_count":0,"master_deck":["AscendersBane","Strike_R","Strike_R","Strike_R","Strike_R","Defend_R","Defend_R","Defend_R","Defend_R","Bash","Spot Weakness","Carnage+1","Clothesline","Second Wind","Headbutt","Armaments+1","Uppercut","Cleave","Feed","Fire Breathing","Ghostly Armor","Sword Boomerang","Heavy Blade","Pummel"],"relics":["Burning Blood","Vajra","Orichalcum","Pen Nib","Boot","Anchor","Odd Mushroom","Orrery","CultistMask"],"potions_floor_usage":[],"damage_taken":[{"damage":9,"enemies":"Jaw Worm","floor":1,"turns":6},{"damage":30,"enemies":"3 Sentries","floor":8,"turns":8},{"damage":0,"enemies":"Small Slimes","floor":10,"turns":3},{"damage":2,"enemies":"Gremlin Nob","floor":11,"turns":3},{"damage":4,"enemies":"3 Sentries","floor":13,"turns":6},{"damage":11,"enemies":"The Mushroom Lair","floor":14,"turns":4},{"damage":23,"enemies":"Slime Boss","floor":16,"turns":7},{"damage":24,"enemies":"Chosen","floor":18,"turns":5},{"damage":2,"enemies":"3 Byrds","floor":20,"turns":3}],"seed_played":"-2017077562759042134","potions_obtained":[{"floor":1,"key":"Ancient Potion"},{"floor":8,"key":"Block Potion"},{"floor":11,"key":"Poison Potion"}],"is_trial":false,"path_per_floor":["M","?","?","$","?","R","?","E","T","M","E","$","E","?","R","B",null,"M","?","M"],"character_chosen":"IRONCLAD","items_purchased":["Vajra","Carnage","Armaments"],"campfire_rested":0,"item_purchase_floors":[4,4,12],"current_hp_per_floor":[65,65,70,70,63,63,80,56,56,62,66,66,68,63,63,46,72,54,54,52],"gold":235,"neow_bonus":"HUNDRED_GOLD","is_prod":false,"is_daily":false,"chose_seed":false,"campfire_upgraded":2,"win_rate":0,"timestamp":1552785094,"path_taken":["M","?","?","$","?","R","?","E","T","?","E","?","E","?","R","BOSS","M","?","M"],"build_version":"2019-01-23","purchased_purges":1,"victory":false,"max_hp_per_floor":[75,75,80,80,80,80,80,80,80,80,80,80,80,80,80,80,80,80,80,80],"card_choices":[{"not_picked":["Sever Soul","Rupture"],"picked":"Spot Weakness","floor":1},{"not_picked":["Flex","Headbutt"],"picked":"Clothesline","floor":8},{"not_picked":["Ghostly Armor","Flex"],"picked":"Second Wind","floor":10},{"not_picked":["Twin Strike","Bludgeon"],"picked":"Headbutt","floor":11},{"not_picked":["Headbutt","Fire Breathing"],"picked":"Uppercut","floor":13},{"not_picked":["Iron Wave","Anger"],"picked":"Cleave","floor":14},{"not_picked":["Bludgeon","Fiend Fire"],"picked":"Feed","floor":16},{"not_picked":["Warcry","Heavy Blade"],"picked":"Fire Breathing","floor":17},{"not_picked":["Sword Boomerang","Clash"],"picked":"Ghostly Armor","floor":17},{"not_picked":["Second Wind","Pommel Strike"],"picked":"Sword Boomerang","floor":17},{"not_picked":["Warcry","Rage"],"picked":"Heavy Blade","floor":17},{"not_picked":["Rupture","Headbutt"],"picked":"Pummel","floor":18}],"player_experience":918248,"relics_obtained":[{"floor":8,"key":"Orichalcum"},{"floor":9,"key":"Pen Nib"},{"floor":11,"key":"Boot"},{"floor":13,"key":"Anchor"},{"floor":14,"key":"Odd Mushroom"}],"event_choices":[{"damage_healed":0,"gold_gain":150,"player_choice":"AGREE","damage_taken":0,"max_hp_gain":0,"max_hp_loss":0,"event_name":"Liars Game","floor":2,"gold_loss":0,"cards_obtained":["Doubt"]},{"damage_healed":0,"gold_gain":0,"player_choice":"Donut","damage_taken":0,"max_hp_gain":5,"max_hp_loss":0,"event_name":"Big Fish","floor":3,"gold_loss":0},{"cards_removed":["Strike_R"],"damage_healed":0,"gold_gain":0,"player_choice":"Card Removal","damage_taken":7,"max_hp_gain":0,"max_hp_loss":0,"event_name":"Golden Wing","floor":5,"gold_loss":0},{"damage_healed":20,"gold_gain":0,"player_choice":"Healed","damage_taken":0,"max_hp_gain":0,"max_hp_loss":0,"event_name":"The Cleric","floor":7,"gold_loss":35},{"damage_healed":0,"gold_gain":0,"player_choice":"Fought Mushrooms","damage_taken":0,"max_hp_gain":0,"max_hp_loss":0,"event_name":"Mushrooms","floor":14,"gold_loss":0},{"damage_healed":0,"gold_gain":0,"player_choice":"Trade","damage_taken":0,"relics_obtained":["CultistMask"],"max_hp_gain":0,"max_hp_loss":0,"event_name":"FaceTrader","floor":19,"gold_loss":0}],"is_beta":false,"boss_relics":[{"not_picked":["Coffee Dripper","Black Blood"],"picked":"Orrery"}],"items_purged_floors":[4],"is_endless":false,"potions_floor_spawned":[1,8,11,18],"killed_by":"3 Byrds","ascension_level":20}