{"gold_per_floor":[116,116,134,151,151,170,211,211,211,244,263,286,286,24,24,24],"floor_reached":16,"playtime":542,"items_purged":["Strike_R"],"score":224,"play_id":"37316d2b-dae8-4108-95ed-8ac6392fe6a5","local_time":"20190603233348","is_ascension_mode":true,"campfire_choices":[{"floor":8,"key":"REST"},{"data":"Rampage","floor":15,"key":"SMITH"}],"neow_cost":"NONE","seed_source_timestamp":1656926779496150,"circlet_count":0,"master_deck":["AscendersBane","Strike_R","Strike_R","Strike_R","Strike_R","Defend_R","Defend_R","Defend_R","Defend_R","Bash+1","Rampage+1","Iron Wave+1","Cleave+1","Sword Boomerang+1","Clothesline+1","Battle Trance","Shrug It Off"],"relics":["Burning Blood","Molten Egg 2","Golden Idol","Meat on the Bone","Shuriken","Centennial Puzzle","Champion Belt","PreservedInsect"],"potions_floor_usage":[10],"damage_taken":[{"damage":7,"enemies":"Small Slimes","floor":1,"turns":3},{"damage":1,"enemies":"Cultist","floor":3,"turns":3},{"damage":2,"enemies":"Jaw Worm","floor":4,"turns":4},{"damage":2,"enemies":"3 Louse","floor":6,"turns":2},{"damage":33,"enemies":"3 Sentries","floor":7,"turns":8},{"damage":32,"enemies":"Gremlin Nob","floor":10,"turns":4},{"damage":0,"enemies":"Large Slime","floor":11,"turns":3},{"damage":1,"enemies":"Exordium Thugs","floor":12,"turns":3},{"damage":36,"enemies":"Slime Boss","floor":16,"turns":7}],"seed_played":"-1446613226743200862","potions_obtained":[{"floor":1,"key":"GamblersBrew"},{"floor":3,"key":"GamblersBrew"},{"floor":10,"key":"Weak Potion"},{"floor":12,"key":"Strength Potion"}],"is_trial":false,"path_per_floor":["M","?","M","M","?","M","E","R","T","E","M","M","?","$","R","B"],"character_chosen":"IRONCLAD","items_purchased":["PreservedInsect","Shrug It Off"],"campfire_rested":1,"item_purchase_floors":[14,14],"current_hp_per_floor":[67,67,72,75,49,53,26,48,48,34,52,57,39,39,39,3],"gold":24,"neow_bonus":"UPGRADE_CARD","is_prod":false,"is_daily":false,"chose_seed":false,"campfire_upgraded":1,"win_rate":0,"timestamp":1559619228,"path_taken":["M","?","?","M","?","M","E","R","T","E","M","M","?","$","R","BOSS"],"build_version":"2019-01-23","purchased_purges":1,"victory":false,"max_hp_per_floor":[75,75,75,75,75,75,75,75,75,75,75,75,75,75,75,75],"card_choices":[{"not_picked":["Clothesline","Power Through"],"picked":"Rampage","floor":1},{"not_picked":["Armaments","Clash+1"],"picked":"Iron Wave+1","floor":3},{"not_picked":["Pummel+1","Havoc"],"picked":"Cleave+1","floor":4},{"not_picked":["Flex","Shrug It Off"],"picked":"Sword Boomerang+1","floor":6},{"not_picked":["Reckless Charge+1","Wild Strike+1"],"picked":"Clothesline+1","floor":7},{"not_picked":["Barricade","Ghostly Armor","Perfected Strike+1"],"picked":"SKIP","floor":10},{"not_picked":["Barricade","Ghostly Armor","Perfected Strike+1"],"picked":"SKIP","floor":10},{"not_picked":["Headbutt+1","Power Through","Blood for Blood+1"],"picked":"SKIP","floor":11},{"not_picked":["Twin Strike+1","Heavy Blade+1"],"picked":"Battle Trance","floor":12}],"player_experience":1496243,"relics_obtained":[{"floor":7,"key":"Meat on the Bone"},{"floor":9,"key":"Shuriken"},{"floor":10,"key":"Centennial Puzzle"}],"event_choices":[{"damage_healed":0,"gold_gain":0,"player_choice":"Gave Potion","damage_taken":0,"relics_obtained":["Molten Egg 2"],"max_hp_gain":0,"max_hp_loss":0,"event_name":"WeMeetAgain","floor":2,"gold_loss":0},{"damage_healed":0,"gold_gain":0,"player_choice":"Take Damage","damage_taken":26,"relics_obtained":["Golden Idol"],"max_hp_gain":0,"max_hp_loss":0,"event_name":"Golden Idol","floor":5,"gold_loss":0},{"damage_healed":0,"gold_gain":0,"player_choice":"Success","damage_taken":18,"relics_obtained":["Champion Belt"],"max_hp_gain":0,"max_hp_loss":0,"event_name":"Scrap Ooze","floor":13,"gold_loss":0}],"is_beta":false,"boss_relics":[],"items_purged_floors":[14],"is_endless":false,"potions_floor_spawned":[1,3,10,12],"killed_by":"Slime Boss","ascension_level":20}