{"gold_per_floor":[113,15,32,51,64,96,96,106,106,106,126,26,37,55,55,157,157,167,186,31,47,61,61,80,114,114,114,131,146,146,166,166,166],"floor_reached":33,"playtime":1297,"items_purged":["Strike_R","Strike_R"],"score":302,"play_id":"0aeb4e94-442f-4382-82b4-b7a63ed713ef","local_time":"20190714231206","is_ascension_mode":false,"campfire_choices":[{"data":"Flex","floor":7,"key":"SMITH"},{"data":"Demon Form","floor":10,"key":"SMITH"},{"data":"Inflame","floor":15,"key":"SMITH"},{"floor":23,"key":"REST"},{"data":"Strike_R","floor":27,"key":"PURGE"},{"floor":30,"key":"REST"},{"floor":32,"key":"REST"}],"neow_cost":"CURSE","seed_source_timestamp":191590592570010,"circlet_count":0,"master_deck":["Strike_R","Strike_R","Defend_R","Defend_R","Defend_R","Defend_R","Bash","Decay","Whirlwind","Shrug It Off","Perfected Strike","Battle Trance","Flex+1","Anger","Demon Form+1","Iron Wave","Inflame+1","Juggernaut","Sever Soul+1","Feel No Pain+1","Inflame","Ghostly Armor","Shrug It Off","Uppercut","Flex","Fire Breathing"],"relics":["Burning Blood","Happy Flower","Torii","Fusion Hammer","Peace Pipe","Du-Vu Doll"],"potions_floor_usage":[6,16,16,25,25,28,33],"damage_taken":[{"damage":7,"enemies":"Cultist","floor":1,"turns":4},{"damage":2,"enemies":"Small Slimes","floor":3,"turns":2},{"damage":7,"enemies":"Jaw Worm","floor":4,"turns":5},{"damage":9,"enemies":"3 Louse","floor":5,"turns":3},{"damage":33,"enemies":"3 Sentries","floor":6,"turns":7},{"damage":0,"enemies":"2 Fungi Beasts","floor":8,"turns":2},{"damage":12,"enemies":"Exordium Thugs","floor":11,"turns":4},{"damage":1,"enemies":"Exordium Wildlife","floor":13,"turns":3},{"damage":0,"enemies":"3 Louse","floor":14,"turns":1},{"damage":36,"enemies":"Hexaghost","floor":16,"turns":6},{"damage":18,"enemies":"2 Thieves","floor":18,"turns":4},{"damage":4,"enemies":"3 Byrds","floor":19,"turns":4},{"damage":24,"enemies":"Centurion and Healer","floor":21,"turns":6},{"damage":23,"enemies":"Snake Plant","floor":22,"turns":3},{"damage":11,"enemies":"Snecko","floor":24,"turns":5},{"damage":20,"enemies":"Gremlin Leader","floor":25,"turns":5},{"damage":21,"enemies":"Shelled Parasite and Fungi","floor":28,"turns":3},{"damage":15,"enemies":"3 Cultists","floor":29,"turns":5},{"damage":25,"enemies":"Cultist and Chosen","floor":31,"turns":6},{"damage":99,"enemies":"Collector","floor":33,"turns":5}],"seed_played":"2907902199607141165","potions_obtained":[{"floor":1,"key":"EssenceOfSteel"},{"floor":8,"key":"PowerPotion"},{"floor":14,"key":"BloodPotion"},{"floor":16,"key":"Explosive Potion"},{"floor":19,"key":"Block Potion"},{"floor":21,"key":"PowerPotion"},{"floor":25,"key":"PowerPotion"}],"is_trial":false,"path_per_floor":["M","$","M","M","M","E","R","M","T","R","M","$","M","M","R","B",null,"M","M","$","M","M","R","M","E","T","R","M","M","R","M","R","B"],"character_chosen":"IRONCLAD","items_purchased":["Shrug It Off","Inflame","Ghostly Armor"],"campfire_rested":3,"item_purchase_floors":[2,20,20],"current_hp_per_floor":[95,95,96,95,92,65,65,71,71,71,65,65,70,76,76,70,96,84,86,86,68,51,79,74,60,60,60,45,36,64,45,73,0],"gold":166,"neow_bonus":"TWENTY_PERCENT_HP_BONUS","is_prod":false,"is_daily":false,"chose_seed":false,"campfire_upgraded":3,"win_rate":0.0,"timestamp":1563160326,"path_taken":["M","$","M","M","?","E","R","M","T","R","M","?","M","M","R","BOSS","M","M","?","M","M","R","M","E","T","R","M","M","R","M","R","BOSS"],"build_version":"2019-07-05","purchased_purges":2,"victory":false,"max_hp_per_floor":[96,96,96,96,96,96,96,96,96,96,96,96,96,96,96,96,96,96,96,96,96,96,96,96,96,96,96,96,96,96,96,96,96],"card_choices":[{"not_picked":["Shrug It Off","Clash"],"picked":"Whirlwind","floor":1},{"not_picked":["True Grit","Headbutt"],"picked":"Perfected Strike","floor":3},{"not_picked":["Clash","Twin Strike"],"picked":"Battle Trance","floor":4},{"not_picked":["Feel No Pain","Iron Wave"],"picked":"Flex","floor":5},{"not_picked":["Body Slam","Dual Wield"],"picked":"Anger","floor":6},{"not_picked":["Shockwave","Pommel Strike"],"picked":"Demon Form","floor":8},{"not_picked":["Carnage","Flex"],"picked":"Iron Wave","floor":11},{"not_picked":["Bloodletting","Combust"],"picked":"Inflame","floor":13},{"not_picked":["True Grit","Sword Boomerang","Seeing Red"],"picked":"SKIP","floor":14},{"not_picked":["Fiend Fire","Reaper"],"picked":"Juggernaut","floor":16},{"not_picked":["Cleave","Thunderclap"],"picked":"Sever Soul+1","floor":18},{"not_picked":["Rupture","Clash"],"picked":"Feel No Pain+1","floor":19},{"not_picked":["Warcry","Sword Boomerang"],"picked":"Shrug It Off","floor":21},{"not_picked":["Flex","Warcry","Clash+1"],"picked":"SKIP","floor":22},{"not_picked":["Barricade","Pummel"],"picked":"Uppercut","floor":24},{"not_picked":["Body Slam","Warcry+1","Clash"],"picked":"SKIP","floor":25},{"not_picked":["Clothesline","Twin Strike","Second Wind"],"picked":"SKIP","floor":28},{"not_picked":["Body Slam","Twin Strike"],"picked":"Flex","floor":29},{"not_picked":["Thunderclap","Infernal Blade+1"],"picked":"Fire Breathing","floor":31}],"player_experience":51994,"relics_obtained":[{"floor":6,"key":"Happy Flower"},{"floor":9,"key":"Torii"},{"floor":25,"key":"Peace Pipe"},{"floor":26,"key":"Du-Vu Doll"}],"event_choices":[],"is_beta":false,"boss_relics":[{"not_picked":["Coffee Dripper","Runic Cube"],"picked":"Fusion Hammer"}],"items_purged_floors":[2,12],"is_endless":false,"potions_floor_spawned":[1,8,14,16,19,21,25],"killed_by":"Collector","ascension_level":0}