{"gold_per_floor":[114,128,95,115,115,115,138,97,97,97,115,131,131,141,141,244,244,264,278,36,36,36,62,161,161,186,244,244,274,274,305,305,406,406,425,825,845,248,263,263,263,280,280,280,292,292],"floor_reached":46,"playtime":6514,"items_purged":["Defend_B","Strike_B"],"score":593,"play_id":"26fe9bc9-1dde-4a24-9a61-de9fd0ca5bab","local_time":"20190722221215","is_ascension_mode":true,"campfire_choices":[{"data":"Tempest","floor":6.0,"key":"SMITH"},{"floor":10.0,"key":"REST"},{"floor":15.0,"key":"REST"},{"data":"Sunder","floor":25.0,"key":"SMITH"},{"floor":28.0,"key":"REST"},{"floor":30.0,"key":"REST"},{"floor":32,"key":"REST"},{"floor":41,"key":"REST"},{"floor":44,"key":"REST"}],"neow_cost":"NONE","seed_source_timestamp":0,"circlet_count":0,"master_deck":["Strike_B","Strike_B","Defend_B","Defend_B","Defend_B","Zap","Dualcast","Beam Cell+1","Rebound","Hello World","Tempest+1","Glacier","FTL","Chill","Barrage","Sunder+1","BootSequence","All For One","Barrage","Go for the Eyes","Hologram","BootSequence","Coolheaded+1","Ball Lightning+1","Reinforced Body","Echo Form","Go for the Eyes+1","Capacitor+1","Conserve Battery+1","Ball Lightning+1"],"special_seed":0,"relics":["Cracked Core","NeowsBlessing","Odd Mushroom","Bottled Flame","Black Star","Juzu Bracelet","Pear","Centennial Puzzle","Potion Belt","Art of War","Tiny Chest","Sundial","Dodecahedron","PreservedInsect","Bronze Scales","Pocketwatch","Philosopher\u0027s Stone","Old Coin","Runic Capacitor","Turnip","The Courier"],"potions_floor_usage":[33,37,40],"damage_taken":[{"damage":0.0,"enemies":"Cultist","floor":1.0,"turns":1.0},{"damage":0.0,"enemies":"Jaw Worm","floor":2.0,"turns":1.0},{"damage":0.0,"enemies":"2 Louse","floor":4.0,"turns":1.0},{"damage":28.0,"enemies":"The Mushroom Lair","floor":7.0,"turns":5.0},{"damage":8.0,"enemies":"Blue Slaver","floor":11.0,"turns":2.0},{"damage":16.0,"enemies":"Gremlin Gang","floor":12.0,"turns":5.0},{"damage":1.0,"enemies":"Large Slime","floor":14.0,"turns":4.0},{"damage":3.0,"enemies":"Slime Boss","floor":16.0,"turns":8.0},{"damage":2.0,"enemies":"Chosen","floor":18.0,"turns":3.0},{"damage":4.0,"enemies":"2 Thieves","floor":19.0,"turns":3.0},{"damage":15.0,"enemies":"Book of Stabbing","floor":23.0,"turns":4.0},{"damage":31.0,"enemies":"Gremlin Leader","floor":27.0,"turns":7.0},{"damage":22.0,"enemies":"Book of Stabbing","floor":29.0,"turns":5.0},{"damage":29.0,"enemies":"Slavers","floor":31.0,"turns":5.0},{"damage":47,"enemies":"Collector","floor":33,"turns":8},{"damage":0,"enemies":"3 Shapes","floor":35,"turns":2},{"damage":0,"enemies":"Mind Bloom Boss Battle","floor":36,"turns":4},{"damage":31,"enemies":"3 Darklings","floor":37,"turns":5},{"damage":42,"enemies":"Transient","floor":39,"turns":5},{"damage":0,"enemies":"Nemesis","floor":40,"turns":2},{"damage":5,"enemies":"Sphere and 2 Shapes","floor":42,"turns":5},{"damage":55,"enemies":"Writhing Mass","floor":45,"turns":6},{"damage":5,"enemies":"Jaw Worm Horde","floor":46,"turns":2}],"seed_played":"-6843440312932722894","potions_obtained":[{"floor":7.0,"key":"SkillPotion"},{"floor":11.0,"key":"Energy Potion"},{"floor":16.0,"key":"Block Potion"},{"floor":19.0,"key":"PowerPotion"},{"floor":27.0,"key":"Strength Potion"},{"floor":33,"key":"Fire Potion"},{"floor":37,"key":"FearPotion"},{"floor":39,"key":"SmokeBomb"}],"is_trial":false,"path_per_floor":["M","M","$","M","?","R","?","$","T","R","M","M","?","M","R","B",null,"M","M","$","?","?","E","?","R","T","E","R","E","R","E","R","B",null,"M","?","M","$","M","E","R","M","T","R","M","M"],"character_chosen":"DEFECT","items_purchased":["Hello World","FTL","Juzu Bracelet","Hologram","Runic Capacitor","Turnip"],"campfire_rested":7,"item_purchase_floors":[3,8,20,20,38,38],"current_hp_per_floor":[75,75,75,75,75,75,47,47,47,69,61,45,45,44,66,63,75,73,69,69,69,79,64,64,64,64,33,58,36,61,32,57,10,85,85,85,54,54,12,12,37,32,32,57,2,0],"gold":292,"neow_bonus":"THREE_ENEMY_KILL","is_prod":false,"is_daily":false,"chose_seed":false,"campfire_upgraded":2,"win_rate":0,"timestamp":1563826335,"path_taken":["M","M","?","M","?","R","?","?","T","R","M","?","?","M","R","BOSS","M","M","$","?","?","E","?","R","T","E","R","E","R","E","R","BOSS","M","?","M","$","M","E","R","M","T","R","M","M"],"build_version":"2019-07-17","purchased_purges":2,"victory":false,"max_hp_per_floor":[75,75,75,75,75,75,75,75,75,75,75,75,75,75,75,75,75,75,75,75,75,85,85,85,85,85,85,85,85,85,85,85,85,85,85,85,85,85,85,85,85,85,85,85,85,85],"card_choices":[{"not_picked":["Leap","Ball Lightning"],"picked":"Beam Cell","floor":1.0},{"not_picked":["Thunder Strike","Barrage"],"picked":"Rebound","floor":2.0},{"not_picked":["Barrage","Reinforced Body"],"picked":"Tempest","floor":4.0},{"not_picked":["Rebound","Reprogram"],"picked":"Glacier","floor":7.0},{"not_picked":["Chaos","Conserve Battery"],"picked":"Chill","floor":11.0},{"not_picked":["Turbo","Beam Cell"],"picked":"Barrage","floor":12.0},{"not_picked":["Glacier","Force Field"],"picked":"BootSequence","floor":14.0},{"not_picked":["Multi-Cast","Amplify"],"picked":"All For One","floor":16.0},{"not_picked":["FTL","Darkness"],"picked":"Barrage","floor":18.0},{"not_picked":["Recycle","Ball Lightning"],"picked":"Go for the Eyes","floor":19.0},{"not_picked":["Auto Shields+1","Thunder Strike"],"picked":"BootSequence","floor":23.0},{"not_picked":["Beam Cell","Hello World"],"picked":"Coolheaded+1","floor":27.0},{"not_picked":["Recycle+1","Scrape"],"picked":"Ball Lightning+1","floor":29.0},{"not_picked":["Fusion","Sunder"],"picked":"Reinforced Body","floor":31.0},{"not_picked":["Fission","Core Surge"],"picked":"Echo Form","floor":33},{"not_picked":["Rebound+1","Cold Snap"],"picked":"Go for the Eyes+1","floor":35},{"not_picked":["Stack","Auto Shields"],"picked":"Capacitor+1","floor":37},{"not_picked":["Stack+1","Redo"],"picked":"Conserve Battery+1","floor":39},{"not_picked":["Hyperbeam","Steam","Stack"],"picked":"SKIP","floor":42},{"not_picked":["Glacier","Hologram"],"picked":"Ball Lightning+1","floor":45}],"player_experience":179852,"relics_obtained":[{"floor":7.0,"key":"Odd Mushroom"},{"floor":9.0,"key":"Bottled Flame"},{"floor":23.0,"key":"Centennial Puzzle"},{"floor":23.0,"key":"Potion Belt"},{"floor":26.0,"key":"Art of War"},{"floor":27.0,"key":"Tiny Chest"},{"floor":27.0,"key":"Sundial"},{"floor":29.0,"key":"Dodecahedron"},{"floor":29.0,"key":"PreservedInsect"},{"floor":31.0,"key":"Bronze Scales"},{"floor":31.0,"key":"Pocketwatch"},{"floor":36,"key":"Old Coin"},{"floor":43,"key":"The Courier"}],"event_choices":[{"damage_healed":0.0,"max_hp_gain":0.0,"max_hp_loss":0.0,"gold_gain":0.0,"event_name":"Living Wall","player_choice":"Grow","floor":5.0,"gold_loss":0.0,"damage_taken":0.0,"cards_upgraded":["Beam Cell"]},{"damage_healed":0.0,"max_hp_gain":0.0,"max_hp_loss":0.0,"gold_gain":0.0,"event_name":"Mushrooms","player_choice":"Fought Mushrooms","floor":7.0,"gold_loss":0.0,"damage_taken":0.0},{"damage_healed":0.0,"max_hp_gain":0.0,"max_hp_loss":0.0,"gold_gain":0.0,"cards_transformed":["Strike_B"],"event_name":"Transmorgrifier","player_choice":"Transformed","floor":13.0,"gold_loss":0.0,"damage_taken":0.0,"cards_obtained":["Sunder"]},{"damage_healed":0.0,"max_hp_gain":0.0,"max_hp_loss":0.0,"gold_gain":0.0,"event_name":"Vampires","player_choice":"Ignored","floor":21.0,"gold_loss":0.0,"damage_taken":0.0},{"damage_healed":0.0,"max_hp_gain":0.0,"max_hp_loss":0.0,"gold_gain":0.0,"event_name":"The Mausoleum","player_choice":"Opened","floor":22.0,"gold_loss":0.0,"damage_taken":0.0,"relics_obtained":["Pear"]},{"damage_healed":0.0,"max_hp_gain":0.0,"max_hp_loss":0.0,"gold_gain":99.0,"event_name":"Nest","player_choice":"Stole From Cult","floor":24.0,"gold_loss":0.0,"damage_taken":0.0},{"damage_healed":0,"gold_gain":0,"player_choice":"Fight","damage_taken":0,"max_hp_gain":0,"max_hp_loss":0,"event_name":"MindBloom","floor":36,"gold_loss":0}],"is_beta":false,"boss_relics":[{"not_picked":["FrozenCore","Tiny House"],"picked":"Black Star"},{"not_picked":["Coffee Dripper","Pandora\u0027s Box"],"picked":"Philosopher\u0027s Stone"}],"items_purged_floors":[20,38],"is_endless":false,"potions_floor_spawned":[7,11,16,19,27,33,37,39,40],"killed_by":"Jaw Worm Horde","ascension_level":2}