{"gold_per_floor":[15,35,53,71,81,81,116,116,139,159,159,173,17,33,33,132,132,150,75,75,0,0,0,30,30],"floor_reached":25,"playtime":1807,"items_purged":["Strike_G"],"score":343,"play_id":"0b08afd6-7d75-4ba6-ae78-9193b664c855","local_time":"20180915191059","is_ascension_mode":true,"campfire_choices":[{"data":"Malaise","floor":6,"key":"SMITH"},{"floor":8,"key":"REST"},{"floor":15,"key":"REST"},{"floor":23,"key":"REST"}],"neow_cost":"NO_GOLD","seed_source_timestamp":235970781172304,"circlet_count":0,"master_deck":["Defend_G","Defend_G","Defend_G","Defend_G","Defend_G","Strike_G","Strike_G","Strike_G","Survivor","Neutralize","AscendersBane","Malaise+1","Flying Knee","Backflip","Tactician","Catalyst","Acrobatics","After Image","Escape Plan","Noxious Fumes","Calculated Gamble","Well Laid Plans"],"relics":["Ring of the Snake","Bottled Lightning","Bag of Marbles","Odd Mushroom","PreservedInsect","Black Star","Nilry\u0027s Codex","Vajra","Regal Pillow"],"potions_floor_usage":[7,7,12,12,16],"damage_taken":[{"damage":4,"enemies":"Cultist","floor":1,"turns":6},{"damage":7,"enemies":"Small Slimes","floor":2,"turns":5},{"damage":2,"enemies":"Jaw Worm","floor":3,"turns":5},{"damage":3,"enemies":"2 Fungi Beasts","floor":4,"turns":4},{"damage":4,"enemies":"Large Slime","floor":5,"turns":8},{"damage":30,"enemies":"3 Sentries","floor":7,"turns":16},{"damage":20,"enemies":"The Mushroom Lair","floor":10,"turns":7},{"damage":0,"enemies":"3 Louse","floor":12,"turns":5},{"damage":1,"enemies":"Red Slaver","floor":14,"turns":5},{"damage":6,"enemies":"The Guardian","floor":16,"turns":15},{"damage":10,"enemies":"Chosen","floor":18,"turns":9},{"damage":20,"enemies":"2 Thieves","floor":21,"turns":5},{"damage":26,"enemies":"Book of Stabbing","floor":24,"turns":9},{"damage":7,"enemies":"3 Cultists","floor":25,"turns":4}],"seed_played":"-2794555312718680400","potions_obtained":[{"floor":1,"key":"Swift Potion"},{"floor":3,"key":"Dexterity Potion"},{"floor":7,"key":"PowerPotion"},{"floor":10,"key":"Fire Potion"},{"floor":14,"key":"EssenceOfSteel"}],"is_trial":false,"path_per_floor":["M","M","M","M","M","R","E","R","T","?","?","M","$","M","R","B",null,"M","?","?","M","$","R","E"],"character_chosen":"THE_SILENT","items_purchased":["Noxious Fumes"],"campfire_rested":3,"item_purchase_floors":[13],"current_hp_per_floor":[59,52,50,47,43,43,13,34,34,14,2,2,2,1,22,16,57,47,47,31,11,11,32,6,0],"gold":30,"neow_bonus":"THREE_RARE_CARDS","is_prod":false,"is_daily":false,"chose_seed":false,"campfire_upgraded":1,"win_rate":0,"timestamp":1537053059,"path_taken":["M","M","M","?","M","R","E","R","T","?","?","M","$","?","R","BOSS","M","?","?","M","$","R","E","?"],"build_version":"2018-09-06","purchased_purges":1,"victory":false,"max_hp_per_floor":[70,70,70,70,70,70,70,70,70,70,70,70,70,70,70,70,70,70,70,70,70,70,70,70,70],"card_choices":[{"not_picked":["Burst","Envenom"],"picked":"Malaise","floor":0},{"not_picked":["Eviscerate","Riddle With Holes"],"picked":"Flying Knee","floor":1},{"not_picked":["Deflect","Underhanded Strike"],"picked":"Backflip","floor":2},{"not_picked":["Distraction","Acrobatics"],"picked":"Tactician","floor":3},{"not_picked":["Flechettes","Slice","Dodge and Roll"],"picked":"SKIP","floor":4},{"not_picked":["Dagger Throw","Dagger Spray"],"picked":"Catalyst","floor":5},{"not_picked":["Finisher","Flying Knee"],"picked":"Acrobatics","floor":7},{"not_picked":["Dash","Deflect"],"picked":"After Image","floor":10},{"not_picked":["Outmaneuver","Masterful Stab"],"picked":"Escape Plan","floor":12},{"not_picked":["Cloak And Dagger","Underhanded Strike","Flechettes"],"picked":"SKIP","floor":14},{"not_picked":["Deflect","Bane","Blade Dance"],"picked":"SKIP","floor":18},{"not_picked":["Dagger Throw","Bane"],"picked":"Calculated Gamble","floor":21},{"not_picked":["Quick Slash","Choke"],"picked":"Well Laid Plans","floor":24}],"player_experience":393755,"relics_obtained":[{"floor":7,"key":"Bottled Lightning"},{"floor":9,"key":"Bag of Marbles"},{"floor":10,"key":"Odd Mushroom"},{"floor":20,"key":"Nilry\u0027s Codex"},{"floor":24,"key":"Vajra"},{"floor":24,"key":"Regal Pillow"}],"event_choices":[{"event_name":"Mushrooms","player_choice":"Fought Mushrooms","floor":10,"damage_taken":0},{"event_name":"Scrap Ooze","player_choice":"success","floor":11,"damage_taken":12},{"event_name":"Beggar","player_choice":"Gave Gold","floor":19,"damage_taken":0},{"event_name":"Cursed Tome","player_choice":"Obtained Book","floor":20,"damage_taken":0}],"is_beta":false,"boss_relics":[{"not_picked":["Empty Cage","Coffee Dripper"],"picked":"Black Star"}],"items_purged_floors":[13],"is_endless":false,"potions_floor_spawned":[1,3,7,10,14],"killed_by":"3 Cultists","ascension_level":11}