{"gold_per_floor":[119,269,269,285,304,304,30,64,145,0,0,0],"floor_reached":12,"playtime":315,"items_purged":["Doubt","Strike_B"],"score":152,"play_id":"70f0cc3a-5883-4e13-b418-dbcfd75db785","local_time":"20190503002546","is_ascension_mode":true,"campfire_choices":[{"data":"Doom and Gloom","floor":6,"key":"SMITH"}],"neow_cost":"NONE","seed_source_timestamp":252832187122411,"circlet_count":0,"master_deck":["AscendersBane","Strike_B","Strike_B","Strike_B","Defend_B","Defend_B","Defend_B","Defend_B","Zap","Dualcast","Go for the Eyes","Doom and Gloom+1","Consume","Undo","Electrodynamics","Self Repair"],"relics":["Cracked Core","Centennial Puzzle","DataDisk","Orichalcum","Cables","Singing Bowl"],"potions_floor_usage":[8],"damage_taken":[{"damage":14,"enemies":"Small Slimes","floor":1,"turns":4},{"damage":12,"enemies":"Jaw Worm","floor":4,"turns":3},{"damage":6,"enemies":"Cultist","floor":5,"turns":3},{"damage":30,"enemies":"Gremlin Nob","floor":8,"turns":4},{"damage":2,"enemies":"Exordium Thugs","floor":12,"turns":2}],"seed_played":"997924244073546776","potions_obtained":[{"floor":3,"key":"SneckoOil"},{"floor":3,"key":"PowerPotion"},{"floor":8,"key":"SteroidPotion"}],"is_trial":false,"path_per_floor":["M","?","?","M","M","R","$","E","T","$","T","M"],"character_chosen":"DEFECT","items_purchased":["DataDisk","Undo","Self Repair"],"campfire_rested":0,"item_purchase_floors":[7,7,10],"current_hp_per_floor":[50,50,50,38,32,32,32,2,2,2,2,0],"gold":0,"neow_bonus":"RANDOM_COMMON_RELIC","is_prod":false,"is_daily":false,"chose_seed":false,"campfire_upgraded":1,"win_rate":0,"timestamp":1556857546,"path_taken":["M","?","?","M","?","R","$","E","T","?","?","M"],"build_version":"2019-01-23","purchased_purges":2,"victory":false,"max_hp_per_floor":[71,71,71,71,71,71,71,71,71,71,71,71],"card_choices":[{"not_picked":["Conserve Battery","Steam"],"picked":"Go for the Eyes","floor":1},{"not_picked":["Steam Power","Compile Driver"],"picked":"Doom and Gloom","floor":4},{"not_picked":["Go for the Eyes","Turbo"],"picked":"Consume","floor":5},{"not_picked":["Streamline","Beam Cell"],"picked":"Electrodynamics","floor":8}],"player_experience":1139744,"relics_obtained":[{"floor":8,"key":"Orichalcum"},{"floor":9,"key":"Cables"},{"floor":11,"key":"Singing Bowl"}],"event_choices":[{"damage_healed":0,"gold_gain":150,"player_choice":"AGREE","damage_taken":0,"max_hp_gain":0,"max_hp_loss":0,"event_name":"Liars Game","floor":2,"gold_loss":0,"cards_obtained":["Doubt"]},{"damage_healed":0,"gold_gain":0,"player_choice":"Got Potions","damage_taken":0,"max_hp_gain":0,"max_hp_loss":0,"event_name":"Lab","floor":3,"gold_loss":0}],"is_beta":false,"boss_relics":[],"items_purged_floors":[7,10],"is_endless":false,"potions_floor_spawned":[8],"killed_by":"Exordium Thugs","ascension_level":20}