{"gold_per_floor":[10,24,24,24,42,42,74,74,125,34,34,49,60,85,85,159,159,172,172,192,35,50,50,50],"floor_reached":24,"playtime":1272,"items_purged":["Strike_R"],"score":350,"play_id":"7f4a6159-eed0-4d13-b6e7-a3f408afd5ca","local_time":"20180915184038","is_ascension_mode":true,"campfire_choices":[{"data":"Pommel Strike","floor":6,"key":"SMITH"},{"data":"Bash","floor":8,"key":"SMITH"},{"data":"Evolve","floor":11,"key":"SMITH"},{"data":"Rampage","floor":15,"key":"SMITH"},{"data":"Demon Form","floor":23,"key":"SMITH"}],"neow_cost":"NO_GOLD","seed_source_timestamp":234684349007964,"circlet_count":0,"master_deck":["Strike_R","Defend_R","Defend_R","Defend_R","Bash+1","AscendersBane","True Grit+1","Evolve+1","Pommel Strike+1","Heavy Blade","Shrug It Off","Searing Blow","Rampage+1","Demon Form+1","Ghostly Armor","Reaper"],"relics":["Burning Blood","Vajra","Dream Catcher","Matryoshka","Philosopher\u0027s Stone"],"potions_floor_usage":[7,18,24,24],"damage_taken":[{"damage":1,"enemies":"Cultist","floor":1,"turns":3},{"damage":2,"enemies":"Jaw Worm","floor":2,"turns":4},{"damage":1,"enemies":"Small Slimes","floor":5,"turns":4},{"damage":20,"enemies":"Gremlin Nob","floor":7,"turns":4},{"damage":3,"enemies":"Looter","floor":12,"turns":4},{"damage":4,"enemies":"Exordium Wildlife","floor":13,"turns":4},{"damage":6,"enemies":"3 Sentries","floor":14,"turns":11},{"damage":38,"enemies":"Hexaghost","floor":16,"turns":12},{"damage":35,"enemies":"Chosen","floor":18,"turns":5},{"damage":13,"enemies":"Spheric Guardian","floor":20,"turns":5},{"damage":39,"enemies":"Centurion and Healer","floor":22,"turns":8},{"damage":53,"enemies":"Cultist and Chosen","floor":24,"turns":7}],"seed_played":"-3440622821833473123","potions_obtained":[{"floor":1,"key":"Swift Potion"},{"floor":2,"key":"Poison Potion"},{"floor":7,"key":"BloodPotion"},{"floor":16,"key":"Fire Potion"},{"floor":22,"key":"SpeedPotion"}],"is_trial":false,"path_per_floor":["M","M","?","?","M","R","E","R","T","$","R","M","M","E","R","B",null,"M","?","M","$","M","R"],"character_chosen":"IRONCLAD","items_purchased":["Shrug It Off","Searing Blow","Reaper"],"campfire_rested":0,"item_purchase_floors":[10,10,21],"current_hp_per_floor":[73,75,75,75,75,75,61,61,61,61,61,64,66,66,66,34,65,43,43,36,36,30,30,0],"gold":50,"neow_bonus":"REMOVE_TWO","is_prod":false,"is_daily":false,"chose_seed":false,"campfire_upgraded":5,"win_rate":0,"timestamp":1537051238,"path_taken":["M","?","?","?","M","R","E","R","T","$","R","M","M","E","R","BOSS","M","?","M","$","?","R","M"],"build_version":"2018-09-06","purchased_purges":1,"victory":false,"max_hp_per_floor":[75,75,75,75,75,75,75,75,75,75,75,75,75,75,75,75,75,75,75,75,75,75,75,75],"card_choices":[{"not_picked":["Rupture","Anger"],"picked":"True Grit","floor":1},{"not_picked":["Headbutt","Flex"],"picked":"Evolve","floor":2},{"not_picked":["Fire Breathing","Entrench"],"picked":"Pommel Strike","floor":5},{"not_picked":["Anger","Twin Strike"],"picked":"Heavy Blade","floor":7},{"not_picked":["Thunderclap","Cleave","Clash"],"picked":"SKIP","floor":12},{"not_picked":["Hemokinesis","Thunderclap","Havoc"],"picked":"SKIP","floor":13},{"not_picked":["Feel No Pain","Bludgeon"],"picked":"Rampage","floor":14},{"not_picked":["Limit Break","Berserk"],"picked":"Demon Form","floor":16},{"not_picked":["Iron Wave","Cleave"],"picked":"Ghostly Armor","floor":18},{"not_picked":["Sword Boomerang","Clothesline","Headbutt"],"picked":"SKIP","floor":20},{"not_picked":["Infernal Blade","Pommel Strike","Clash"],"picked":"SKIP","floor":22}],"player_experience":392483,"relics_obtained":[{"floor":7,"key":"Vajra"},{"floor":9,"key":"Dream Catcher"},{"floor":14,"key":"Matryoshka"}],"event_choices":[{"event_name":"Bonfire Elementals","player_choice":"BASIC","floor":3,"damage_taken":0},{"event_name":"Living Wall","player_choice":"Grow","floor":4,"damage_taken":0},{"event_name":"Purifier","player_choice":"One Purge","floor":19,"damage_taken":0}],"is_beta":false,"boss_relics":[{"not_picked":["Eternal Feather","Runic Pyramid"],"picked":"Philosopher\u0027s Stone"}],"items_purged_floors":[21],"is_endless":false,"potions_floor_spawned":[1,2,7,16,22],"killed_by":"Cultist and Chosen","ascension_level":14}