{"gold_per_floor":[112,112,112,132,156,156,190,190,213,232,232,232,232,247,247,247],"floor_reached":16,"playtime":283,"items_purged":[],"score":100,"play_id":"7fd902cb-afaa-439c-99cb-19409eef9929","local_time":"20181004182032","is_ascension_mode":false,"campfire_choices":[{"data":"Zap","floor":6,"key":"SMITH"},{"data":"Genetic Algorithm","floor":11,"key":"SMITH"},{"floor":15,"key":"REST"}],"neow_cost":"NONE","seed_source_timestamp":1876214613839307,"circlet_count":0,"master_deck":["Strike_B","Strike_B","Strike_B","Strike_B","Defend_B","Defend_B","Defend_B","Defend_B","Zap+1","Dualcast","Sweeping Beam","Sweeping Beam","Leap","Genetic Algorithm+1","Genetic Algorithm","Go for the Eyes"],"relics":["Eternal Feather","Golden Idol","Lantern","DataDisk","Orichalcum"],"potions_floor_usage":[4],"damage_taken":[{"damage":8,"enemies":"Jaw Worm","floor":1,"turns":3},{"damage":0,"enemies":"2 Louse","floor":4,"turns":2},{"damage":10,"enemies":"Cultist","floor":5,"turns":4},{"damage":17,"enemies":"3 Sentries","floor":7,"turns":6},{"damage":8,"enemies":"Blue Slaver","floor":10,"turns":4},{"damage":8,"enemies":"2 Fungi Beasts","floor":14,"turns":3},{"damage":0,"enemies":"The Guardian","floor":16,"turns":1}],"seed_played":"-2529975318266887449","potions_obtained":[{"floor":4,"key":"Fruit Juice"},{"floor":7,"key":"Block Potion"},{"floor":10,"key":"Strength Potion"},{"floor":14,"key":"LiquidBronze"}],"is_trial":false,"path_per_floor":["M","?","?","M","M","R","E","$","T","M","R","?","$","M","R"],"character_chosen":"DEFECT","items_purchased":[],"campfire_rested":1,"item_purchase_floors":[],"current_hp_per_floor":[67,49,54,59,49,55,38,38,38,30,39,39,39,31,65,65],"gold":247,"neow_bonus":"BOSS_RELIC","is_prod":false,"is_daily":false,"chose_seed":false,"campfire_upgraded":2,"win_rate":0,"timestamp":1538691632,"path_taken":["M","?","?","?","M","R","E","$","T","M","R","?","$","M","R","BOSS"],"build_version":"2018-09-27","purchased_purges":0,"victory":false,"max_hp_per_floor":[75,75,80,85,85,85,85,85,85,85,85,85,85,85,85,85],"card_choices":[{"not_picked":["Redo","Streamline"],"picked":"Sweeping Beam","floor":1},{"not_picked":["Fusion","Redo"],"picked":"Sweeping Beam","floor":4},{"not_picked":["Redo","Compile Driver"],"picked":"Leap","floor":5},{"not_picked":["Rip and Tear","Biased Cognition"],"picked":"Genetic Algorithm","floor":7},{"not_picked":["Conserve Battery","Turbo"],"picked":"Genetic Algorithm","floor":10},{"not_picked":["Turbo","Chill"],"picked":"Go for the Eyes","floor":14}],"player_experience":555226,"relics_obtained":[{"floor":7,"key":"Lantern"},{"floor":9,"key":"DataDisk"}],"event_choices":[{"event_name":"Golden Idol","player_choice":"Take Damage","floor":2,"damage_taken":0},{"event_name":"Big Fish","player_choice":"Donut","floor":3,"damage_taken":0},{"event_name":"WeMeetAgain","player_choice":"Potion","floor":12,"damage_taken":0}],"is_beta":false,"boss_relics":[],"items_purged_floors":[],"is_endless":false,"potions_floor_spawned":[4,7,10,14],"killed_by":"The Guardian","ascension_level":0}