{"gold_per_floor":[214,214,214,214,230,230,245,263,263,263,276,276,292,112,112,243,243,264,264,284,184,184,184,184,107,133,198,219,219,238,113,113,113],"floor_reached":33,"playtime":696,"items_purged":["Defend_R","Defend_R","Defend_R"],"score":280,"play_id":"aee4fd87-d294-4e73-8155-72e47f8df491","local_time":"20181005204359","is_ascension_mode":false,"campfire_choices":[{"data":"Perfected Strike","floor":6,"key":"SMITH"},{"data":"Pummel","floor":10,"key":"SMITH"},{"data":"Cleave","floor":12,"key":"SMITH"},{"data":"Bash","floor":15,"key":"SMITH"},{"data":"Metallicize","floor":23,"key":"SMITH"},{"data":"Spot Weakness","floor":29,"key":"SMITH"},{"floor":32,"key":"REST"}],"neow_cost":"NONE","seed_source_timestamp":1970816698622958,"circlet_count":0,"master_deck":["Strike_R","Strike_R","Strike_R","Strike_R","Defend_R","Bash+1","Perfected Strike+1","Shrug It Off","Wild Strike","Pummel+1","Cleave+1","Wild Strike","Swift Strike","Metallicize+1","Spot Weakness+1","Cleave+1","Battle Trance","Reaper"],"relics":["Black Blood","Golden Idol","Ornamental Fan","Pantograph","Unceasing Top","MutagenicStrength","Regal Pillow","Tiny Chest"],"potions_floor_usage":[22,33,33],"damage_taken":[{"damage":7,"enemies":"2 Louse","floor":1,"turns":2},{"damage":1,"enemies":"Cultist","floor":5,"turns":3},{"damage":5,"enemies":"Small Slimes","floor":7,"turns":3},{"damage":16,"enemies":"2 Fungi Beasts","floor":8,"turns":3},{"damage":7,"enemies":"Blue Slaver","floor":11,"turns":3},{"damage":15,"enemies":"Exordium Thugs","floor":13,"turns":4},{"damage":5,"enemies":"Slime Boss","floor":16,"turns":7},{"damage":29,"enemies":"Shell Parasite","floor":18,"turns":4},{"damage":12,"enemies":"3 Byrds","floor":20,"turns":6},{"damage":22,"enemies":"Colosseum Slavers","floor":22,"turns":4},{"damage":0,"enemies":"Gremlin Leader","floor":27,"turns":6},{"damage":34,"enemies":"Snake Plant","floor":28,"turns":5},{"damage":17,"enemies":"Sentry and Sphere","floor":30,"turns":4},{"damage":83,"enemies":"Champ","floor":33,"turns":8}],"seed_played":"7925180683022696342","potions_obtained":[{"floor":1,"key":"SpeedPotion"},{"floor":13,"key":"Regen Potion"},{"floor":20,"key":"Explosive Potion"},{"floor":30,"key":"Poison Potion"}],"is_trial":false,"path_per_floor":["M","?","?","?","M","R","M","M","T","R","M","R","M","$","R","B",null,"M","?","M","$","?","R","?","$","T","E","M","R","M","$","R"],"character_chosen":"IRONCLAD","items_purchased":["Swift Strike","Spot Weakness"],"campfire_rested":1,"item_purchase_floors":[14,25],"current_hp_per_floor":[79,79,74,67,72,72,73,63,63,63,62,62,53,53,53,74,74,55,55,53,53,41,41,41,41,41,51,27,27,20,20,57,0],"gold":113,"neow_bonus":"HUNDRED_GOLD","is_prod":false,"is_daily":false,"chose_seed":false,"campfire_upgraded":6,"win_rate":0,"timestamp":1538786639,"path_taken":["M","?","?","?","M","R","M","?","T","R","M","R","M","$","R","BOSS","M","?","M","$","?","R","?","?","T","E","M","R","?","$","R","BOSS"],"build_version":"2018-10-04","purchased_purges":3,"victory":false,"max_hp_per_floor":[80,80,74,74,74,74,74,74,74,74,74,74,74,74,74,74,74,74,74,74,74,74,74,74,74,74,74,74,74,74,74,74,74],"card_choices":[{"not_picked":["Dropkick","Sword Boomerang"],"picked":"Perfected Strike","floor":1},{"not_picked":["Rage","Barricade"],"picked":"Shrug It Off","floor":5},{"not_picked":["Clothesline","Cleave"],"picked":"Wild Strike","floor":7},{"not_picked":["Rupture","True Grit"],"picked":"Pummel","floor":8},{"not_picked":["Thunderclap","Shrug It Off"],"picked":"Cleave","floor":11},{"not_picked":["Feed","Corruption"],"picked":"Wild Strike","floor":13},{"not_picked":["Shrug It Off","Headbutt","Flex"],"picked":"SKIP","floor":18},{"not_picked":["Sword Boomerang","Wild Strike"],"picked":"Metallicize","floor":20},{"not_picked":["Wild Strike","Clash"],"picked":"Cleave+1","floor":27},{"not_picked":["Sword Boomerang","Heavy Blade+1"],"picked":"Battle Trance","floor":28},{"not_picked":["Heavy Blade","Shrug It Off"],"picked":"Reaper","floor":30}],"player_experience":567299,"relics_obtained":[{"floor":9,"key":"Pantograph"},{"floor":26,"key":"Regal Pillow"},{"floor":27,"key":"Tiny Chest"}],"event_choices":[{"event_name":"Wheel of Change","player_choice":"Card Removal","floor":2,"damage_taken":0},{"event_name":"Golden Idol","player_choice":"Lose Max HP","floor":3,"damage_taken":0},{"event_name":"Scrap Ooze","player_choice":"success","floor":4,"damage_taken":7},{"event_name":"WeMeetAgain","player_choice":"Potion","floor":19,"damage_taken":0},{"event_name":"Colosseum","player_choice":"Fight","floor":22,"damage_taken":0},{"event_name":"Colosseum","player_choice":"Fled From Nobs","floor":22,"damage_taken":0},{"event_name":"Drug Dealer","player_choice":"Inject Mutagens","floor":24,"damage_taken":0}],"is_beta":false,"boss_relics":[{"not_picked":["Runic Pyramid","Pandora\u0027s Box"],"picked":"Black Blood"}],"items_purged_floors":[14,21,31],"is_endless":false,"potions_floor_spawned":[1,13,20,30],"killed_by":"Champ","ascension_level":0}