{"gold_per_floor":[119,52,62,74,87,87,87,128,210,210,230,230,264,277,277,277],"floor_reached":16,"playtime":663,"items_purged":[],"score":123,"play_id":"19f6d6e8-e399-41f0-bb61-dd9392b242a0","local_time":"20190721024846","is_ascension_mode":true,"campfire_choices":[{"data":"Sever Soul","floor":6,"key":"SMITH"},{"floor":10,"key":"REST"},{"floor":12,"key":"REST"},{"floor":15,"key":"REST"}],"neow_cost":"NONE","seed_source_timestamp":25651098057800,"circlet_count":0,"master_deck":["Strike_R","Strike_R","Strike_R","Strike_R","Strike_R","Defend_R","Defend_R","Defend_R","Defend_R","Bash+1","Impatience","Clothesline","Rampage+1","Heavy Blade","Sever Soul+1","Body Slam","Headbutt","Armaments","Blood for Blood","Body Slam"],"relics":["Burning Blood","Golden Idol","Letter Opener","Tiny Chest","Whetstone"],"potions_floor_usage":[3,5,16],"damage_taken":[{"damage":1,"enemies":"Cultist","floor":1,"turns":4},{"damage":1,"enemies":"Small Slimes","floor":3,"turns":3},{"damage":6,"enemies":"Jaw Worm","floor":4,"turns":4},{"damage":2,"enemies":"Large Slime","floor":5,"turns":4},{"damage":40,"enemies":"3 Sentries","floor":8,"turns":8},{"damage":14,"enemies":"Red Slaver","floor":11,"turns":5},{"damage":13,"enemies":"Gremlin Nob","floor":13,"turns":4},{"damage":6,"enemies":"Looter","floor":14,"turns":4},{"damage":83,"enemies":"Slime Boss","floor":16,"turns":12}],"seed_played":"-9178755975662011888","potions_obtained":[{"floor":1,"key":"EssenceOfSteel"},{"floor":4,"key":"AttackPotion"},{"floor":14,"key":"Ancient Potion"}],"is_trial":false,"path_per_floor":["M","$","M","M","M","R","?","E","T","R","M","R","E","M","R","B"],"character_chosen":"IRONCLAD","items_purchased":["Rampage"],"campfire_rested":3,"item_purchase_floors":[2],"current_hp_per_floor":[80,80,80,80,80,80,60,26,26,50,42,66,59,59,80,0],"gold":277,"neow_bonus":"RANDOM_COLORLESS","is_prod":false,"is_daily":false,"chose_seed":false,"campfire_upgraded":1,"win_rate":0,"timestamp":1563691726,"path_taken":["M","$","?","M","M","R","?","E","T","R","M","R","E","M","R","BOSS"],"build_version":"2019-07-17","purchased_purges":0,"victory":false,"max_hp_per_floor":[80,80,80,80,80,80,80,80,80,80,80,80,80,80,80,80],"card_choices":[{"not_picked":["Perfected Strike","Clash"],"picked":"Clothesline","floor":1},{"not_picked":["Perfected Strike","Body Slam"],"picked":"Heavy Blade","floor":3},{"not_picked":["Rage","Carnage"],"picked":"Sever Soul","floor":4},{"not_picked":["True Grit","Perfected Strike"],"picked":"Body Slam","floor":5},{"not_picked":["Searing Blow","Pummel"],"picked":"Headbutt","floor":8},{"not_picked":["Headbutt","Clash"],"picked":"Armaments","floor":11},{"not_picked":["Shockwave","Anger"],"picked":"Blood for Blood","floor":13},{"not_picked":["Power Through","Anger"],"picked":"Body Slam","floor":14}],"player_experience":273155,"relics_obtained":[{"floor":8,"key":"Letter Opener"},{"floor":9,"key":"Tiny Chest"},{"floor":13,"key":"Whetstone"}],"event_choices":[{"damage_healed":0,"gold_gain":0,"player_choice":"Take Damage","damage_taken":20,"relics_obtained":["Golden Idol"],"max_hp_gain":0,"max_hp_loss":0,"event_name":"Golden Idol","floor":7,"gold_loss":0}],"is_beta":false,"boss_relics":[],"items_purged_floors":[],"is_endless":false,"potions_floor_spawned":[1,4,14],"killed_by":"Slime Boss","ascension_level":2}