{"gold_per_floor":[10,28,45,45,57,57,84,84,165,176,176,204,204,234,234,308,308,324,9,59,77,126,154,154,181,181,12,25,25,25,38,38,115,115,135,135,146,156,156,156,186,186,186,217,217,252,268,281,281,281,281,281,281,32,58,58],"floor_reached":57,"playtime":4376,"items_purged":[],"score":2846,"play_id":"356c7d51-fab2-4c41-aeb9-d8280c8f0ec6","local_time":"20190626233525","is_ascension_mode":true,"campfire_choices":[{"data":"Bouncing Flask","floor":6,"key":"SMITH"},{"floor":8,"key":"REST"},{"floor":15,"key":"REST"},{"floor":24,"key":"REST"},{"floor":32,"key":"REST"},{"data":"Wraith Form v2","floor":40,"key":"SMITH"},{"floor":42,"key":"REST"},{"floor":49,"key":"RECALL"},{"data":"Catalyst","floor":53,"key":"SMITH"}],"neow_cost":"NO_GOLD","seed_source_timestamp":983863350505315,"circlet_count":0,"master_deck":["AscendersBane","Defend_G","Defend_G+1","Defend_G","Defend_G","Defend_G","Strike_G","Strike_G+1","Strike_G+1","Survivor","Neutralize+1","Bouncing Flask+1","Quick Slash","Backstab","Well Laid Plans+1","Calculated Gamble","Deadly Poison","Malaise","Crippling Poison+1","PiercingWail+1","After Image","Catalyst+1","Noxious Fumes","PiercingWail","Deflect","Wraith Form v2+1","Wraith Form v2+1","Backflip","Predator","Backflip"],"relics":["Ring of the Snake","Incense Burner","Bronze Scales","Strawberry","Sozu","Membership Card","Happy Flower","Whetstone","Unceasing Top","War Paint","Blood Vial","Lantern","Snecko Eye","Art of War","Bag of Preparation","Orichalcum","Oddly Smooth Stone","Sundial","Medical Kit","Bottled Tornado","Centennial Puzzle"],"potions_floor_usage":[7,12,14],"damage_taken":[{"damage":0,"enemies":"2 Louse","floor":1,"turns":4},{"damage":1,"enemies":"Small Slimes","floor":2,"turns":4},{"damage":1,"enemies":"Cultist","floor":3,"turns":4},{"damage":0,"enemies":"Exordium Thugs","floor":5,"turns":4},{"damage":34,"enemies":"3 Sentries","floor":7,"turns":8},{"damage":0,"enemies":"2 Fungi Beasts","floor":10,"turns":8},{"damage":16,"enemies":"Gremlin Nob","floor":12,"turns":5},{"damage":2,"enemies":"Lagavulin","floor":14,"turns":4},{"damage":9,"enemies":"The Guardian","floor":16,"turns":8},{"damage":13,"enemies":"2 Thieves","floor":18,"turns":4},{"damage":0,"enemies":"Spheric Guardian","floor":21,"turns":2},{"damage":46,"enemies":"Gremlin Leader","floor":23,"turns":10},{"damage":19,"enemies":"Book of Stabbing","floor":25,"turns":6},{"damage":6,"enemies":"Snake Plant","floor":28,"turns":4},{"damage":0,"enemies":"Cultist and Chosen","floor":31,"turns":5},{"damage":33,"enemies":"Automaton","floor":33,"turns":9},{"damage":0,"enemies":"3 Shapes","floor":35,"turns":6},{"damage":0,"enemies":"Orb Walker","floor":37,"turns":5},{"damage":0,"enemies":"3 Darklings","floor":38,"turns":4},{"damage":36,"enemies":"Nemesis","floor":41,"turns":11},{"damage":0,"enemies":"Reptomancer","floor":44,"turns":5},{"damage":0,"enemies":"Giant Head","floor":46,"turns":8},{"damage":0,"enemies":"Sphere and 2 Shapes","floor":47,"turns":5},{"damage":0,"enemies":"Writhing Mass","floor":48,"turns":5},{"damage":2,"enemies":"Time Eater","floor":50,"turns":16},{"damage":18,"enemies":"Awakened One","floor":51,"turns":23},{"damage":12,"enemies":"Shield and Spear","floor":55,"turns":7},{"damage":7,"enemies":"The Heart","floor":56,"turns":10}],"seed_played":"4364673452209377589","potions_obtained":[{"floor":3,"key":"Strength Potion"},{"floor":7,"key":"AttackPotion"},{"floor":10,"key":"Weak Potion"},{"floor":14,"key":"GamblersBrew"}],"is_trial":false,"path_per_floor":["M","M","M","?","M","R","E","R","T","M","?","E","?","E","R","B",null,"M","$","?","M","T","E","R","E","T","$","M","?","?","M","R","B",null,"M","?","M","M","?","R","E","R","T","E","?","E","M","M","R","B","B",null,"R","$","E","B",null],"character_chosen":"THE_SILENT","items_purchased":["Membership Card","Crippling Poison","Happy Flower","Catalyst","Noxious Fumes","PiercingWail","Lantern","Medical Kit","Bottled Tornado"],"campfire_rested":5,"item_purchase_floors":[19,19,19,27,27,27,27,54,54],"current_hp_per_floor":[59,58,57,62,62,62,28,49,49,49,49,33,12,17,40,31,66,53,53,53,53,53,7,30,11,11,11,7,7,7,9,32,1,59,61,61,63,65,60,60,26,49,49,51,51,53,55,57,57,57,41,69,69,69,59,54],"gold":58,"neow_bonus":"REMOVE_TWO","is_prod":false,"is_daily":false,"chose_seed":false,"campfire_upgraded":3,"win_rate":0,"timestamp":1561606525,"path_taken":["M","M","M","?","M","R","E","R","T","M","?","E","?","E","R","BOSS","M","$","?","?","?","E","R","E","T","?","M","?","?","M","R","BOSS","M","?","?","M","?","R","E","R","T","E","?","E","?","M","R","BOSS","BOSS","R","$","E","BOSS"],"build_version":"2019-01-23","purchased_purges":0,"victory":true,"max_hp_per_floor":[66,66,66,71,71,71,71,71,71,71,71,71,71,78,78,78,78,78,78,78,78,78,78,78,78,78,78,78,78,78,78,78,78,78,78,78,78,78,78,78,78,78,78,78,78,78,78,78,78,78,78,78,78,78,78,78],"card_choices":[{"not_picked":["Dodge and Roll","Quick Slash"],"picked":"Bouncing Flask","floor":1},{"not_picked":["Terror","Setup"],"picked":"Quick Slash","floor":2},{"not_picked":["Concentrate","Slice"],"picked":"Backstab","floor":3},{"not_picked":["Dodge and Roll","Prepared","Calculated Gamble"],"picked":"SKIP","floor":5},{"not_picked":["PiercingWail","Slice"],"picked":"Well Laid Plans","floor":7},{"not_picked":["Sucker Punch","Choke","Calculated Gamble"],"picked":"SKIP","floor":10},{"not_picked":["Sucker Punch","Choke"],"picked":"Calculated Gamble","floor":10},{"not_picked":["Calculated Gamble","Finisher"],"picked":"Poisoned Stab","floor":12},{"not_picked":["Riddle With Holes","Acrobatics"],"picked":"Deadly Poison","floor":14},{"not_picked":["Grand Finale","Die Die Die"],"picked":"Malaise","floor":16},{"not_picked":["Poisoned Stab+1","Prepared","Choke"],"picked":"SKIP","floor":18},{"not_picked":["Blade Dance+1","Dash+1"],"picked":"PiercingWail","floor":21},{"not_picked":["Poisoned Stab","Dash","Storm of Steel"],"picked":"SKIP","floor":23},{"not_picked":["Sucker Punch","Blade Dance"],"picked":"After Image","floor":25},{"not_picked":["Bane","Setup"],"picked":"Deflect","floor":28},{"not_picked":["Heel Hook","Underhanded Strike","Slice"],"picked":"SKIP","floor":31},{"not_picked":["Bullet Time","Grand Finale"],"picked":"Wraith Form v2","floor":33},{"not_picked":["Flying Knee","Bane","Well Laid Plans"],"picked":"SKIP","floor":35},{"not_picked":["Flying Knee","Tactician","Distraction"],"picked":"SKIP","floor":37},{"not_picked":["Calculated Gamble","Sucker Punch","Blur"],"picked":"SKIP","floor":38},{"not_picked":["Acrobatics","Deadly Poison"],"picked":"Wraith Form v2","floor":41},{"not_picked":["Eviscerate","Prepared","Deflect"],"picked":"SKIP","floor":44},{"not_picked":["Deflect","Skewer","Dodge and Roll+1"],"picked":"SKIP","floor":46},{"not_picked":["Dagger Spray","Blade Dance+1"],"picked":"Backflip","floor":47},{"not_picked":["Acrobatics","Well Laid Plans"],"picked":"Predator","floor":48},{"not_picked":["Outmaneuver+1","Blur"],"picked":"Backflip","floor":55}],"player_experience":1543397,"relics_obtained":[{"floor":7,"key":"Incense Burner"},{"floor":12,"key":"Bronze Scales"},{"floor":14,"key":"Strawberry"},{"floor":22,"key":"Whetstone"},{"floor":23,"key":"Unceasing Top"},{"floor":25,"key":"War Paint"},{"floor":26,"key":"Blood Vial"},{"floor":41,"key":"Bag of Preparation"},{"floor":43,"key":"Orichalcum"},{"floor":44,"key":"Oddly Smooth Stone"},{"floor":46,"key":"Sundial"},{"floor":55,"key":"Centennial Puzzle"}],"event_choices":[{"damage_healed":0,"gold_gain":0,"player_choice":"Donut","damage_taken":0,"max_hp_gain":5,"max_hp_loss":0,"event_name":"Big Fish","floor":4,"gold_loss":0},{"damage_healed":0,"gold_gain":0,"player_choice":"Grow","damage_taken":0,"max_hp_gain":0,"max_hp_loss":0,"event_name":"Living Wall","floor":11,"gold_loss":0,"cards_upgraded":["Neutralize"]},{"damage_healed":0,"gold_gain":0,"player_choice":"Entered Light","damage_taken":21,"max_hp_gain":0,"max_hp_loss":0,"event_name":"Shining Light","floor":13,"gold_loss":0,"cards_upgraded":["Defend_G","Well Laid Plans"]},{"damage_healed":0,"gold_gain":50,"player_choice":"Pray","damage_taken":0,"max_hp_gain":0,"max_hp_loss":0,"event_name":"Golden Shrine","floor":20,"gold_loss":0},{"damage_healed":0,"gold_gain":0,"player_choice":"Ignored","damage_taken":0,"max_hp_gain":0,"max_hp_loss":0,"event_name":"Vampires","floor":29,"gold_loss":0},{"damage_healed":0,"gold_gain":0,"player_choice":"Ignored","damage_taken":0,"max_hp_gain":0,"max_hp_loss":0,"event_name":"Cursed Tome","floor":30,"gold_loss":0},{"cards_removed":["Poisoned Stab"],"damage_healed":0,"gold_gain":0,"player_choice":"Gave Card","damage_taken":0,"relics_obtained":["Art of War"],"max_hp_gain":0,"max_hp_loss":0,"event_name":"WeMeetAgain","floor":36,"gold_loss":0},{"damage_healed":0,"gold_gain":0,"player_choice":"Memory 2","damage_taken":5,"max_hp_gain":0,"max_hp_loss":0,"event_name":"SensoryStone","floor":39,"gold_loss":0},{"damage_healed":0,"gold_gain":0,"player_choice":"Forge","damage_taken":0,"max_hp_gain":0,"max_hp_loss":0,"event_name":"Accursed Blacksmith","floor":45,"gold_loss":0,"cards_upgraded":["Wraith Form v2"]}],"is_beta":false,"boss_relics":[{"not_picked":["Busted Crown","Pandora\u0027s Box"],"picked":"Sozu"},{"not_picked":["Ring of the Serpent","Philosopher\u0027s Stone"],"picked":"Snecko Eye"}],"items_purged_floors":[],"is_endless":false,"potions_floor_spawned":[3,7,10,14,21,23,28,31,35,37,38,46,48],"ascension_level":20}