{"gold_per_floor":[119,4,15,115,126,161,161,181,181,212,226,226,239,272,272,369,369,387,357,6,6,20,50,69,69,93,93,119,129,129,229,229,326,326,336,356,375,394,71,71,81,81,154,154,154,171,21,34,34,34],"floor_reached":51,"playtime":6288,"items_purged":["Pain","Strike_B"],"score":1045,"play_id":"7561401f-3f2c-4352-be95-0c950c77cfeb","local_time":"20190722190300","is_ascension_mode":true,"campfire_choices":[{"data":"Zap","floor":7.0,"key":"SMITH"},{"data":"Go for the Eyes","floor":12.0,"key":"SMITH"},{"data":"Defragment","floor":15.0,"key":"SMITH"},{"data":"Loop","floor":25.0,"key":"SMITH"},{"floor":27.0,"key":"REST"},{"data":"Writhe","floor":32.0,"key":"PURGE"},{"data":"Rainbow","floor":40.0,"key":"SMITH"},{"data":"Strike_B","floor":42.0,"key":"PURGE"},{"data":"Regret","floor":45.0,"key":"PURGE"},{"floor":49.0,"key":"REST"}],"neow_cost":"CURSE","seed_source_timestamp":1079736807094821,"circlet_count":0,"master_deck":["Strike_B","Strike_B","Defend_B","Defend_B","Defend_B","Defend_B","Zap+1","Dualcast","Rainbow+1","Rip and Tear","Glacier","BootSequence","Cold Snap","Rebound","Rip and Tear","Compile Driver","Go for the Eyes+1","Defragment+1","Leap","Core Surge","Ball Lightning+1","Loop+1","Undo","Streamline+1","Stack","FTL","Chaos+1","Creative AI","Doom and Gloom","Compile Driver+1","Parasite","Double Energy+1","Capacitor+1","Chill+1","Consume+1","Barrage"],"special_seed":0,"relics":["Cracked Core","Sundial","Darkstone Periapt","Mercury Hourglass","Centennial Puzzle","Inserter","Gambling Chip","Peace Pipe","Bottled Tornado","Boot","Pen Nib","Cursed Key","Lee\u0027s Waffle","Bottled Lightning"],"potions_floor_usage":[50,50,50],"damage_taken":[{"damage":3.0,"enemies":"2 Louse","floor":1.0,"turns":1.0},{"damage":4.0,"enemies":"Cultist","floor":3.0,"turns":3.0},{"damage":0.0,"enemies":"Small Slimes","floor":5.0,"turns":3.0},{"damage":19.0,"enemies":"Lagavulin","floor":6.0,"turns":9.0},{"damage":4.0,"enemies":"Exordium Thugs","floor":8.0,"turns":4.0},{"damage":7.0,"enemies":"3 Sentries","floor":10.0,"turns":6.0},{"damage":0.0,"enemies":"3 Louse","floor":11.0,"turns":2.0},{"damage":1.0,"enemies":"Large Slime","floor":13.0,"turns":3.0},{"damage":10.0,"enemies":"Gremlin Nob","floor":14.0,"turns":4.0},{"damage":1.0,"enemies":"Slime Boss","floor":16.0,"turns":8.0},{"damage":4.0,"enemies":"Spheric Guardian","floor":18.0,"turns":3.0},{"damage":6.0,"enemies":"3 Byrds","floor":22.0,"turns":4.0},{"damage":22.0,"enemies":"Slavers","floor":23.0,"turns":5.0},{"damage":10.0,"enemies":"3 Cultists","floor":24.0,"turns":5.0},{"damage":0.0,"enemies":"Gremlin Leader","floor":28.0,"turns":8.0},{"damage":10.0,"enemies":"Snake Plant","floor":29.0,"turns":4.0},{"damage":0.0,"enemies":"Cultist and Chosen","floor":30.0,"turns":1.0},{"damage":36.0,"enemies":"Champ","floor":33.0,"turns":11.0},{"damage":33.0,"enemies":"3 Darklings","floor":35.0,"turns":4.0},{"damage":7.0,"enemies":"Orb Walker","floor":36.0,"turns":3.0},{"damage":8.0,"enemies":"Writhing Mass","floor":37.0,"turns":7.0},{"damage":5.0,"enemies":"3 Darklings","floor":38.0,"turns":7.0},{"damage":17.0,"enemies":"Maw","floor":41.0,"turns":7.0},{"damage":0.0,"enemies":"4 Shapes","floor":46.0,"turns":3.0},{"damage":9.0,"enemies":"Transient","floor":48.0,"turns":5.0},{"damage":26,"enemies":"Time Eater","floor":50,"turns":10}],"seed_played":"-5035297068548957236","potions_obtained":[{"floor":5.0,"key":"SteroidPotion"},{"floor":6.0,"key":"Weak Potion"},{"floor":11.0,"key":"GamblersBrew"},{"floor":13.0,"key":"Energy Potion"},{"floor":19.0,"key":"SmokeBomb"},{"floor":19.0,"key":"EssenceOfSteel"},{"floor":24.0,"key":"Swift Potion"},{"floor":28.0,"key":"Dexterity Potion"},{"floor":37.0,"key":"SkillPotion"},{"floor":46.0,"key":"Poison Potion"},{"floor":48.0,"key":"Strength Potion"}],"is_trial":false,"path_per_floor":["M","$","M","?","M","E","R","M","T","E","M","R","M","E","R","B",null,"M","?","$","?","M","E","M","R","T","R","E","M","M","?","R","B",null,"M","M","M","M","$","R","M","R","T","?","R","M","$","M","R","B",null],"character_chosen":"DEFECT","items_purchased":["Glacier","Gambling Chip","Loop","Lee\u0027s Waffle","SpeedPotion","Ancient Potion","Barrage"],"campfire_rested":2,"item_purchase_floors":[2,20,20,39,39,39,47],"current_hp_per_floor":[65,65,61,61,61,42,42,38,38,31,31,31,30,20,20,19,61,57,57,57,63,57,35,25,25,25,49,49,39,39,39,39,3,62,29,22,20,15,94,94,77,77,83,83,83,83,83,74,100,74],"gold":34,"neow_bonus":"THREE_RARE_CARDS","is_prod":false,"is_daily":false,"chose_seed":false,"campfire_upgraded":5,"win_rate":0,"timestamp":1563836580,"path_taken":["M","$","M","?","M","E","R","M","T","E","?","R","M","E","R","BOSS","M","?","?","?","M","E","M","R","T","R","E","M","M","?","R","BOSS","M","M","?","M","$","R","M","R","T","?","R","M","$","M","R","BOSS"],"build_version":"2019-07-17","purchased_purges":2,"victory":true,"max_hp_per_floor":[75,75,75,75,75,75,75,75,75,75,75,75,75,75,75,75,75,75,75,75,81,81,81,81,81,81,81,81,81,81,81,81,81,81,81,81,87,87,94,94,94,94,100,100,100,100,100,100,100,100],"card_choices":[{"not_picked":["Fission","Multi-Cast"],"picked":"Rainbow","floor":0.0},{"not_picked":["Go for the Eyes","Leap"],"picked":"Rip and Tear","floor":1.0},{"not_picked":["Sweeping Beam","White Noise"],"picked":"BootSequence","floor":3.0},{"not_picked":["Recycle","Streamline"],"picked":"Cold Snap","floor":5.0},{"not_picked":["Double Energy","Sweeping Beam"],"picked":"Rebound","floor":6.0},{"not_picked":["Cold Snap","Conserve Battery"],"picked":"Rip and Tear","floor":8.0},{"not_picked":["Melter","Conserve Battery"],"picked":"Compile Driver","floor":10.0},{"not_picked":["Streamline","Turbo"],"picked":"Go for the Eyes","floor":11.0},{"not_picked":["Cold Snap","Capacitor"],"picked":"Defragment","floor":13.0},{"not_picked":["Double Energy","Gash"],"picked":"Leap","floor":14.0},{"not_picked":["Reboot","Hyperbeam"],"picked":"Core Surge","floor":16.0},{"not_picked":["Melter","Tempest"],"picked":"Ball Lightning+1","floor":18.0},{"not_picked":["Steam","Sweeping Beam"],"picked":"Undo","floor":22.0},{"not_picked":["Tempest","Storm"],"picked":"Streamline+1","floor":23.0},{"not_picked":["Leap","Double Energy+1"],"picked":"Stack","floor":24.0},{"not_picked":["Redo","Tempest"],"picked":"FTL","floor":28.0},{"not_picked":["Redo","Steam+1"],"picked":"Chaos+1","floor":29.0},{"not_picked":["Core Surge","Amplify"],"picked":"Creative AI","floor":33.0},{"not_picked":["Turbo","Reprogram"],"picked":"Doom and Gloom","floor":35.0},{"not_picked":["Leap","Beam Cell"],"picked":"Compile Driver+1","floor":36.0},{"not_picked":["Steam Power","Gash"],"picked":"Double Energy+1","floor":37.0},{"not_picked":["Cold Snap","Doom and Gloom"],"picked":"Capacitor+1","floor":38.0},{"not_picked":["Leap","Cold Snap"],"picked":"Chill+1","floor":41.0},{"not_picked":["Coolheaded+1","Electrodynamics"],"picked":"Consume+1","floor":46.0},{"not_picked":["Turbo","Redo","Fusion+1"],"picked":"SKIP","floor":48.0}],"player_experience":755502,"relics_obtained":[{"floor":6.0,"key":"Sundial"},{"floor":9.0,"key":"Darkstone Periapt"},{"floor":10.0,"key":"Mercury Hourglass"},{"floor":14.0,"key":"Centennial Puzzle"},{"floor":23.0,"key":"Bottled Tornado"},{"floor":26.0,"key":"Boot"},{"floor":28.0,"key":"Pen Nib"},{"floor":43.0,"key":"Bottled Lightning"}],"event_choices":[{"damage_healed":0.0,"max_hp_gain":0.0,"max_hp_loss":0.0,"gold_gain":100.0,"event_name":"Golden Shrine","player_choice":"Pray","floor":4.0,"gold_loss":0.0,"damage_taken":0.0},{"damage_healed":0.0,"max_hp_gain":0.0,"max_hp_loss":0.0,"gold_gain":0.0,"event_name":"The Woman in Blue","player_choice":"Bought 2 Potions","floor":19.0,"gold_loss":0.0,"damage_taken":0.0},{"damage_healed":0.0,"max_hp_gain":0.0,"max_hp_loss":0.0,"gold_gain":0.0,"event_name":"The Mausoleum","player_choice":"Opened","floor":21.0,"gold_loss":0.0,"damage_taken":0.0,"relics_obtained":["Peace Pipe"],"cards_obtained":["Writhe"]},{"damage_healed":0.0,"max_hp_gain":0.0,"max_hp_loss":0.0,"gold_gain":100.0,"event_name":"Golden Shrine","player_choice":"Pray","floor":31.0,"gold_loss":0.0,"damage_taken":0.0},{"damage_healed":0.0,"max_hp_gain":0.0,"max_hp_loss":0.0,"gold_gain":0.0,"event_name":"Mysterious Sphere","player_choice":"Ignored","floor":44.0,"gold_loss":0.0,"damage_taken":0.0}],"is_beta":false,"boss_relics":[{"not_picked":["Nuclear Battery","Eternal Feather"],"picked":"Inserter"},{"not_picked":["Snecko Eye","Orrery"],"picked":"Cursed Key"}],"items_purged_floors":[2,47],"is_endless":false,"potions_floor_spawned":[5,6,11,13,24,28,37,46,48],"ascension_level":9}