{"gold_per_floor":[112,125,125,150,150,184,184,184,184,184,228,228,78,97,97,217,217,240,263,263,216,232,232,275,275,328,328,349,367,367,367,367,488,488,511,14,37,60,80,80,0,39,39,79,27,383,383,383,383,383],"floor_reached":51,"playtime":8176,"items_purged":["Strike_G"],"score":835,"play_id":"b6be4725-a8cb-4085-be85-42e9009e3a38","local_time":"20190722192506","is_ascension_mode":true,"campfire_choices":[{"floor":8,"key":"REST"},{"floor":12,"key":"REST"},{"floor":15,"key":"REST"},{"data":"Bane","floor":23,"key":"SMITH"},{"data":"Cloak And Dagger","floor":25,"key":"SMITH"},{"data":"Malaise","floor":27,"key":"SMITH"},{"floor":30,"key":"REST"},{"data":"Noxious Fumes","floor":32,"key":"SMITH"},{"data":"Dagger Spray","floor":40,"key":"SMITH"},{"floor":49,"key":"REST"}],"neow_cost":"NONE","seed_source_timestamp":23276759844865,"circlet_count":0,"master_deck":["Strike_G","Strike_G","Strike_G","Strike_G","Defend_G","Defend_G","Defend_G","Defend_G+1","Defend_G","Survivor","Neutralize+1","Escape Plan+1","Noxious Fumes+1","Bane+1","Well Laid Plans+1","PiercingWail","Backflip","Malaise+1","Dagger Spray+1","Deflect","Cloak And Dagger+1","Noxious Fumes+1","Terror+1","Injury","PiercingWail","Leg Sweep","After Image+1","Backstab","Footwork+1","Mayhem+1","Escape Plan","Deflect","Dagger Throw+1","Prepared+1","Finisher+1","Decay","A Thousand Cuts+1","Deflect+1","Doubt"],"relics":["Ring of the Snake","Golden Idol","Frozen Egg 2","War Paint","PreservedInsect","Cursed Key","Orichalcum","Art of War","Blood Vial","Runic Pyramid","Snake Skull","Red Mask","Vajra","Question Card","Potion Belt","Old Coin","Mummified Hand"],"potions_floor_usage":[6,18,24,33,44,48,50,50],"damage_taken":[{"damage":1,"enemies":"Jaw Worm","floor":1,"turns":4},{"damage":2,"enemies":"2 Louse","floor":2,"turns":2},{"damage":1,"enemies":"Cultist","floor":4,"turns":4},{"damage":29,"enemies":"Lagavulin","floor":6,"turns":9},{"damage":28,"enemies":"Gremlin Nob","floor":11,"turns":5},{"damage":0,"enemies":"2 Fungi Beasts","floor":14,"turns":4},{"damage":14,"enemies":"Hexaghost","floor":16,"turns":14},{"damage":6,"enemies":"Chosen","floor":18,"turns":7},{"damage":23,"enemies":"Spheric Guardian","floor":19,"turns":8},{"damage":14,"enemies":"Centurion and Healer","floor":22,"turns":10},{"damage":19,"enemies":"Gremlin Leader","floor":24,"turns":5},{"damage":13,"enemies":"Chosen and Byrds","floor":28,"turns":6},{"damage":5,"enemies":"Snecko","floor":29,"turns":7},{"damage":6,"enemies":"Collector","floor":33,"turns":10},{"damage":1,"enemies":"3 Darklings","floor":35,"turns":6},{"damage":12,"enemies":"3 Shapes","floor":37,"turns":5},{"damage":12,"enemies":"Sphere and 2 Shapes","floor":38,"turns":5},{"damage":2,"enemies":"3 Darklings","floor":39,"turns":6},{"damage":7,"enemies":"Giant Head","floor":42,"turns":8},{"damage":6,"enemies":"Reptomancer","floor":44,"turns":7},{"damage":41,"enemies":"2 Orb Walkers","floor":46,"turns":5},{"damage":0,"enemies":"Writhing Mass","floor":48,"turns":1},{"damage":21,"enemies":"Donu and Deca","floor":50,"turns":9}],"seed_played":"2286307835783632658","potions_obtained":[{"floor":4,"key":"Strength Potion"},{"floor":11,"key":"Energy Potion"},{"floor":14,"key":"SteroidPotion"},{"floor":18,"key":"GhostInAJar"},{"floor":28,"key":"Dexterity Potion"},{"floor":35,"key":"SmokeBomb"},{"floor":44,"key":"FearPotion"},{"floor":46,"key":"GhostInAJar"}],"is_trial":false,"path_per_floor":["M","M","?","M","?","E","?","R","T","?","E","R","$","M","R","B",null,"M","M","?","$","M","R","E","R","T","R","M","M","R","?","R","B",null,"M","$","M","M","M","R","?","E","T","E","$","?","T","M","R","B",null],"character_chosen":"THE_SILENT","items_purchased":["Cloak And Dagger","AttackPotion","Cloak And Dagger","Footwork+1","Snake Skull","Mayhem+1","Escape Plan","Strength Potion"],"campfire_rested":5,"item_purchase_floors":[13,13,21,36,36,36,36,45],"current_hp_per_floor":[76,74,55,54,59,30,30,54,54,36,8,32,32,32,56,42,82,76,53,82,82,68,68,49,49,49,49,36,31,55,55,55,51,82,81,81,70,60,60,60,60,55,55,51,51,12,12,14,38,19],"gold":383,"neow_bonus":"TEN_PERCENT_HP_BONUS","is_prod":false,"is_daily":false,"chose_seed":false,"campfire_upgraded":5,"win_rate":0,"timestamp":1563816306,"path_taken":["M","M","?","M","?","E","?","R","T","?","E","R","?","M","R","BOSS","M","?","?","$","M","R","E","R","T","R","M","?","R","?","R","BOSS","M","$","M","?","?","R","?","E","T","E","$","?","?","M","R","BOSS"],"build_version":"2019-07-17","purchased_purges":1,"victory":true,"max_hp_per_floor":[77,77,77,77,82,82,82,82,82,82,82,82,82,82,82,82,82,82,82,82,82,82,82,82,82,82,82,82,82,82,82,82,82,82,82,82,82,82,82,82,82,82,82,82,82,82,82,82,82,82],"card_choices":[{"not_picked":["Blade Dance","Terror"],"picked":"Escape Plan","floor":1},{"not_picked":["Flying Knee","Dash"],"picked":"Noxious Fumes","floor":2},{"not_picked":["PiercingWail","Underhanded Strike"],"picked":"Bane","floor":4},{"not_picked":["Bane","Calculated Gamble"],"picked":"Well Laid Plans","floor":6},{"not_picked":["Masterful Stab","Doppelganger"],"picked":"PiercingWail","floor":11},{"not_picked":["Poisoned Stab","Expertise"],"picked":"Backflip","floor":14},{"not_picked":["Grand Finale","Phantasmal Killer"],"picked":"Malaise","floor":16},{"not_picked":["Flying Knee","Prepared"],"picked":"Dagger Spray","floor":18},{"not_picked":["Outmaneuver+1","Dagger Throw"],"picked":"Deflect","floor":19},{"not_picked":["Choke","Cloak And Dagger"],"picked":"Noxious Fumes+1","floor":22},{"not_picked":["Dodge and Roll","Sucker Punch"],"picked":"Terror+1","floor":24},{"not_picked":["Deflect","Flying Knee"],"picked":"PiercingWail","floor":28},{"not_picked":["Night Terror","Slice"],"picked":"Leg Sweep","floor":29},{"not_picked":["Doppelganger","Glass Knife"],"picked":"After Image+1","floor":33},{"not_picked":["Dodge and Roll+1","Terror"],"picked":"Backstab","floor":35},{"not_picked":["Cloak And Dagger","Distraction+1"],"picked":"Deflect","floor":37},{"not_picked":["Dagger Spray","Flying Knee"],"picked":"Dagger Throw+1","floor":38},{"not_picked":["Backflip+1","Dagger Spray"],"picked":"Prepared+1","floor":39},{"not_picked":["Flying Knee","Prepared+1"],"picked":"Finisher+1","floor":42},{"not_picked":["Infinite Blades+1","Leg Sweep","PiercingWail"],"picked":"A Thousand Cuts+1","floor":44},{"not_picked":["Poisoned Stab+1","Underhanded Strike","Sucker Punch"],"picked":"Deflect+1","floor":46}],"player_experience":559337,"relics_obtained":[{"floor":6,"key":"Frozen Egg 2"},{"floor":11,"key":"PreservedInsect"},{"floor":24,"key":"Orichalcum"},{"floor":26,"key":"Art of War"},{"floor":42,"key":"Vajra"},{"floor":43,"key":"Question Card"},{"floor":44,"key":"Potion Belt"},{"floor":46,"key":"Old Coin"},{"floor":47,"key":"Mummified Hand"}],"event_choices":[{"damage_healed":0,"gold_gain":0,"player_choice":"Take Damage","damage_taken":19,"relics_obtained":["Golden Idol"],"max_hp_gain":0,"max_hp_loss":0,"event_name":"Golden Idol","floor":3,"gold_loss":0},{"damage_healed":0,"gold_gain":0,"player_choice":"Donut","damage_taken":0,"max_hp_gain":5,"max_hp_loss":0,"event_name":"Big Fish","floor":5,"gold_loss":0},{"damage_healed":0,"gold_gain":0,"player_choice":"Grow","damage_taken":0,"max_hp_gain":0,"max_hp_loss":0,"event_name":"Living Wall","floor":7,"gold_loss":0,"cards_upgraded":["Neutralize"]},{"damage_healed":0,"gold_gain":0,"player_choice":"Success","damage_taken":18,"relics_obtained":["War Paint"],"max_hp_gain":0,"max_hp_loss":0,"event_name":"Scrap Ooze","floor":10,"gold_loss":0},{"damage_healed":29,"gold_gain":0,"player_choice":"Full Heal","damage_taken":0,"max_hp_gain":0,"max_hp_loss":0,"event_name":"Wheel of Change","floor":20,"gold_loss":0},{"cards_removed":["Cloak And Dagger"],"damage_healed":0,"gold_gain":0,"player_choice":"Gave Card","damage_taken":0,"relics_obtained":["Blood Vial"],"max_hp_gain":0,"max_hp_loss":0,"event_name":"WeMeetAgain","floor":31,"gold_loss":0},{"damage_healed":0,"gold_gain":0,"player_choice":"Paid","damage_taken":0,"relics_obtained":["Red Mask"],"max_hp_gain":0,"max_hp_loss":0,"event_name":"Tomb of Lord Red Mask","floor":41,"gold_loss":80},{"damage_healed":0,"gold_gain":0,"player_choice":"Fight","damage_taken":0,"max_hp_gain":0,"max_hp_loss":0,"event_name":"Mysterious Sphere","floor":46,"gold_loss":0}],"is_beta":false,"boss_relics":[{"not_picked":["Pandora\u0027s Box","Astrolabe"],"picked":"Cursed Key"},{"not_picked":["Velvet Choker","Fusion Hammer"],"picked":"Runic Pyramid"}],"items_purged_floors":[13],"is_endless":false,"potions_floor_spawned":[4,11,14,18,28,35,37,44,46,48],"ascension_level":3}