{"gold_per_floor":[110,0,10,30,46,46,79,79,103,114,14,14,14,27,27,129,129,148,109,124,140,158,158],"floor_reached":23,"playtime":1532,"items_purged":["Strike_B","Strike_B"],"score":224,"play_id":"4c48bcad-99f3-4836-969d-df1e34bc71ff","local_time":"20180820193656","is_ascension_mode":true,"campfire_choices":[{"data":"Zap","floor":6,"key":"SMITH"},{"data":"Recycle","floor":8,"key":"SMITH"},{"floor":15,"key":"REST"}],"neow_cost":"","seed_source_timestamp":403398978297962,"circlet_count":0,"master_deck":["Strike_B","Strike_B","Defend_B","Defend_B","Defend_B","Defend_B","Zap+1","Dualcast","Coolheaded","Self Repair","Auto Shields","Ball Lightning","Recycle+1","Genetic Algorithm","Leap","Electrodynamics","Coolheaded","Heatsinks","Defragment","Reinforced Body","Steam"],"relics":["Cracked Core","Bag of Marbles","Vajra","Happy Flower","Mummified Hand","Black Star"],"potions_floor_usage":[16,21,23],"damage_taken":[{"damage":7,"enemies":"2 Louse","floor":1,"turns":3},{"damage":0,"enemies":"Cultist","floor":3,"turns":5},{"damage":5,"enemies":"Jaw Worm","floor":4,"turns":7},{"damage":26,"enemies":"3 Louse","floor":5,"turns":5},{"damage":19,"enemies":"3 Sentries","floor":7,"turns":10},{"damage":24,"enemies":"Exordium Thugs","floor":10,"turns":6},{"damage":0,"enemies":"Large Slime","floor":14,"turns":5},{"damage":22,"enemies":"The Guardian","floor":16,"turns":11},{"damage":40,"enemies":"Chosen","floor":18,"turns":7},{"damage":12,"enemies":"Shell Parasite","floor":20,"turns":13},{"damage":12,"enemies":"Snake Plant","floor":21,"turns":4},{"damage":5,"enemies":"3 Cultists","floor":22,"turns":3},{"damage":34,"enemies":"Book of Stabbing","floor":23,"turns":8}],"seed_played":"1443762893649246200","potions_obtained":[{"floor":5,"key":"Weak Potion"},{"floor":10,"key":"Dexterity Potion"},{"floor":14,"key":"AttackPotion"},{"floor":16,"key":"Weak Potion"},{"floor":18,"key":"SkillPotion"}],"is_trial":false,"path_per_floor":["M","$","M","M","M","R","E","R","T","M","$","?","?","M","R","B",null,"M","$","M","M","M"],"character_chosen":"DEFECT","items_purchased":["Self Repair","Heatsinks"],"campfire_rested":1,"item_purchase_floors":[2,19],"current_hp_per_floor":[68,68,75,75,56,56,44,44,44,27,27,27,27,34,56,41,75,42,42,37,32,34,0],"gold":158,"neow_bonus":"","is_prod":false,"is_daily":false,"chose_seed":false,"campfire_upgraded":2,"win_rate":0,"timestamp":1534808216,"path_taken":["M","$","M","M","M","R","E","R","T","M","$","?","?","M","R","BOSS","M","$","M","M","M","E"],"build_version":"2018-08-16","purchased_purges":2,"victory":false,"max_hp_per_floor":[75,75,75,75,75,75,75,75,75,75,75,75,75,75,75,75,75,75,75,75,75,75,75],"card_choices":[{"not_picked":["Leap","Compile Driver"],"picked":"Coolheaded","floor":1},{"not_picked":["Steam","Fusion"],"picked":"Auto Shields","floor":3},{"not_picked":["Sweeping Beam","Coolheaded","Stack"],"picked":"SKIP","floor":4},{"not_picked":["Stack","Turbo"],"picked":"Ball Lightning","floor":5},{"not_picked":["Sweeping Beam","Stack"],"picked":"Recycle","floor":7},{"not_picked":["Coolheaded","Gash"],"picked":"Genetic Algorithm","floor":10},{"not_picked":["Chaos","Steam Power"],"picked":"Leap","floor":14},{"not_picked":["Reboot","Biased Cognition"],"picked":"Electrodynamics","floor":16},{"not_picked":["Lockon","Gash"],"picked":"Coolheaded","floor":18},{"not_picked":["Sunder","Cold Snap"],"picked":"Defragment","floor":20},{"not_picked":["Streamline+1","Stack"],"picked":"Reinforced Body","floor":21},{"not_picked":["Hyperbeam","Undo"],"picked":"Steam","floor":22}],"player_experience":89428,"relics_obtained":[{"floor":7,"key":"Bag of Marbles"},{"floor":9,"key":"Vajra"}],"event_choices":[{"event_name":"WeMeetAgain","player_choice":"Potion","floor":12,"damage_taken":0},{"event_name":"Accursed Blacksmith","player_choice":"Rummage","floor":13,"damage_taken":0}],"is_beta":false,"boss_relics":[{"not_picked":["Cursed Key","Orrery"],"picked":"Black Star"}],"items_purged_floors":[2,11],"is_endless":false,"potions_floor_spawned":[5,10,14,16,18,20],"killed_by":"Book of Stabbing","ascension_level":3}