{"gold_per_floor":[211,114,134,134,150,178,78,78,158,171,171,188,188,200,200,299,299,313,313,325,177,102,102,134,150,220,234,234,245,245,260,260,362,362,382,159,175,193,210,210,245,265,342,357,357,372,397,409,421,433,445,457,48,80,80],"floor_reached":55,"playtime":4662,"items_purged":["Strike_G","Strike_G","Strike_G","Defend_G","Defend_G"],"score":803,"play_id":"4dd1a76c-a6b2-4819-ac18-d508dbdcda10","local_time":"20190716164507","is_ascension_mode":false,"campfire_choices":[{"data":"Neutralize","floor":8.0,"key":"SMITH"},{"data":"Cloak And Dagger","floor":11.0,"key":"SMITH"},{"data":"Infinite Blades","floor":13.0,"key":"SMITH"},{"data":"Acrobatics","floor":15.0,"key":"SMITH"},{"floor":23.0,"key":"RECALL"},{"floor":30.0,"key":"REST"},{"floor":32.0,"key":"REST"},{"data":"After Image","floor":40.0,"key":"SMITH"},{"data":"A Thousand Cuts","floor":45,"key":"SMITH"},{"floor":49,"key":"REST"},{"data":"Survivor","floor":52,"key":"SMITH"}],"neow_cost":"NONE","seed_source_timestamp":190336366648666,"circlet_count":0,"master_deck":["Defend_G","Defend_G","Defend_G","Survivor+1","Neutralize+1","Acrobatics+1","Backflip+1","Infinite Blades+1","Cloak And Dagger+1","Tactician+1","Blade Dance+1","Deflect+1","Burst+1","Blur+1","Cloak And Dagger+1","Outmaneuver+1","Distraction+1","Escape Plan+1","Corpse Explosion+1","Blade Dance+1","After Image+1","A Thousand Cuts+1","Escape Plan+1","Finisher+1"],"special_seed":0,"relics":["Ring of the Serpent","Anchor","Toxic Egg 2","Molten Egg 2","Oddly Smooth Stone","Black Star","Dream Catcher","Bag of Marbles","Shuriken","MawBank","Omamori","Sundial","Strawberry","Bird Faced Urn"],"potions_floor_usage":[41,41,42,50],"damage_taken":[{"damage":0.0,"enemies":"Small Slimes","floor":1.0,"turns":3.0},{"damage":2.0,"enemies":"Cultist","floor":3.0,"turns":5.0},{"damage":0.0,"enemies":"Jaw Worm","floor":5.0,"turns":5.0},{"damage":7.0,"enemies":"Gremlin Nob","floor":6.0,"turns":4.0},{"damage":7.0,"enemies":"Gremlin Gang","floor":10.0,"turns":7.0},{"damage":0.0,"enemies":"Large Slime","floor":12.0,"turns":8.0},{"damage":0.0,"enemies":"3 Louse","floor":14.0,"turns":4.0},{"damage":32.0,"enemies":"The Guardian","floor":16.0,"turns":17.0},{"damage":11.0,"enemies":"Spheric Guardian","floor":18.0,"turns":5.0},{"damage":0.0,"enemies":"Shell Parasite","floor":20.0,"turns":7.0},{"damage":14.0,"enemies":"Slavers","floor":24.0,"turns":7.0},{"damage":2.0,"enemies":"Sentry and Sphere","floor":25.0,"turns":6.0},{"damage":7.0,"enemies":"Snake Plant","floor":27.0,"turns":10.0},{"damage":0.0,"enemies":"Centurion and Healer","floor":29.0,"turns":10.0},{"damage":0.0,"enemies":"Chosen and Byrds","floor":31.0,"turns":6.0},{"damage":33.0,"enemies":"Champ","floor":33.0,"turns":20.0},{"damage":0.0,"enemies":"3 Darklings","floor":35.0,"turns":3.0},{"damage":0.0,"enemies":"3 Shapes","floor":37.0,"turns":6.0},{"damage":0.0,"enemies":"Spire Growth","floor":38.0,"turns":9.0},{"damage":0.0,"enemies":"Sphere and 2 Shapes","floor":39.0,"turns":8.0},{"damage":17,"enemies":"Reptomancer","floor":41,"turns":11},{"damage":7,"enemies":"Jaw Worm Horde","floor":42,"turns":4},{"damage":0,"enemies":"Maw","floor":44,"turns":6},{"damage":0,"enemies":"Sphere and 2 Shapes","floor":46,"turns":4},{"damage":0,"enemies":"Nemesis","floor":47,"turns":9},{"damage":12,"enemies":"Donu and Deca","floor":50,"turns":6},{"damage":17,"enemies":"Shield and Spear","floor":54,"turns":5},{"damage":74,"enemies":"The Heart","floor":55,"turns":6}],"seed_played":"-6447903043839323782","potions_obtained":[{"floor":3.0,"key":"Strength Potion"},{"floor":5.0,"key":"Dexterity Potion"},{"floor":16.0,"key":"SkillPotion"},{"floor":20.0,"key":"Explosive Potion"},{"floor":24.0,"key":"PowerPotion"},{"floor":29.0,"key":"EssenceOfSteel"},{"floor":33.0,"key":"SkillPotion"},{"floor":37.0,"key":"SmokeBomb"},{"floor":41,"key":"Block Potion"},{"floor":46,"key":"EssenceOfSteel"}],"is_trial":false,"path_per_floor":["M","$","M","?","M","E","$","R","T","M","R","M","R","M","R","B",null,"M","?","M","$","?","R","E","M","T","M","?","M","R","M","R","B",null,"M","$","M","M","M","R","E","M","T","M","R","M","E","?","R","B",null,"R","$","E","B"],"character_chosen":"THE_SILENT","items_purchased":["Backflip","Cloak And Dagger+1","After Image","Sundial"],"campfire_rested":3,"item_purchase_floors":[2,21,36,53],"current_hp_per_floor":[70,70,68,68,68,61,61,61,61,54,54,54,54,54,54,22,70,59,59,59,59,59,59,45,43,43,36,36,36,57,57,70,37,70,70,70,70,70,70,70,53,46,46,46,46,46,46,46,67,55,70,70,70,60,0],"gold":80,"neow_bonus":"HUNDRED_GOLD","is_prod":false,"is_daily":false,"chose_seed":false,"campfire_upgraded":7,"win_rate":0,"timestamp":1563309907,"path_taken":["M","$","M","?","M","E","?","R","T","M","R","M","R","?","R","BOSS","M","?","?","$","?","R","E","M","T","M","?","M","R","M","R","BOSS","M","$","?","M","M","R","E","M","T","M","R","M","E","?","R","BOSS","R","$","E","BOSS"],"build_version":"2019-07-05","purchased_purges":5,"victory":false,"max_hp_per_floor":[70,70,70,70,70,70,70,70,70,70,70,70,70,70,70,70,70,70,70,70,70,70,70,70,70,70,70,70,70,70,70,70,70,70,70,70,70,70,70,70,70,70,70,70,70,70,70,70,70,70,70,70,70,77,77],"card_choices":[{"not_picked":["Tactician","Dodge and Roll"],"picked":"Acrobatics","floor":1.0},{"not_picked":["Riddle With Holes","Bane"],"picked":"Infinite Blades","floor":3.0},{"not_picked":["PiercingWail","Noxious Fumes"],"picked":"Cloak And Dagger","floor":5.0},{"not_picked":["Venomology","Sucker Punch","Riddle With Holes"],"picked":"SKIP","floor":6.0},{"not_picked":["Prepared+1","Dagger Throw"],"picked":"Tactician+1","floor":10.0},{"not_picked":["Underhanded Strike","Deflect+1"],"picked":"Blade Dance+1","floor":12.0},{"not_picked":["Heel Hook","Poisoned Stab"],"picked":"Deflect+1","floor":14.0},{"not_picked":["Envenom","Tools of the Trade"],"picked":"Burst+1","floor":16.0},{"not_picked":["Expertise+1","Dagger Throw"],"picked":"Blur+1","floor":18.0},{"not_picked":["Crippling Poison+1","Riddle With Holes","Reflex+1"],"picked":"SKIP","floor":20.0},{"not_picked":["Deflect+1","All Out Attack"],"picked":"Outmaneuver+1","floor":24.0},{"not_picked":["Dagger Throw+1","Dash+1","Reflex+1"],"picked":"SKIP","floor":25.0},{"not_picked":["Backflip+1","Dagger Throw+1","Acrobatics+1"],"picked":"SKIP","floor":27.0},{"not_picked":["Deflect+1","Unload+1"],"picked":"Distraction+1","floor":29.0},{"not_picked":["Underhanded Strike+1","Dagger Spray+1"],"picked":"Escape Plan+1","floor":31.0},{"not_picked":["Malaise+1","Wraith Form v2"],"picked":"Corpse Explosion+1","floor":33.0},{"not_picked":["Cloak And Dagger+1","Dagger Spray+1"],"picked":"Blade Dance+1","floor":35.0},{"not_picked":["Deadly Poison+1","Flying Knee+1","Acrobatics+1"],"picked":"SKIP","floor":37.0},{"not_picked":["Acrobatics+1","Concentrate+1","Prepared+1"],"picked":"SKIP","floor":38.0},{"not_picked":["Setup+1","PiercingWail+1","Eviscerate+1"],"picked":"SKIP","floor":39.0},{"not_picked":["Cloak And Dagger+1","Endless Agony+1"],"picked":"A Thousand Cuts","floor":41},{"not_picked":["Underhanded Strike+1","Cloak And Dagger+1"],"picked":"Escape Plan+1","floor":42},{"not_picked":["Leg Sweep+1","Outmaneuver+1","Concentrate+1"],"picked":"SKIP","floor":44},{"not_picked":["Leg Sweep+1","PiercingWail+1"],"picked":"Finisher+1","floor":46},{"not_picked":["Dodge and Roll+1","Masterful Stab+1","Backflip+1"],"picked":"SKIP","floor":47},{"not_picked":["After Image","Cloak And Dagger+1","Dash+1"],"picked":"SKIP","floor":54}],"player_experience":132564,"relics_obtained":[{"floor":6.0,"key":"Anchor"},{"floor":9.0,"key":"Toxic Egg 2"},{"floor":24.0,"key":"Molten Egg 2"},{"floor":28.0,"key":"Oddly Smooth Stone"},{"floor":41,"key":"Dream Catcher"},{"floor":41,"key":"Bag of Marbles"},{"floor":43,"key":"Shuriken"},{"floor":47,"key":"MawBank"},{"floor":47,"key":"Omamori"},{"floor":54,"key":"Strawberry"},{"floor":54,"key":"Bird Faced Urn"}],"event_choices":[{"damage_healed":0.0,"max_hp_gain":0.0,"max_hp_loss":0.0,"gold_gain":0.0,"event_name":"Accursed Blacksmith","player_choice":"Forge","floor":4.0,"gold_loss":0.0,"damage_taken":0.0,"cards_upgraded":["Backflip"]},{"cards_removed":["Strike_G"],"damage_healed":0.0,"max_hp_gain":0.0,"max_hp_loss":0.0,"gold_gain":0.0,"event_name":"Bonfire Elementals","player_choice":"Offered Basic","floor":19.0,"gold_loss":0.0,"damage_taken":0.0},{"cards_removed":["Strike_G"],"damage_healed":0.0,"max_hp_gain":0.0,"max_hp_loss":0.0,"gold_gain":0.0,"event_name":"Beggar","player_choice":"Gave Gold","floor":22.0,"gold_loss":75.0,"damage_taken":0.0},{"damage_healed":0.0,"max_hp_gain":0.0,"max_hp_loss":0.0,"gold_gain":0.0,"event_name":"Wheel of Change","player_choice":"Relic","floor":28.0,"gold_loss":0.0,"damage_taken":0.0},{"damage_healed":0,"gold_gain":0,"player_choice":"Ignored","damage_taken":0,"max_hp_gain":0,"max_hp_loss":0,"event_name":"Mysterious Sphere","floor":48,"gold_loss":0}],"is_beta":false,"boss_relics":[{"not_picked":["Tiny House","Calling Bell"],"picked":"Ring of the Serpent"},{"not_picked":["Fusion Hammer","Runic Dome"],"picked":"Black Star"}],"items_purged_floors":[2,7,21,36,53],"is_endless":false,"potions_floor_spawned":[3,5,16,20,24,29,33,37,41,46],"killed_by":"The Heart","ascension_level":0}