{"gold_per_floor":[117,134,84,4,24,24,49,49,49,3,3,31,51,66,66,66],"floor_reached":16,"playtime":360,"items_purged":[],"score":110,"play_id":"e05591f3-a0c9-4f75-a9d9-9c7a32c3a066","local_time":"20181005002657","is_ascension_mode":false,"campfire_choices":[{"data":"Perfected Strike","floor":6,"key":"SMITH"},{"data":"Pummel","floor":8,"key":"SMITH"},{"data":"Whirlwind","floor":15,"key":"SMITH"}],"neow_cost":"","seed_source_timestamp":1898122861727962,"circlet_count":0,"master_deck":["Strike_R","Strike_R","Strike_R","Strike_R","Strike_R","Defend_R","Defend_R","Bash","Ghostly Armor","Perfected Strike+1","Pummel+1","Headbutt","Shrug It Off","Whirlwind+1","Battle Trance"],"relics":["Burning Blood","PreservedInsect","Matryoshka"],"potions_floor_usage":[16,16],"damage_taken":[{"damage":0,"enemies":"Small Slimes","floor":1,"turns":3},{"damage":13,"enemies":"Jaw Worm","floor":2,"turns":4},{"damage":0,"enemies":"Cultist","floor":5,"turns":2},{"damage":36,"enemies":"Lagavulin","floor":7,"turns":5},{"damage":14,"enemies":"Gremlin Nob","floor":12,"turns":3},{"damage":10,"enemies":"Exordium Thugs","floor":13,"turns":5},{"damage":7,"enemies":"Blue Slaver","floor":14,"turns":2},{"damage":39,"enemies":"The Guardian","floor":16,"turns":12}],"seed_played":"7113806541734625084","potions_obtained":[{"floor":12,"key":"AttackPotion"},{"floor":13,"key":"SpeedPotion"},{"floor":14,"key":"GamblersBrew"}],"is_trial":false,"path_per_floor":["M","M","?","$","M","R","E","R","T","$","?","E","M","M","R"],"character_chosen":"IRONCLAD","items_purchased":["Pummel","Shrug It Off"],"campfire_rested":0,"item_purchase_floors":[4,10],"current_hp_per_floor":[80,73,73,73,79,79,49,49,49,49,49,41,37,36,36,0],"gold":66,"neow_bonus":"","is_prod":false,"is_daily":false,"chose_seed":false,"campfire_upgraded":3,"win_rate":0,"timestamp":1538713617,"path_taken":["M","M","?","$","M","R","E","R","T","?","?","E","M","?","R","BOSS"],"build_version":"2018-10-04","purchased_purges":0,"victory":false,"max_hp_per_floor":[80,80,80,80,80,80,80,80,80,80,80,80,80,80,80,80],"card_choices":[{"not_picked":["Anger","Infernal Blade"],"picked":"Ghostly Armor","floor":1},{"not_picked":["True Grit","Sword Boomerang"],"picked":"Perfected Strike","floor":2},{"not_picked":["Power Through","Wild Strike","Bludgeon"],"picked":"SKIP","floor":5},{"not_picked":["Dual Wield","Sword Boomerang"],"picked":"Headbutt","floor":7},{"not_picked":["Wild Strike","Twin Strike","Cleave"],"picked":"SKIP","floor":12},{"not_picked":["Sword Boomerang","Heavy Blade"],"picked":"Whirlwind","floor":13},{"not_picked":["Burning Pact","Wild Strike"],"picked":"Battle Trance","floor":14}],"player_experience":566939,"relics_obtained":[{"floor":9,"key":"PreservedInsect"},{"floor":12,"key":"Matryoshka"}],"event_choices":[{"event_name":"The Cleric","player_choice":"Card Removal","floor":3,"damage_taken":0},{"event_name":"Living Wall","player_choice":"Forget","floor":11,"damage_taken":0}],"is_beta":false,"boss_relics":[],"items_purged_floors":[],"is_endless":false,"potions_floor_spawned":[12,13,14],"killed_by":"The Guardian","ascension_level":0}