{"gold_per_floor":[17,30,75,88,9,39,39,49,74,130,130,146,146,158,158,257,257,269,269,269,184,31,64,77,77,77,105,105,30,49,49,49,49],"floor_reached":33,"playtime":2651,"items_purged":["Blind"],"score":311,"play_id":"9a9af65c-c522-438c-bc48-2b15ee16a771","local_time":"20190721164253","is_ascension_mode":true,"campfire_choices":[{"floor":7,"key":"REST"},{"floor":15,"key":"REST"},{"floor":25,"key":"REST"},{"floor":32,"key":"REST"}],"neow_cost":"NO_GOLD","seed_source_timestamp":73709493186700,"circlet_count":0,"master_deck":["Strike_G+1","Strike_G+1","Strike_G+1","Strike_G+1","Defend_G+1","Defend_G+1","Defend_G+1","Defend_G+1","Defend_G+1","Survivor+1","Neutralize","Transmutation","Crippling Poison","Noxious Fumes+1","Sucker Punch","Deadly Poison","Endless Agony","Die Die Die","Footwork","After Image","Noxious Fumes+1","PiercingWail","Die Die Die","Poisoned Stab"],"relics":["Ring of the Snake","Omamori","Mummified Hand","Juzu Bracelet","Mercury Hourglass","Fusion Hammer","Bag of Preparation","War Paint","Pen Nib","Blue Candle","Lantern","Nilry\u0027s Codex"],"potions_floor_usage":[6,16,30],"damage_taken":[{"damage":2,"enemies":"Cultist","floor":1,"turns":5},{"damage":0,"enemies":"Small Slimes","floor":2,"turns":5},{"damage":4,"enemies":"Jaw Worm","floor":4,"turns":3},{"damage":22,"enemies":"Gremlin Nob","floor":6,"turns":5},{"damage":20,"enemies":"Large Slime","floor":8,"turns":6},{"damage":27,"enemies":"Gremlin Nob","floor":10,"turns":5},{"damage":8,"enemies":"Exordium Wildlife","floor":12,"turns":2},{"damage":6,"enemies":"Blue Slaver","floor":14,"turns":3},{"damage":11,"enemies":"Hexaghost","floor":16,"turns":10},{"damage":2,"enemies":"3 Byrds","floor":18,"turns":3},{"damage":14,"enemies":"Slavers","floor":23,"turns":4},{"damage":0,"enemies":"Chosen","floor":24,"turns":4},{"damage":9,"enemies":"Book of Stabbing","floor":27,"turns":6},{"damage":18,"enemies":"Snake Plant","floor":30,"turns":4},{"damage":54,"enemies":"Collector","floor":33,"turns":6}],"seed_played":"-6729207721250413324","potions_obtained":[{"floor":2,"key":"PowerPotion"},{"floor":12,"key":"PowerPotion"},{"floor":27,"key":"AttackPotion"}],"is_trial":false,"path_per_floor":["M","M","T","M","$","E","R","M","T","?","?","M","?","M","R","B",null,"M","?","?","?","$","E","M","R","T","E","?","$","M","?","R","B"],"character_chosen":"THE_SILENT","items_purchased":["Noxious Fumes","Sucker Punch","War Paint"],"campfire_rested":4,"item_purchase_floors":[5,5,22],"current_hp_per_floor":[68,68,68,64,64,42,63,43,43,16,16,8,8,2,23,12,70,68,68,68,68,68,54,54,70,70,61,61,61,43,27,48,0],"gold":49,"neow_bonus":"RANDOM_COLORLESS_2","is_prod":false,"is_daily":false,"chose_seed":false,"campfire_upgraded":0,"win_rate":0,"timestamp":1563741773,"path_taken":["M","M","?","M","$","E","R","M","T","?","?","M","?","M","R","BOSS","M","?","?","?","$","E","M","R","T","E","?","?","M","?","R","BOSS"],"build_version":"2019-07-17","purchased_purges":1,"victory":false,"max_hp_per_floor":[70,70,70,70,70,70,70,70,70,70,70,70,70,70,70,70,70,70,70,70,70,70,70,70,70,70,70,70,70,70,70,70,70],"card_choices":[{"not_picked":["Prepared","Sucker Punch"],"picked":"Crippling Poison","floor":1},{"not_picked":["Underhanded Strike","Acrobatics","Dagger Spray"],"picked":"SKIP","floor":2},{"not_picked":["Riddle With Holes","Expertise","Blade Dance"],"picked":"SKIP","floor":4},{"not_picked":["Acrobatics","Glass Knife"],"picked":"Deadly Poison","floor":6},{"not_picked":["Calculated Gamble","Outmaneuver","Tactician"],"picked":"SKIP","floor":8},{"not_picked":["Flying Knee","Prepared"],"picked":"Endless Agony","floor":10},{"not_picked":["Prepared","Dodge and Roll"],"picked":"Footwork","floor":12},{"not_picked":["Cloak And Dagger","Outmaneuver","Deflect"],"picked":"SKIP","floor":14},{"not_picked":["Die Die Die","Phantasmal Killer"],"picked":"After Image","floor":16},{"not_picked":["Dagger Spray+1","Flechettes","Infinite Blades"],"picked":"SKIP","floor":18},{"not_picked":["Backflip","Endless Agony","Prepared"],"picked":"SKIP","floor":23},{"not_picked":["Quick Slash+1","Outmaneuver+1","Underhanded Strike+1"],"picked":"SKIP","floor":24},{"not_picked":["Acrobatics+1","Underhanded Strike"],"picked":"Die Die Die","floor":27},{"not_picked":["Backflip","Deflect"],"picked":"Poisoned Stab","floor":30}],"player_experience":279959,"relics_obtained":[{"floor":3,"key":"Omamori"},{"floor":6,"key":"Mummified Hand"},{"floor":9,"key":"Juzu Bracelet"},{"floor":10,"key":"Mercury Hourglass"},{"floor":23,"key":"Pen Nib"},{"floor":26,"key":"Blue Candle"},{"floor":27,"key":"Lantern"},{"floor":31,"key":"Nilry\u0027s Codex"}],"event_choices":[{"damage_healed":0,"gold_gain":30,"player_choice":"Searched \u00272\u0027 times","damage_taken":0,"max_hp_gain":0,"max_hp_loss":0,"event_name":"Dead Adventurer","floor":10,"gold_loss":0},{"damage_healed":0,"gold_gain":0,"cards_transformed":["Strike_G"],"player_choice":"Transformed","damage_taken":0,"max_hp_gain":0,"max_hp_loss":0,"event_name":"Transmorgrifier","floor":11,"gold_loss":0,"cards_obtained":["Die Die Die"]},{"damage_healed":0,"gold_gain":0,"player_choice":"Upgraded","damage_taken":0,"max_hp_gain":0,"max_hp_loss":0,"event_name":"Upgrade Shrine","floor":13,"gold_loss":0,"cards_upgraded":["Noxious Fumes"]},{"damage_healed":0,"gold_gain":0,"player_choice":"Copied","damage_taken":0,"max_hp_gain":0,"max_hp_loss":0,"event_name":"Duplicator","floor":19,"gold_loss":0,"cards_obtained":["Noxious Fumes"]},{"damage_healed":0,"gold_gain":0,"player_choice":"Read","damage_taken":0,"max_hp_gain":0,"max_hp_loss":0,"event_name":"The Library","floor":20,"gold_loss":0,"cards_obtained":["PiercingWail"]},{"damage_healed":0,"gold_gain":0,"player_choice":"Obtained Relic","damage_taken":0,"relics_obtained":["Bag of Preparation"],"max_hp_gain":0,"max_hp_loss":0,"event_name":"Addict","floor":21,"gold_loss":85},{"damage_healed":0,"gold_gain":0,"player_choice":"Simplicity","damage_taken":0,"max_hp_gain":0,"max_hp_loss":0,"event_name":"Back to Basics","floor":28,"gold_loss":0,"cards_upgraded":["Strike_G","Strike_G","Strike_G","Strike_G","Defend_G","Defend_G","Defend_G","Defend_G"]},{"damage_healed":0,"gold_gain":0,"player_choice":"Obtained Book","damage_taken":16,"max_hp_gain":0,"max_hp_loss":0,"event_name":"Cursed Tome","floor":31,"gold_loss":0}],"is_beta":false,"boss_relics":[{"not_picked":["Pandora\u0027s Box","Snecko Eye"],"picked":"Fusion Hammer"}],"items_purged_floors":[29],"is_endless":false,"potions_floor_spawned":[2,12,27],"killed_by":"Collector","ascension_level":2}