{"gold_per_floor":[114,39,54,67,67,67,97,97,97,115,115,125,125,143,143,242,242,252,270,270,185,204,204,238,238,238,249,249,46,60,73,73,175,175,189,189,199,99,146,146,162,162,162,162,175,175,21,21,21,21],"floor_reached":50,"playtime":2419,"items_purged":["Strike_R","Strike_R"],"score":462,"play_id":"caa90dd7-777a-40ca-9f4b-8c5e343952c1","local_time":"20190715212615","is_ascension_mode":false,"campfire_choices":[{"data":"Infernal Blade","floor":6,"key":"SMITH"},{"data":"Whirlwind","floor":11,"key":"SMITH"},{"data":"Clothesline","floor":13,"key":"SMITH"},{"data":"True Grit","floor":15,"key":"SMITH"},{"data":"Shrug It Off","floor":23,"key":"SMITH"},{"data":"Immolate","floor":25,"key":"SMITH"},{"data":"Infernal Blade","floor":28,"key":"SMITH"},{"floor":32,"key":"REST"},{"floor":40,"key":"REST"},{"data":"Limit Break","floor":44,"key":"SMITH"},{"data":"Heavy Blade","floor":49,"key":"SMITH"}],"neow_cost":"NONE","seed_source_timestamp":48933564720381,"circlet_count":0,"master_deck":["Strike_R","Defend_R","Defend_R","Defend_R","Defend_R","Bash+1","Infernal Blade+1","Clothesline+1","Whirlwind+1","Battle Trance","Immolate+1","True Grit+1","Feed","Pommel Strike+1","RitualDagger","Shrug It Off+1","Armaments+1","Infernal Blade+1","Flame Barrier","Reaper","Heavy Blade+1","Shrug It Off","Rage","Intimidate+1","Limit Break+1","Sword Boomerang+1","Madness","Madness"],"relics":["Burning Blood","Pen Nib","Ancient Tea Set","Question Card","Mark of Pain","Sundial","Dodecahedron","Gremlin Horn","Brimstone","Orrery","WingedGreaves","Ornamental Fan","Vajra"],"potions_floor_usage":[16,24,33,33,45,50],"damage_taken":[{"damage":7,"enemies":"2 Louse","floor":1,"turns":2},{"damage":0,"enemies":"Small Slimes","floor":3,"turns":3},{"damage":0,"enemies":"Cultist","floor":4,"turns":2},{"damage":31,"enemies":"Lagavulin","floor":7,"turns":5},{"damage":7,"enemies":"Gremlin Gang","floor":10,"turns":2},{"damage":0,"enemies":"Exordium Wildlife","floor":12,"turns":1},{"damage":0,"enemies":"Looter","floor":14,"turns":1},{"damage":2,"enemies":"Slime Boss","floor":16,"turns":4},{"damage":15,"enemies":"2 Thieves","floor":18,"turns":2},{"damage":1,"enemies":"Chosen","floor":19,"turns":3},{"damage":28,"enemies":"Snake Plant","floor":22,"turns":3},{"damage":10,"enemies":"Book of Stabbing","floor":24,"turns":5},{"damage":0,"enemies":"Cultist and Chosen","floor":27,"turns":4},{"damage":10,"enemies":"Snecko","floor":30,"turns":3},{"damage":22,"enemies":"Centurion and Healer","floor":31,"turns":2},{"damage":76,"enemies":"Champ","floor":33,"turns":9},{"damage":32,"enemies":"3 Shapes","floor":35,"turns":2},{"damage":19,"enemies":"3 Darklings","floor":37,"turns":3},{"damage":43,"enemies":"2 Orb Walkers","floor":39,"turns":3},{"damage":0,"enemies":"Transient","floor":41,"turns":5},{"damage":36,"enemies":"Writhing Mass","floor":45,"turns":5},{"damage":109,"enemies":"Time Eater","floor":50,"turns":6}],"seed_played":"-5723011455788849235","potions_obtained":[{"floor":3,"key":"AttackPotion"},{"floor":7,"key":"Ancient Potion"},{"floor":10,"key":"BloodPotion"},{"floor":19,"key":"Dexterity Potion"},{"floor":22,"key":"FairyPotion"},{"floor":30,"key":"FearPotion"},{"floor":33,"key":"Poison Potion"},{"floor":39,"key":"SkillPotion"}],"is_trial":false,"path_per_floor":["M","$","M","M","?","R","E","?","T","M","R","M","R","M","R","B",null,"M","M","?","?","M","R","E","R","T","M","R","$","M","M","R","B",null,"M","?","M","$","?","R","M","?","T","R","M","?","$","$","R","B"],"character_chosen":"IRONCLAD","items_purchased":["Brimstone","Vajra"],"campfire_rested":2,"item_purchase_floors":[29,47],"current_hp_per_floor":[79,79,80,80,77,77,52,52,52,51,51,57,57,63,63,67,80,71,79,73,73,51,51,67,67,67,73,73,73,69,53,77,7,83,57,57,62,62,25,49,69,59,59,59,29,73,73,73,73,0],"gold":21,"neow_bonus":"UPGRADE_CARD","is_prod":false,"is_daily":false,"chose_seed":false,"campfire_upgraded":9,"win_rate":0.0,"timestamp":1563240375,"path_taken":["M","$","M","M","?","R","E","?","T","?","R","M","R","M","R","BOSS","M","?","?","?","M","R","E","R","T","M","R","$","M","M","R","BOSS","M","?","M","$","?","R","M","?","T","R","?","?","$","$","R","BOSS"],"build_version":"2019-07-05","purchased_purges":2,"victory":false,"max_hp_per_floor":[80,80,80,80,80,80,80,80,80,80,80,80,80,80,80,80,80,80,83,83,83,83,83,83,83,83,83,83,83,83,83,83,83,83,83,83,83,83,83,83,83,83,83,83,83,73,73,73,73,73],"card_choices":[{"not_picked":["Perfected Strike","Reckless Charge","Wild Strike"],"picked":"SKIP","floor":1},{"not_picked":["Sword Boomerang","Cleave"],"picked":"Infernal Blade","floor":3},{"not_picked":["Dual Wield","Twin Strike"],"picked":"Clothesline","floor":4},{"not_picked":["Second Wind","Anger"],"picked":"Whirlwind","floor":7},{"not_picked":["Cleave","Headbutt","Flame Barrier"],"picked":"Battle Trance","floor":10},{"not_picked":["Cleave","Clash","Iron Wave"],"picked":"Immolate","floor":12},{"not_picked":["Anger","Burning Pact","Battle Trance"],"picked":"True Grit","floor":14},{"not_picked":["Brutality","Fiend Fire","Bludgeon"],"picked":"Feed","floor":16},{"not_picked":["Clothesline","Fire Breathing","Sword Boomerang","Twin Strike+1"],"picked":"SKIP","floor":18},{"not_picked":["True Grit","Pummel","Hemokinesis"],"picked":"Pommel Strike+1","floor":19},{"not_picked":["Uppercut","Combust","Havoc+1"],"picked":"Shrug It Off","floor":22},{"not_picked":["Combust+1","Clash+1","Cleave"],"picked":"Armaments+1","floor":24},{"not_picked":["Perfected Strike","True Grit+1","Dual Wield"],"picked":"Infernal Blade","floor":27},{"not_picked":["Juggernaut","Infernal Blade+1","Warcry"],"picked":"Flame Barrier","floor":30},{"not_picked":["Pommel Strike","Pummel","Body Slam","Warcry"],"picked":"SKIP","floor":31},{"not_picked":["Feed","Brutality","Juggernaut"],"picked":"Reaper","floor":33},{"not_picked":["Rampage+1","Pommel Strike","Twin Strike"],"picked":"Heavy Blade","floor":34},{"not_picked":["Twin Strike","Clash","Havoc+1"],"picked":"Shrug It Off","floor":34},{"not_picked":["Thunderclap","True Grit+1","Anger"],"picked":"Rage","floor":34},{"not_picked":["Cleave+1","Infernal Blade","Headbutt"],"picked":"Intimidate+1","floor":35},{"not_picked":["Seeing Red","Battle Trance","Intimidate","Carnage"],"picked":"SKIP","floor":37},{"not_picked":["Iron Wave+1","Headbutt+1","Flex"],"picked":"Limit Break","floor":39},{"not_picked":["Shrug It Off+1","Headbutt+1","Immolate"],"picked":"Sword Boomerang+1","floor":41},{"not_picked":["Anger+1","Sentinel","Wild Strike+1","Perfected Strike"],"picked":"SKIP","floor":45}],"player_experience":68582,"relics_obtained":[{"floor":7,"key":"Ancient Tea Set"},{"floor":9,"key":"Question Card"},{"floor":24,"key":"Dodecahedron"},{"floor":26,"key":"Gremlin Horn"},{"floor":39,"key":"WingedGreaves"},{"floor":43,"key":"Ornamental Fan"}],"event_choices":[{"damage_healed":0,"gold_gain":0,"player_choice":"Success","damage_taken":3,"relics_obtained":["Pen Nib"],"max_hp_gain":0,"max_hp_loss":0,"event_name":"Scrap Ooze","floor":5,"gold_loss":0},{"cards_removed":["Strike_R"],"damage_healed":0,"gold_gain":0,"player_choice":"Card Removal","damage_taken":0,"max_hp_gain":0,"max_hp_loss":0,"event_name":"Wheel of Change","floor":8,"gold_loss":0},{"damage_healed":0,"gold_gain":0,"player_choice":"Joined the Cult","damage_taken":6,"max_hp_gain":0,"max_hp_loss":0,"event_name":"Nest","floor":20,"gold_loss":0,"cards_obtained":["RitualDagger"]},{"damage_healed":0,"gold_gain":0,"player_choice":"Obtained Relic","damage_taken":0,"relics_obtained":["Sundial"],"max_hp_gain":0,"max_hp_loss":0,"event_name":"Addict","floor":21,"gold_loss":85},{"cards_removed":["Strike_R"],"damage_healed":0,"gold_gain":0,"player_choice":"Removed Attack","damage_taken":0,"max_hp_gain":0,"max_hp_loss":0,"event_name":"Falling","floor":36,"gold_loss":0},{"damage_healed":0,"gold_gain":0,"player_choice":"Fight","damage_taken":0,"max_hp_gain":0,"max_hp_loss":0,"event_name":"Mysterious Sphere","floor":39,"gold_loss":0},{"damage_healed":0,"gold_gain":0,"player_choice":"Embrace Madness","damage_taken":10,"max_hp_gain":0,"max_hp_loss":0,"event_name":"Winding Halls","floor":42,"gold_loss":0,"cards_obtained":["Madness","Madness"]},{"damage_healed":73,"gold_gain":0,"player_choice":"Heal","damage_taken":0,"max_hp_gain":0,"max_hp_loss":10,"event_name":"The Moai Head","floor":46,"gold_loss":0}],"is_beta":false,"boss_relics":[{"not_picked":["Astrolabe","Cursed Key"],"picked":"Mark of Pain"},{"not_picked":["Black Star","Coffee Dripper"],"picked":"Orrery"}],"items_purged_floors":[2,38],"is_endless":false,"potions_floor_spawned":[3,7,10,19,22,30,33,39],"killed_by":"Time Eater","ascension_level":0}