{"gold_per_floor":[117,133,152,118,68,68,19,19,19,19,30,30,55,73,73,169,169,180,199,289,301,313,341,341,341],"floor_reached":25,"playtime":2352,"items_purged":[],"score":281,"play_id":"b0325b66-e2e1-45ec-9388-c0b2f51b1b39","local_time":"20180817194350","is_ascension_mode":true,"campfire_choices":[{"data":"Strike_B","floor":6,"key":"PURGE"},{"data":"Strike_B","floor":8,"key":"PURGE"},{"floor":12,"key":"REST"},{"data":"Regret","floor":15,"key":"PURGE"},{"floor":24,"key":"REST"}],"neow_cost":"PERCENT_DAMAGE","seed_source_timestamp":143775973284483,"circlet_count":0,"master_deck":["Strike_B+1","Defend_B","Zap","Dualcast","Ball Lightning+1","Conserve Battery","Steam","Glacier","Conserve Battery","Heatsinks","Self Repair","Doom and Gloom","Machine Learning","Conserve Battery+1","Chill+1","Multi-Cast+1","Static Discharge+1","Fusion","Panacea","Leap+1","Glacier","Buffer"],"relics":["Cracked Core","Peace Pipe","Pear","Darkstone Periapt","Whetstone","Astrolabe","Juzu Bracelet"],"potions_floor_usage":[23,23],"damage_taken":[{"damage":9,"enemies":"Cultist","floor":1,"turns":5},{"damage":4,"enemies":"Jaw Worm","floor":2,"turns":3},{"damage":0,"enemies":"Small Slimes","floor":3,"turns":3},{"damage":1,"enemies":"2 Fungi Beasts","floor":11,"turns":5},{"damage":15,"enemies":"3 Sentries","floor":13,"turns":9},{"damage":1,"enemies":"Blue Slaver","floor":14,"turns":4},{"damage":24,"enemies":"The Guardian","floor":16,"turns":11},{"damage":2,"enemies":"Spheric Guardian","floor":18,"turns":6},{"damage":0,"enemies":"Shell Parasite","floor":19,"turns":7},{"damage":17,"enemies":"Snake Plant","floor":21,"turns":3},{"damage":18,"enemies":"Centurion and Healer","floor":22,"turns":11},{"damage":18,"enemies":"Book of Stabbing","floor":23,"turns":6},{"damage":65,"enemies":"3 Cultists","floor":25,"turns":5}],"seed_played":"5939403717847679999","potions_obtained":[{"floor":2,"key":"Fire Potion"},{"floor":11,"key":"Weak Potion"},{"floor":13,"key":"Regen Potion"},{"floor":14,"key":"Fire Potion"},{"floor":19,"key":"Explosive Potion"}],"is_trial":false,"path_per_floor":["M","M","M","$","?","R","$","R","T","?","M","R","E","M","R","B",null,"M","M","?","M","M","E","R"],"character_chosen":"DEFECT","items_purchased":["Glacier","Conserve Battery"],"campfire_rested":2,"item_purchase_floors":[4,7],"current_hp_per_floor":[45,41,41,41,41,41,41,41,51,57,56,83,68,74,74,57,91,91,91,64,47,36,33,60,0],"gold":341,"neow_bonus":"ONE_RARE_RELIC","is_prod":false,"is_daily":false,"chose_seed":false,"campfire_upgraded":0,"win_rate":0,"timestamp":1534549430,"path_taken":["M","M","M","?","?","R","$","R","T","?","?","R","E","M","R","BOSS","M","M","?","M","M","E","R","M"],"build_version":"2018-08-16","purchased_purges":0,"victory":false,"max_hp_per_floor":[75,75,75,75,75,75,75,75,85,91,91,91,91,91,91,91,91,91,91,91,91,91,91,91,91],"card_choices":[{"not_picked":["Steam","Gash"],"picked":"Ball Lightning","floor":1},{"not_picked":["Stack","Rebound"],"picked":"Conserve Battery","floor":2},{"not_picked":["Rebound","Streamline"],"picked":"Steam","floor":3},{"not_picked":["Skim","Beam Cell"],"picked":"Heatsinks","floor":11},{"not_picked":["Cold Snap","Melter"],"picked":"Self Repair","floor":13},{"not_picked":["Hologram","Cold Snap"],"picked":"Doom and Gloom","floor":14},{"not_picked":["Multi-Cast","Meteor Strike"],"picked":"Machine Learning","floor":16},{"not_picked":["Loop","Hologram"],"picked":"Static Discharge+1","floor":18},{"not_picked":["Streamline","Conserve Battery"],"picked":"Fusion","floor":19},{"not_picked":["Ball Lightning","Gash"],"picked":"Leap+1","floor":21},{"not_picked":["Compile Driver+1","Steam"],"picked":"Glacier","floor":22},{"not_picked":["Steam","White Noise"],"picked":"Buffer","floor":23}],"player_experience":46720,"relics_obtained":[{"floor":9,"key":"Pear"},{"floor":13,"key":"Whetstone"},{"floor":23,"key":"Juzu Bracelet"}],"event_choices":[{"event_name":"The Cleric","player_choice":"Card Removal","floor":5,"damage_taken":0},{"event_name":"Big Fish","player_choice":"Box","floor":10,"damage_taken":0},{"event_name":"Knowing Skull","player_choice":"CARD GOLD ","floor":20,"damage_taken":0}],"is_beta":false,"boss_relics":[{"not_picked":["Inserter","Eternal Feather"],"picked":"Astrolabe"}],"items_purged_floors":[],"is_endless":false,"potions_floor_spawned":[2,11,13,14,16,18,19],"killed_by":"3 Cultists","ascension_level":3}