{"gold_per_floor":[110,124,67,67,86,86,112,132,132,163,163,163,163,185,185,261,261,276,287,212,102,2,2,31,31,80,114,114,134,134,150,150,228,228,242,289,55,55,72,72],"floor_reached":40,"playtime":2082,"items_purged":["Strike_G","Strike_G","Strike_G"],"score":914,"play_id":"e73c2358-5cef-4c70-a444-fffc6c6745b7","local_time":"20190627150028","is_ascension_mode":true,"campfire_choices":[{"data":"Deadly Poison","floor":6.0,"key":"SMITH"},{"data":"Wraith Form v2","floor":11,"key":"SMITH"},{"data":"Corpse Explosion","floor":15,"key":"SMITH"},{"floor":23,"key":"REST"},{"data":"Noxious Fumes","floor":28,"key":"SMITH"},{"data":"Crippling Poison","floor":30,"key":"SMITH"},{"data":"Bouncing Flask","floor":32,"key":"SMITH"}],"neow_cost":"NONE","seed_source_timestamp":1041623728611083,"circlet_count":0,"master_deck":["AscendersBane","Defend_G","Defend_G","Defend_G","Defend_G","Defend_G","Strike_G","Survivor","Neutralize+1","Dagger Spray","Wraith Form v2+1","Deadly Poison+1","Corpse Explosion+1","Poisoned Stab","Bouncing Flask+1","Well Laid Plans","Adrenaline+1","Noxious Fumes+1","PiercingWail","Crippling Poison+1","Calculated Gamble","Bandage Up"],"special_seed":0,"relics":["Ring of the Snake","Sundial","Pantograph","Potion Belt","Odd Mushroom","Runic Pyramid","Matryoshka","Regal Pillow","Bronze Scales","Busted Crown","Mango"],"potions_floor_usage":[7,10,12,27,36,36],"damage_taken":[{"damage":2.0,"enemies":"Jaw Worm","floor":1.0,"turns":5.0},{"damage":0.0,"enemies":"Cultist","floor":2.0,"turns":4.0},{"damage":1.0,"enemies":"2 Louse","floor":5.0,"turns":3.0},{"damage":27,"enemies":"3 Sentries","floor":7,"turns":7},{"damage":1,"enemies":"Looter","floor":8,"turns":4},{"damage":17,"enemies":"Gremlin Nob","floor":10,"turns":6},{"damage":0,"enemies":"Large Slime","floor":12,"turns":1},{"damage":6,"enemies":"The Mushroom Lair","floor":14,"turns":2},{"damage":28,"enemies":"Hexaghost","floor":16,"turns":8},{"damage":14,"enemies":"Spheric Guardian","floor":18,"turns":4},{"damage":3,"enemies":"3 Byrds","floor":19,"turns":4},{"damage":4,"enemies":"Gremlin Leader","floor":24,"turns":7},{"damage":7,"enemies":"Slavers","floor":27,"turns":5},{"damage":6,"enemies":"Snake Plant","floor":29,"turns":4},{"damage":7,"enemies":"Centurion and Healer","floor":31,"turns":5},{"damage":49,"enemies":"Champ","floor":33,"turns":12},{"damage":2,"enemies":"Orb Walker","floor":35,"turns":4},{"damage":21,"enemies":"2 Orb Walkers","floor":36,"turns":4},{"damage":17,"enemies":"3 Darklings","floor":39,"turns":4},{"damage":31,"enemies":"Nemesis","floor":40,"turns":6}],"seed_played":"-5625539943269290057","potions_obtained":[{"floor":2.0,"key":"Block Potion"},{"floor":5.0,"key":"Strength Potion"},{"floor":7,"key":"SmokeBomb"},{"floor":18,"key":"EssenceOfSteel"},{"floor":29,"key":"EssenceOfSteel"},{"floor":31,"key":"GhostInAJar"}],"is_trial":false,"path_per_floor":["M","M","$","?","M","R","E","M","T","E","R","M","?","?","R","B",null,"M","M","$","?","$","R","E","?","T","E","R","M","R","M","R","B",null,"M","?","$","?","M","E"],"character_chosen":"THE_SILENT","items_purchased":["Deadly Poison","Poison Potion","AttackPotion"],"campfire_rested":1,"item_purchase_floors":[3,37,37],"current_hp_per_floor":[57,57,57,57,56,56,29,28,28,11,11,11,11,5,5,2,50,36,33,33,33,33,52,48,66,66,59,59,53,53,46,46,17,54,52,45,45,35,22,0],"gold":72,"neow_bonus":"UPGRADE_CARD","is_prod":false,"is_daily":false,"chose_seed":false,"campfire_upgraded":6,"win_rate":0,"timestamp":1561662028,"path_taken":["M","M","$","?","M","R","E","M","T","E","R","?","?","?","R","BOSS","M","M","$","?","?","R","E","?","T","E","R","M","R","?","R","BOSS","M","?","$","?","?","E"],"build_version":"2019-01-23","purchased_purges":3,"victory":false,"max_hp_per_floor":[66,66,66,66,66,66,66,66,66,66,66,66,66,66,66,66,66,66,66,66,66,66,66,66,66,66,66,66,66,66,66,66,66,66,66,80,80,80,80,80],"card_choices":[{"not_picked":["Prepared","Calculated Gamble"],"picked":"Dagger Spray","floor":1.0},{"not_picked":["Backstab","Underhanded Strike"],"picked":"Wraith Form v2","floor":2.0},{"not_picked":["Underhanded Strike","Outmaneuver","Cloak And Dagger"],"picked":"SKIP","floor":5.0},{"not_picked":["Accuracy","Flying Knee"],"picked":"Corpse Explosion","floor":7},{"not_picked":["Outmaneuver","Cloak And Dagger"],"picked":"Poisoned Stab","floor":8},{"not_picked":["Finisher","Cloak And Dagger"],"picked":"Bouncing Flask","floor":10},{"not_picked":["Tactician","Cloak And Dagger"],"picked":"Well Laid Plans","floor":14},{"not_picked":["Venomology","Night Terror"],"picked":"Adrenaline","floor":16},{"not_picked":["Slice+1","Quick Slash"],"picked":"Noxious Fumes","floor":18},{"not_picked":["Tactician","Underhanded Strike"],"picked":"PiercingWail","floor":19},{"not_picked":["Phantasmal Killer","All Out Attack","Poisoned Stab"],"picked":"SKIP","floor":24},{"not_picked":["Concentrate+1","Footwork"],"picked":"Crippling Poison","floor":27},{"not_picked":["Backflip","Cloak And Dagger"],"picked":"Calculated Gamble","floor":29},{"not_picked":["Dagger Spray","Blade Dance","Quick Slash"],"picked":"SKIP","floor":31},{"not_picked":["Slice"],"picked":"SKIP","floor":35},{"not_picked":[],"picked":"Bandage Up","floor":38},{"not_picked":["Deadly Poison+1"],"picked":"SKIP","floor":39}],"player_experience":1555866,"relics_obtained":[{"floor":7,"key":"Sundial"},{"floor":9,"key":"Pantograph"},{"floor":10,"key":"Potion Belt"},{"floor":14,"key":"Odd Mushroom"},{"floor":24,"key":"Matryoshka"},{"floor":26,"key":"Regal Pillow"},{"floor":27,"key":"Bronze Scales"},{"floor":36,"key":"Mango"}],"event_choices":[{"damage_healed":0.0,"max_hp_gain":0.0,"max_hp_loss":0.0,"gold_gain":0.0,"event_name":"Match and Keep!","player_choice":"0 cards matched","floor":4.0,"gold_loss":0.0,"damage_taken":0.0,"cards_obtained":[]},{"damage_healed":0,"gold_gain":0,"player_choice":"Ignored","damage_taken":0,"max_hp_gain":0,"max_hp_loss":0,"event_name":"Shining Light","floor":13,"gold_loss":0},{"damage_healed":0,"gold_gain":0,"player_choice":"Fought Mushrooms","damage_taken":0,"max_hp_gain":0,"max_hp_loss":0,"event_name":"Mushrooms","floor":14,"gold_loss":0},{"cards_removed":["Strike_G"],"damage_healed":0,"gold_gain":0,"player_choice":"Upgrade and Remove","damage_taken":0,"max_hp_gain":0,"max_hp_loss":0,"event_name":"Designer","floor":21,"gold_loss":110,"cards_upgraded":["Adrenaline"]},{"damage_healed":18,"gold_gain":0,"player_choice":"Full Heal","damage_taken":0,"max_hp_gain":0,"max_hp_loss":0,"event_name":"Wheel of Change","floor":25,"gold_loss":0},{"damage_healed":0,"gold_gain":0,"player_choice":"Fight","damage_taken":0,"max_hp_gain":0,"max_hp_loss":0,"event_name":"Mysterious Sphere","floor":36,"gold_loss":0},{"damage_healed":0,"gold_gain":0,"player_choice":"Memory 3","damage_taken":10,"max_hp_gain":0,"max_hp_loss":0,"event_name":"SensoryStone","floor":38,"gold_loss":0}],"is_beta":false,"boss_relics":[{"not_picked":["Fusion Hammer","Cursed Key"],"picked":"Runic Pyramid"},{"not_picked":["Coffee Dripper","Empty Cage"],"picked":"Busted Crown"}],"items_purged_floors":[20,22,37],"is_endless":false,"potions_floor_spawned":[2,5,7,18,29,31],"killed_by":"Nemesis","ascension_level":20}