{"gold_per_floor":[115,17,37,57,57,57,82,92,138,151,1,1,1,1,1,99,99,80,30,41,52,63,75,75,75],"floor_reached":25,"playtime":1060,"items_purged":["Strike_B","Defragment","Strike_B"],"score":205,"play_id":"2411f738-228c-40b0-aecd-a52698f10560","local_time":"20181014001053","is_ascension_mode":false,"campfire_choices":[{"data":"Sunder","floor":6,"key":"SMITH"},{"data":"Self Repair","floor":12,"key":"SMITH"},{"data":"Zap","floor":15,"key":"SMITH"},{"data":"Hologram","floor":24,"key":"SMITH"}],"neow_cost":"NONE","seed_source_timestamp":358922612059117,"circlet_count":0,"master_deck":["Strike_B","Defend_B","Defend_B","Defend_B","Defend_B","Zap+1","Dualcast","Blizzard","Conserve Battery","Coolheaded","Sweeping Beam","Sunder+1","Self Repair+1","Capacitor","Hologram+1","Ball Lightning","Ball Lightning+1","Coolheaded"],"relics":["Cracked Core","Kunai","Smiling Mask","Anchor","Inserter"],"potions_floor_usage":[7,16,16,25],"damage_taken":[{"damage":3,"enemies":"Small Slimes","floor":1,"turns":3},{"damage":1,"enemies":"Jaw Worm","floor":3,"turns":5},{"damage":0,"enemies":"Cultist","floor":4,"turns":4},{"damage":13,"enemies":"Lagavulin","floor":7,"turns":8},{"damage":10,"enemies":"Looter","floor":8,"turns":2},{"damage":3,"enemies":"Exordium Thugs","floor":10,"turns":4},{"damage":52,"enemies":"Hexaghost","floor":16,"turns":12},{"damage":13,"enemies":"2 Thieves","floor":18,"turns":4},{"damage":14,"enemies":"Shell Parasite","floor":20,"turns":5},{"damage":4,"enemies":"Centurion and Healer","floor":21,"turns":6},{"damage":36,"enemies":"Sentry and Sphere","floor":22,"turns":6},{"damage":24,"enemies":"Snecko","floor":23,"turns":5},{"damage":23,"enemies":"3 Cultists","floor":25,"turns":4}],"seed_played":"678312558086188175","potions_obtained":[{"floor":4,"key":"SkillPotion"},{"floor":7,"key":"Explosive Potion"},{"floor":10,"key":"Energy Potion"},{"floor":16,"key":"Dexterity Potion"},{"floor":20,"key":"Poison Potion"},{"floor":21,"key":"Swift Potion"}],"is_trial":false,"path_per_floor":["M","$","M","M","?","R","E","M","T","M","$","R","$","?","R","B",null,"M","$","M","M","M","M","R"],"character_chosen":"DEFECT","items_purchased":["Coolheaded","Capacitor","Hologram"],"campfire_rested":0,"item_purchase_floors":[2,11,11],"current_hp_per_floor":[72,72,71,71,71,71,58,55,55,59,59,59,59,59,59,17,75,72,72,68,74,48,34,34,11],"gold":75,"neow_bonus":"TRANSFORM_CARD","is_prod":false,"is_daily":false,"chose_seed":false,"campfire_upgraded":4,"win_rate":0,"timestamp":1539490253,"path_taken":["M","$","M","M","?","R","E","M","T","M","$","R","?","?","R","BOSS","M","$","?","M","M","M","R","M"],"build_version":"2018-10-11","purchased_purges":3,"victory":false,"max_hp_per_floor":[75,75,75,75,75,75,75,75,75,75,75,75,75,75,75,75,75,75,75,75,75,75,75,75,75],"card_choices":[{"not_picked":["Leap","Gash"],"picked":"Conserve Battery","floor":1},{"not_picked":["Stack","Redo"],"picked":"Sweeping Beam","floor":3},{"not_picked":["BootSequence","Gash"],"picked":"Sunder","floor":4},{"not_picked":["Hologram","Scrape"],"picked":"Self Repair","floor":7},{"not_picked":["Recycle","Hologram"],"picked":"Defragment","floor":8},{"not_picked":["Double Energy","Chaos","Sunder"],"picked":"SKIP","floor":10},{"not_picked":["Lockon","Rebound"],"picked":"Ball Lightning","floor":18},{"not_picked":["Tempest","Sweeping Beam","Beam Cell"],"picked":"SKIP","floor":20},{"not_picked":["Sweeping Beam","Turbo"],"picked":"Ball Lightning+1","floor":21},{"not_picked":["Barrage+1","Sweeping Beam+1"],"picked":"Coolheaded","floor":22},{"not_picked":["BootSequence","Fusion","Doom and Gloom"],"picked":"SKIP","floor":23}],"player_experience":595430,"relics_obtained":[{"floor":7,"key":"Kunai"},{"floor":9,"key":"Smiling Mask"},{"floor":14,"key":"Anchor"}],"event_choices":[{"event_name":"Liars Game","player_choice":"disagreed","floor":5,"damage_taken":0},{"event_name":"Wheel of Change","player_choice":"Relic","floor":14,"damage_taken":0}],"is_beta":false,"boss_relics":[{"not_picked":["Ectoplasm","Pandora\u0027s Box"],"picked":"Inserter"}],"items_purged_floors":[2,11,19],"is_endless":false,"potions_floor_spawned":[4,7,10,16,20,21],"killed_by":"3 Cultists","ascension_level":0}