{"gold_per_floor":[212,212,212,231,249,282,282,297,323,335,361,408,420,455,467,609,621,656,668,322,336,386,386,386],"floor_reached":24,"playtime":1505,"items_purged":["Strike_G"],"score":216,"play_id":"373a248e-e6d8-4b8c-9c7e-9908689852fe","local_time":"20180821235829","is_ascension_mode":true,"campfire_choices":[{"data":"Neutralize","floor":7,"key":"SMITH"},{"data":"Dash","floor":10,"key":"SMITH"},{"floor":13,"key":"REST"},{"floor":15,"key":"REST"},{"data":"Footwork","floor":23,"key":"SMITH"}],"neow_cost":"NONE","seed_source_timestamp":505528328308274,"circlet_count":0,"master_deck":["Defend_G","Defend_G","Defend_G","Defend_G","Defend_G","Strike_G","Strike_G","Survivor","Neutralize+1","Calculated Gamble","Escape Plan","Dash+1","Prepared","Outmaneuver","Deadly Poison","Calculated Gamble+1","Footwork+1","Acrobatics","Deadly Poison+1"],"relics":["Ring of the Snake","Bloody Idol","Snake Skull","MawBank","Odd Mushroom","Empty Cage","Toolbox"],"potions_floor_usage":[6,16],"damage_taken":[{"damage":5,"enemies":"Jaw Worm","floor":1,"turns":7},{"damage":5,"enemies":"Cultist","floor":4,"turns":5},{"damage":5,"enemies":"Small Slimes","floor":5,"turns":4},{"damage":21,"enemies":"Lagavulin","floor":6,"turns":9},{"damage":0,"enemies":"Gremlin Gang","floor":8,"turns":6},{"damage":0,"enemies":"Exordium Thugs","floor":11,"turns":6},{"damage":12,"floor":12,"turns":6},{"damage":1,"enemies":"Large Slime","floor":14,"turns":6},{"damage":25,"enemies":"Hexaghost","floor":16,"turns":12},{"damage":28,"enemies":"Spheric Guardian","floor":18,"turns":9},{"damage":16,"enemies":"Chosen","floor":21,"turns":7},{"damage":43,"enemies":"Slavers","floor":24,"turns":4}],"seed_played":"9198822049305475755","potions_obtained":[{"floor":1,"key":"Poison Potion"},{"floor":6,"key":"FearPotion"},{"floor":8,"key":"Energy Potion"},{"floor":14,"key":"GamblersBrew"},{"floor":18,"key":"Strength Potion"}],"is_trial":false,"path_per_floor":["M","?","?","M","M","E","R","M","T","R","M","?","R","M","R","B",null,"M","?","$","M","?","R"],"character_chosen":"THE_SILENT","items_purchased":["Footwork","Acrobatics","Toolbox"],"campfire_rested":2,"item_purchase_floors":[20,20,20],"current_hp_per_floor":[65,65,70,65,60,39,39,39,39,39,39,27,48,47,68,43,70,42,42,47,36,41,41,0],"gold":386,"neow_bonus":"HUNDRED_GOLD","is_prod":false,"is_daily":false,"chose_seed":false,"campfire_upgraded":3,"win_rate":0,"timestamp":1534910309,"path_taken":["M","?","?","M","M","E","R","?","T","R","M","?","R","M","R","BOSS","M","?","?","M","?","R","E"],"build_version":"2018-08-16","purchased_purges":1,"victory":false,"max_hp_per_floor":[70,65,70,70,70,70,70,70,70,70,70,70,70,70,70,70,70,70,70,70,70,70,70,70],"card_choices":[{"not_picked":["Bouncing Flask","Cloak And Dagger"],"picked":"Calculated Gamble","floor":1},{"not_picked":["Prepared","Flying Knee"],"picked":"Escape Plan","floor":4},{"not_picked":["Cloak And Dagger","Sucker Punch"],"picked":"Dash","floor":5},{"not_picked":["PiercingWail","Cloak And Dagger"],"picked":"Prepared","floor":6},{"not_picked":["Sucker Punch","PiercingWail","Dagger Throw"],"picked":"SKIP","floor":8},{"not_picked":["Blade Dance","Dodge and Roll","Accuracy"],"picked":"SKIP","floor":11},{"not_picked":["Die Die Die","Predator"],"picked":"Outmaneuver","floor":12},{"not_picked":["Dagger Throw","Slice"],"picked":"Deadly Poison","floor":14},{"not_picked":["Deflect","Sucker Punch"],"picked":"Calculated Gamble+1","floor":18},{"not_picked":["Bane","Outmaneuver+1"],"picked":"Deadly Poison+1","floor":21}],"player_experience":126642,"relics_obtained":[{"floor":6,"key":"Snake Skull"},{"floor":9,"key":"MawBank"},{"floor":12,"key":"Odd Mushroom"}],"event_choices":[{"event_name":"Golden Idol","player_choice":"Lose Max HP","floor":2,"damage_taken":0},{"event_name":"Big Fish","player_choice":"Donut","floor":3,"damage_taken":0},{"event_name":"Mushrooms","player_choice":"Fought Mushrooms","floor":12,"damage_taken":0},{"event_name":"Forgotten Altar","player_choice":"Gave Idol","floor":19,"damage_taken":0},{"event_name":"The Joust","player_choice":"Bet on Murderer","floor":22,"damage_taken":0}],"is_beta":false,"boss_relics":[{"not_picked":["Astrolabe","WristBlade"],"picked":"Empty Cage"}],"items_purged_floors":[20],"is_endless":false,"potions_floor_spawned":[1,6,8,14,18,21],"killed_by":"Slavers","ascension_level":2}