{"gold_per_floor":[217,227,227,8,21,21,41,41,95,95,95,113,113,123,123,228,228,242,73,90,19,33,33,33,68,68,68,68,0,0],"floor_reached":30,"playtime":1301,"items_purged":["Strike_G","Strike_G"],"score":250,"play_id":"5e194100-3448-4b2d-905c-fda00bff53fa","local_time":"20190709131735","is_ascension_mode":true,"campfire_choices":[{"data":"Accuracy","floor":6,"key":"SMITH"},{"data":"Cloak And Dagger","floor":11,"key":"SMITH"},{"data":"Neutralize","floor":13,"key":"SMITH"},{"floor":15,"key":"REST"},{"floor":23,"key":"REST"},{"floor":28,"key":"REST"}],"neow_cost":"NONE","seed_source_timestamp":93302045713800,"circlet_count":0,"master_deck":["Strike_G","Defend_G","Defend_G","Defend_G","Defend_G","Defend_G","Survivor","Neutralize+1","Accuracy+1","Finisher","Backflip","Cloak And Dagger+1","Corpse Explosion","Outmaneuver","Burst","Cloak And Dagger","Well Laid Plans","Blade Dance","Infinite Blades","Blade Dance"],"relics":["Ring of the Snake","Dream Catcher","Potion Belt","WristBlade","Bronze Scales","Boot"],"potions_floor_usage":[18,25,25],"damage_taken":[{"damage":0,"enemies":"Small Slimes","floor":1,"turns":3},{"damage":0,"enemies":"2 Louse","floor":2,"turns":2},{"damage":0,"enemies":"Jaw Worm","floor":5,"turns":7},{"damage":5,"enemies":"Gremlin Gang","floor":7,"turns":8},{"damage":13,"enemies":"Exordium Thugs","floor":12,"turns":8},{"damage":0,"enemies":"2 Fungi Beasts","floor":14,"turns":2},{"damage":25,"enemies":"The Guardian","floor":16,"turns":15},{"damage":23,"enemies":"Chosen","floor":18,"turns":7},{"damage":4,"enemies":"3 Byrds","floor":20,"turns":3},{"damage":9,"enemies":"Shelled Parasite and Fungi","floor":22,"turns":6},{"damage":48,"enemies":"Slavers","floor":25,"turns":4},{"damage":34,"enemies":"Centurion and Healer","floor":30,"turns":2}],"seed_played":"-2012675180118057739","potions_obtained":[{"floor":1,"key":"FearPotion"},{"floor":5,"key":"Block Potion"},{"floor":16,"key":"EssenceOfSteel"},{"floor":20,"key":"PowerPotion"}],"is_trial":false,"path_per_floor":["M","M","?","$","M","R","M","?","T","?","R","M","R","M","R","B",null,"M","$","M","$","M","R","?","E","T","?","R","?","M"],"character_chosen":"THE_SILENT","items_purchased":["Dream Catcher","Well Laid Plans","Infinite Blades"],"campfire_rested":3,"item_purchase_floors":[4,19,21],"current_hp_per_floor":[70,70,70,70,70,70,65,58,58,58,58,45,45,45,66,41,70,47,47,43,43,34,55,55,7,7,7,28,28,0],"gold":0,"neow_bonus":"HUNDRED_GOLD","is_prod":false,"is_daily":false,"chose_seed":false,"campfire_upgraded":3,"win_rate":0,"timestamp":1562692655,"path_taken":["M","M","?","$","M","R","M","?","T","?","R","?","R","?","R","BOSS","M","$","M","$","M","R","?","E","T","?","R","?","M"],"build_version":"2019-07-05","purchased_purges":2,"victory":false,"max_hp_per_floor":[70,70,70,70,70,70,70,70,70,70,70,70,70,70,70,70,70,70,70,70,70,70,70,70,70,70,70,70,70,70],"card_choices":[{"not_picked":["Blade Dance","Acrobatics"],"picked":"Accuracy","floor":1},{"not_picked":["Dagger Spray","PiercingWail"],"picked":"Finisher","floor":2},{"not_picked":["Catalyst","Slice"],"picked":"Backflip","floor":5},{"not_picked":["Dodge and Roll","Slice"],"picked":"Cloak And Dagger","floor":7},{"not_picked":["All Out Attack","Cloak And Dagger"],"picked":"Corpse Explosion","floor":12},{"not_picked":["Deadly Poison","Predator"],"picked":"Outmaneuver","floor":14},{"not_picked":["Die Die Die","Corpse Explosion"],"picked":"Burst","floor":16},{"not_picked":["Flying Knee+1","Outmaneuver"],"picked":"Cloak And Dagger","floor":18},{"not_picked":["PiercingWail","Underhanded Strike"],"picked":"Blade Dance","floor":20},{"not_picked":["Deflect","Venomology","Dagger Spray"],"picked":"SKIP","floor":22},{"not_picked":["Bane+1","All Out Attack","Sucker Punch+1"],"picked":"SKIP","floor":25}],"player_experience":47063,"relics_obtained":[{"floor":9,"key":"Potion Belt"},{"floor":25,"key":"Bronze Scales"},{"floor":26,"key":"Boot"}],"event_choices":[{"cards_removed":["Strike_G"],"damage_healed":0,"gold_gain":0,"player_choice":"Forget","damage_taken":0,"max_hp_gain":0,"max_hp_loss":0,"event_name":"Living Wall","floor":3,"gold_loss":0},{"cards_removed":["Strike_G"],"damage_healed":0,"gold_gain":0,"player_choice":"Card Removal","damage_taken":7,"max_hp_gain":0,"max_hp_loss":0,"event_name":"Golden Wing","floor":8,"gold_loss":0},{"damage_healed":0,"gold_gain":0,"player_choice":"Ignored","damage_taken":0,"max_hp_gain":0,"max_hp_loss":0,"event_name":"Liars Game","floor":10,"gold_loss":0},{"damage_healed":0,"gold_gain":0,"player_choice":"Read","damage_taken":0,"max_hp_gain":0,"max_hp_loss":0,"event_name":"The Library","floor":24,"gold_loss":0,"cards_obtained":["Blade Dance"]},{"damage_healed":0,"gold_gain":0,"player_choice":"Paid Fearfully","damage_taken":0,"max_hp_gain":0,"max_hp_loss":0,"event_name":"Masked Bandits","floor":29,"gold_loss":68}],"is_beta":false,"boss_relics":[{"not_picked":["Pandora\u0027s Box","Philosopher\u0027s Stone"],"picked":"WristBlade"}],"items_purged_floors":[4,19],"is_endless":false,"potions_floor_spawned":[1,5,16,20],"killed_by":"Centurion and Healer","ascension_level":1}