{"gold_per_floor":[218,218,218,234,245,245,272,284,340,50,66,66,83,112,112,189,189,109,109,109,109,109,109,109,109,109,109],"floor_reached":27,"playtime":1761,"items_purged":["Strike_B"],"score":494,"play_id":"b574b982-1351-4aae-a9fa-731fac7578f3","local_time":"20190715181756","is_ascension_mode":true,"campfire_choices":[{"data":"Sweeping Beam","floor":6.0,"key":"SMITH"},{"floor":12.0,"key":"REST"},{"data":"Loop","floor":15.0,"key":"SMITH"},{"data":"Consume","floor":23,"key":"SMITH"}],"neow_cost":"NONE","seed_source_timestamp":0,"circlet_count":0,"master_deck":["AscendersBane","Strike_B","Strike_B","Defend_B","Defend_B","Defend_B","Defend_B","Zap","Dualcast","Sweeping Beam+1","Ball Lightning","Leap","Cold Snap","Stack","Core Surge","Steam","Loop+1","Glacier","Seek","Echo Form","FTL+1","Consume+1","Glacier","Self Repair","Seek"],"special_seed":0,"relics":["Cracked Core","Pocketwatch","Boot","Tiny Chest","Bag of Preparation","Ectoplasm","Dream Catcher","Bag of Marbles"],"potions_floor_usage":[],"damage_taken":[{"damage":7.0,"enemies":"Jaw Worm","floor":1.0,"turns":3.0},{"damage":1.0,"enemies":"Cultist","floor":4.0,"turns":3.0},{"damage":5.0,"enemies":"2 Louse","floor":5.0,"turns":2.0},{"damage":18.0,"enemies":"Lagavulin","floor":7.0,"turns":6.0},{"damage":8.0,"enemies":"Exordium Thugs","floor":8.0,"turns":3.0},{"damage":0.0,"enemies":"2 Fungi Beasts","floor":11.0,"turns":3.0},{"damage":0.0,"enemies":"Exordium Wildlife","floor":13.0,"turns":3.0},{"damage":5.0,"enemies":"3 Sentries","floor":14.0,"turns":7.0},{"damage":8.0,"enemies":"The Guardian","floor":16.0,"turns":18.0},{"damage":8.0,"enemies":"2 Thieves","floor":18.0,"turns":4.0},{"damage":0,"enemies":"Spheric Guardian","floor":19,"turns":4},{"damage":27,"enemies":"Shelled Parasite and Fungi","floor":21,"turns":5},{"damage":0,"enemies":"Sentry and Sphere","floor":22,"turns":6},{"damage":4,"enemies":"Gremlin Leader","floor":24,"turns":8},{"damage":19,"enemies":"Snake Plant","floor":25,"turns":6},{"damage":34,"enemies":"Slavers","floor":27,"turns":4}],"seed_played":"2567616787202464967","potions_obtained":[{"floor":7.0,"key":"SpeedPotion"},{"floor":8.0,"key":"Strength Potion"},{"floor":11.0,"key":"Explosive Potion"},{"floor":16.0,"key":"FocusPotion"}],"is_trial":false,"path_per_floor":["M","?","T","M","M","R","E","M","T","$","M","R","M","E","R","B",null,"M","M","$","M","M","R","E","M","T","E"],"character_chosen":"DEFECT","items_purchased":["Core Surge","Steam"],"campfire_rested":1,"item_purchase_floors":[10,10],"current_hp_per_floor":[57,50,50,49,44,44,26,18,18,18,18,39,39,34,34,26,60,52,52,52,25,25,25,35,30,30,0],"gold":109,"neow_bonus":"HUNDRED_GOLD","is_prod":false,"is_daily":false,"chose_seed":false,"campfire_upgraded":3,"win_rate":0,"timestamp":1563229076,"path_taken":["M","?","?","M","M","R","E","M","T","$","?","R","M","E","R","BOSS","M","M","$","?","M","R","E","M","T","E"],"build_version":"2019-07-05","purchased_purges":1,"victory":false,"max_hp_per_floor":[71,71,71,71,71,71,71,71,71,71,71,71,71,71,71,71,71,71,71,71,71,71,71,71,71,71,71],"card_choices":[{"not_picked":["Streamline","Redo"],"picked":"Sweeping Beam","floor":1.0},{"not_picked":["Melter","Reinforced Body"],"picked":"Ball Lightning","floor":4.0},{"not_picked":["Go for the Eyes","Fusion"],"picked":"Leap","floor":5.0},{"not_picked":["White Noise","Gash"],"picked":"Cold Snap","floor":7.0},{"not_picked":["Hello World","Melter"],"picked":"Stack","floor":8.0},{"not_picked":["Sweeping Beam","Streamline"],"picked":"Loop","floor":11.0},{"not_picked":["Compile Driver","Turbo"],"picked":"Glacier","floor":13.0},{"not_picked":["Coolheaded","Storm"],"picked":"Seek","floor":14.0},{"not_picked":["Seek","Multi-Cast"],"picked":"Echo Form","floor":16.0},{"not_picked":["Barrage","Compile Driver"],"picked":"FTL+1","floor":18.0},{"not_picked":["Beam Cell","Hologram+1"],"picked":"Consume","floor":19},{"not_picked":["Steam","Coolheaded"],"picked":"Glacier","floor":21},{"not_picked":["Barrage","Beam Cell"],"picked":"Self Repair","floor":22},{"not_picked":["Hyperbeam","Cold Snap"],"picked":"Seek","floor":24},{"not_picked":["Ball Lightning+1","Melter+1","Lockon"],"picked":"SKIP","floor":25}],"player_experience":1605959,"relics_obtained":[{"floor":3.0,"key":"Pocketwatch"},{"floor":7.0,"key":"Boot"},{"floor":9.0,"key":"Tiny Chest"},{"floor":14.0,"key":"Bag of Preparation"},{"floor":24,"key":"Dream Catcher"},{"floor":26,"key":"Bag of Marbles"}],"event_choices":[{"cards_removed":["Strike_B"],"damage_healed":0.0,"max_hp_gain":0.0,"max_hp_loss":0.0,"gold_gain":0.0,"event_name":"Golden Wing","player_choice":"Card Removal","floor":2.0,"gold_loss":0.0,"damage_taken":7.0}],"is_beta":false,"boss_relics":[{"not_picked":["FrozenCore","Coffee Dripper"],"picked":"Ectoplasm"}],"items_purged_floors":[10],"is_endless":false,"potions_floor_spawned":[7,8,11,14,16,18,19,21],"killed_by":"Slavers","ascension_level":20}