{"gold_per_floor":[12,12,25,25,41,41,41,41,41,41,57,90,101,133,133,212,212,224,238,188,188],"floor_reached":21,"playtime":810,"items_purged":[],"score":359,"play_id":"31fb74fa-ec96-48cf-843d-1afbbd5ff984","local_time":"20181009001634","is_ascension_mode":true,"campfire_choices":[{"data":"Noxious Fumes","floor":6,"key":"SMITH"},{"data":"Neutralize","floor":8,"key":"SMITH"},{"floor":10,"key":"REST"},{"floor":15,"key":"REST"}],"neow_cost":"NO_GOLD","seed_source_timestamp":2242689347237342,"circlet_count":0,"master_deck":["Defend_G","Defend_G","Defend_G","Defend_G","Defend_G","Strike_G","Strike_G","Strike_G","Strike_G","Survivor","Neutralize+1","AscendersBane","Corpse Explosion","Noxious Fumes+1","Dodge and Roll","All Out Attack","Catalyst","Poisoned Stab","Adrenaline","Dodge and Roll"],"relics":["Ring of the Serpent","NlothsMask","Turnip","Shuriken"],"potions_floor_usage":[16],"damage_taken":[{"damage":6,"enemies":"2 Louse","floor":1,"turns":4},{"damage":2,"enemies":"Small Slimes","floor":3,"turns":4},{"damage":2,"enemies":"Cultist","floor":5,"turns":5},{"damage":0,"enemies":"Red Slaver","floor":11,"turns":4},{"damage":2,"enemies":"Lagavulin","floor":12,"turns":6},{"damage":3,"enemies":"2 Fungi Beasts","floor":13,"turns":3},{"damage":50,"enemies":"Gremlin Nob","floor":14,"turns":5},{"damage":6,"enemies":"Hexaghost","floor":16,"turns":8},{"damage":13,"enemies":"Chosen","floor":18,"turns":4},{"damage":18,"enemies":"3 Byrds","floor":19,"turns":4},{"damage":8,"enemies":"Shelled Parasite and Fungi","floor":21,"turns":3}],"seed_played":"1140014274039095941","potions_obtained":[{"floor":3,"key":"SkillPotion"},{"floor":14,"key":"Fire Potion"},{"floor":16,"key":"Weak Potion"}],"is_trial":false,"path_per_floor":["M","?","M","?","M","R","$","R","T","R","M","E","M","E","R","B",null,"M","M","?"],"character_chosen":"THE_SILENT","items_purchased":[],"campfire_rested":2,"item_purchase_floors":[],"current_hp_per_floor":[53,46,44,44,42,42,42,42,42,61,61,59,56,6,25,19,54,41,23,23,15],"gold":188,"neow_bonus":"THREE_RARE_CARDS","is_prod":false,"is_daily":false,"chose_seed":false,"campfire_upgraded":2,"win_rate":0,"timestamp":1539058594,"path_taken":["M","?","?","?","M","R","$","R","T","R","M","E","M","E","R","BOSS","M","M","?","M"],"build_version":"2018-10-04v2","purchased_purges":0,"victory":false,"max_hp_per_floor":[66,66,66,66,66,66,66,66,66,66,66,66,66,66,66,66,66,66,66,66,66],"card_choices":[{"not_picked":["Unload","Doppelganger"],"picked":"Corpse Explosion","floor":0},{"not_picked":["Backflip","Bane"],"picked":"Noxious Fumes","floor":1},{"not_picked":["Blade Dance","Slice"],"picked":"Dodge and Roll","floor":3},{"not_picked":["Deadly Poison","Blade Dance","All Out Attack"],"picked":"SKIP","floor":5},{"not_picked":["Deadly Poison","Blade Dance"],"picked":"All Out Attack","floor":5},{"not_picked":["Bane","Setup"],"picked":"Catalyst","floor":11},{"not_picked":["Accuracy","Acrobatics"],"picked":"Poisoned Stab","floor":12},{"not_picked":["Dagger Throw","Terror","Predator"],"picked":"SKIP","floor":13},{"not_picked":["Crippling Poison","Terror","Blade Dance"],"picked":"SKIP","floor":14},{"not_picked":["Envenom","Die Die Die"],"picked":"Adrenaline","floor":16},{"not_picked":["Dagger Spray","Dash+1"],"picked":"Dodge and Roll","floor":18},{"not_picked":["Prepared","Quick Slash","Flying Knee"],"picked":"SKIP","floor":19}],"player_experience":590989,"relics_obtained":[{"floor":12,"key":"Turnip"},{"floor":14,"key":"Shuriken"}],"event_choices":[{"event_name":"Golden Wing","player_choice":"Card Removal","floor":2,"damage_taken":0},{"event_name":"FaceTrader","player_choice":"Trade","floor":4,"damage_taken":0},{"event_name":"The Joust","player_choice":"Bet on Owner","floor":20,"damage_taken":0}],"is_beta":false,"boss_relics":[{"not_picked":["Lizard Tail","Pandora\u0027s Box"],"picked":"Ring of the Serpent"}],"items_purged_floors":[],"is_endless":false,"potions_floor_spawned":[3,14,16],"killed_by":"Shelled Parasite and Fungi","ascension_level":18}