{"gold_per_floor":[118,118,39,59,59,59,59,78,78,78,98,115,40,55,55,151,151,164,164,178,53,65,84,183,19,44,44,56,56,56],"floor_reached":30,"playtime":896,"items_purged":["Strike_R","Strike_R","Strike_R"],"score":272,"play_id":"d37561a1-808f-414e-8490-a90c17716f3f","local_time":"20181004190043","is_ascension_mode":false,"campfire_choices":[{"data":"Spot Weakness","floor":6,"key":"SMITH"},{"data":"Sword Boomerang","floor":15,"key":"SMITH"},{"data":"True Grit","floor":29,"key":"SMITH"}],"neow_cost":"NONE","seed_source_timestamp":1878013768127400,"circlet_count":0,"master_deck":["Strike_R+1","Defend_R","Defend_R","Defend_R","Defend_R","Bash+1","Reaper","Whirlwind","Spot Weakness+1","Cleave","Impervious","Sword Boomerang+1","Headbutt","Limit Break","True Grit+1","Blind","Swift Strike","Clothesline","Disarm","Shrug It Off"],"relics":["Burning Blood"],"potions_floor_usage":[16,16,23,28,28,28],"damage_taken":[{"damage":11,"enemies":"2 Louse","floor":1,"turns":3},{"damage":8,"enemies":"Small Slimes","floor":4,"turns":3},{"damage":6,"enemies":"Cultist","floor":8,"turns":3},{"damage":4,"enemies":"3 Louse","floor":11,"turns":3},{"damage":21,"enemies":"Blue Slaver","floor":12,"turns":5},{"damage":22,"enemies":"Exordium Thugs","floor":14,"turns":5},{"damage":0,"enemies":"Slime Boss","floor":16,"turns":4},{"damage":27,"enemies":"Spheric Guardian","floor":18,"turns":5},{"damage":7,"enemies":"Shell Parasite","floor":20,"turns":5},{"damage":25,"enemies":"Shelled Parasite and Fungi","floor":22,"turns":6},{"damage":23,"enemies":"Cultist and Chosen","floor":23,"turns":8},{"damage":12,"enemies":"Centurion and Healer","floor":28,"turns":10},{"damage":20,"enemies":"Colosseum Slavers","floor":30,"turns":4}],"seed_played":"-2882561021237117053","potions_obtained":[{"floor":1,"key":"Strength Potion"},{"floor":4,"key":"SteroidPotion"},{"floor":11,"key":"AttackPotion"},{"floor":18,"key":"Weak Potion"},{"floor":22,"key":"Energy Potion"},{"floor":23,"key":"Weak Potion"},{"floor":28,"key":"Dexterity Potion"}],"is_trial":false,"path_per_floor":["M","?","$","M","?","R","T","M","T","?","M","M","$","M","R","B",null,"M","?","M","$","M","M","?","$","T","?","M","R"],"character_chosen":"IRONCLAD","items_purchased":["Spot Weakness","Clothesline","Disarm"],"campfire_rested":0,"item_purchase_floors":[3,21,25],"current_hp_per_floor":[80,64,64,69,62,62,62,68,68,68,70,59,59,53,53,71,80,59,35,34,34,27,18,18,18,18,18,20,20,0],"gold":56,"neow_bonus":"ONE_RANDOM_RARE_CARD","is_prod":false,"is_daily":false,"chose_seed":false,"campfire_upgraded":3,"win_rate":0,"timestamp":1538694043,"path_taken":["M","?","$","M","?","R","?","?","T","?","M","M","$","?","R","BOSS","M","?","M","$","M","M","?","$","T","?","?","R","?"],"build_version":"2018-09-27","purchased_purges":3,"victory":false,"max_hp_per_floor":[80,80,80,80,80,80,80,80,80,80,80,80,80,80,80,80,80,80,80,80,80,80,80,80,80,80,80,80,80,80],"card_choices":[{"not_picked":["Fire Breathing","Twin Strike"],"picked":"Whirlwind","floor":1},{"not_picked":["Headbutt","Flex"],"picked":"Cleave","floor":4},{"not_picked":["Reckless Charge","Body Slam","Fire Breathing"],"picked":"SKIP","floor":8},{"not_picked":["Heavy Blade","Body Slam","Hemokinesis"],"picked":"SKIP","floor":11},{"not_picked":["Clash","Inflame"],"picked":"Sword Boomerang","floor":12},{"not_picked":["Spot Weakness","Twin Strike"],"picked":"Headbutt","floor":14},{"not_picked":["Barricade","Dark Embrace"],"picked":"Limit Break","floor":16},{"not_picked":["Thunderclap","Spot Weakness"],"picked":"True Grit","floor":18},{"not_picked":["Inflame+1","Havoc","Thunderclap"],"picked":"SKIP","floor":20},{"not_picked":["Combust","Entrench","Perfected Strike"],"picked":"SKIP","floor":22},{"not_picked":["Wild Strike","Power Through","Body Slam"],"picked":"SKIP","floor":23},{"not_picked":["Body Slam+1","Heavy Blade+1"],"picked":"Shrug It Off","floor":28}],"player_experience":556968,"relics_obtained":[],"event_choices":[{"event_name":"Shining Light","player_choice":"Entered Light","floor":2,"damage_taken":0},{"event_name":"Golden Wing","player_choice":"Card Removal","floor":5,"damage_taken":0},{"event_name":"Match and Keep!","player_choice":"1 cards matched","floor":10,"damage_taken":0},{"event_name":"Knowing Skull","player_choice":"CARD CARD ","floor":19,"damage_taken":0},{"event_name":"Nest","player_choice":"Stole From Cult","floor":24,"damage_taken":0},{"event_name":"Colosseum","player_choice":"Fight","floor":30,"damage_taken":0}],"is_beta":false,"boss_relics":[{"not_picked":["Philosopher\u0027s Stone","Tiny House","Pandora\u0027s Box"]}],"items_purged_floors":[13,21,25],"is_endless":false,"potions_floor_spawned":[1,4,11,18,22,23,28],"killed_by":"Colosseum Slavers","ascension_level":0}