{"gold_per_floor":[119,119,119,129,204,204,218,143,170,170,96,116,116,134,134,232,232,247,279,295,315,328,328,358,358,438,438,449,465,515,532,532,637,637,653,715,765,828,621,639,652,447,447,497,507,507,507],"floor_reached":47,"playtime":3728,"items_purged":["Strike_G","Defend_G","Defend_G"],"score":539,"play_id":"b3d858c3-75dc-4e71-8e0b-8261d40a9e57","local_time":"20180821015307","is_ascension_mode":true,"campfire_choices":[{"data":"Neutralize","floor":6,"key":"SMITH"},{"data":"Skewer","floor":13,"key":"SMITH"},{"data":"Blur","floor":15,"key":"SMITH"},{"floor":23,"key":"REST"},{"data":"Acrobatics","floor":25,"key":"SMITH"},{"floor":32,"key":"REST"},{"floor":46,"key":"REST"}],"neow_cost":"NONE","seed_source_timestamp":423774670154039,"circlet_count":0,"master_deck":["Defend_G","Defend_G","Survivor","Neutralize+1","Outmaneuver","Backstab","Blur+1","Skewer+1","After Image","Acrobatics+1","Backflip","Leg Sweep","Backflip+1","After Image","Riddle With Holes+1","Footwork+1","Skewer+1","Escape Plan+1","Calculated Gamble","Dash","Escape Plan","PanicButton","Prepared+1"],"relics":["Ring of the Snake","Potion Belt","Pen Nib","Velvet Choker","Red Mask","Dodecahedron","Tiny Chest","SsserpentHead","Astrolabe","Omamori","Kunai"],"potions_floor_usage":[31,33,33,33],"damage_taken":[{"damage":2,"enemies":"Jaw Worm","floor":1,"turns":7},{"damage":0,"enemies":"Small Slimes","floor":4,"turns":5},{"damage":0,"enemies":"Cultist","floor":7,"turns":4},{"damage":0,"enemies":"2 Fungi Beasts","floor":12,"turns":8},{"damage":0,"enemies":"Looter","floor":14,"turns":1},{"damage":1,"enemies":"The Guardian","floor":16,"turns":18},{"damage":0,"enemies":"Spheric Guardian","floor":18,"turns":3},{"damage":18,"floor":19,"turns":6},{"damage":1,"enemies":"Chosen","floor":20,"turns":3},{"damage":0,"enemies":"Snake Plant","floor":21,"turns":5},{"damage":12,"enemies":"Cultist and Chosen","floor":22,"turns":8},{"damage":0,"enemies":"Book of Stabbing","floor":24,"turns":10},{"damage":0,"enemies":"Centurion and Healer","floor":28,"turns":9},{"damage":0,"enemies":"Snake Plant","floor":29,"turns":4},{"damage":18,"enemies":"Cultist and Chosen","floor":31,"turns":13},{"damage":54,"enemies":"Champ","floor":33,"turns":24},{"damage":0,"enemies":"3 Darklings","floor":35,"turns":14},{"damage":17,"enemies":"3 Shapes","floor":36,"turns":5},{"damage":16,"enemies":"Sphere and 2 Shapes","floor":38,"turns":10},{"damage":0,"enemies":"Spire Growth","floor":40,"turns":8},{"damage":13,"enemies":"Flame Bruiser 2 Orb","floor":41,"turns":8},{"damage":10,"enemies":"Transient","floor":45,"turns":5},{"damage":36,"enemies":"Maw","floor":47,"turns":13}],"seed_played":"6627710496486078267","potions_obtained":[{"floor":1,"key":"FearPotion"},{"floor":12,"key":"Regen Potion"},{"floor":14,"key":"Poison Potion"},{"floor":16,"key":"AttackPotion"},{"floor":18,"key":"SmokeBomb"},{"floor":24,"key":"Poison Potion"},{"floor":28,"key":"GhostInAJar"},{"floor":31,"key":"Poison Potion"},{"floor":33,"key":"Poison Potion"},{"floor":35,"key":"AttackPotion"}],"is_trial":false,"path_per_floor":["M","?","?","M","?","R","M","$","T","?","$","M","R","M","R","B",null,"M","?","M","M","M","R","E","R","T","?","M","M","?","M","R","B",null,"M","M","?","M","$","M","M","$","T","?","M","R"],"character_chosen":"THE_SILENT","items_purchased":["Blur","Omamori","Dash"],"campfire_rested":3,"item_purchase_floors":[11,39,42],"current_hp_per_floor":[68,68,68,68,57,57,57,57,57,57,57,57,57,57,57,56,70,70,52,51,51,39,60,60,60,60,60,60,60,60,42,63,24,70,70,53,53,37,37,37,24,24,24,24,14,35,0],"gold":507,"neow_bonus":"RANDOM_COMMON_RELIC","is_prod":false,"is_daily":false,"chose_seed":false,"campfire_upgraded":4,"win_rate":0,"timestamp":1534830787,"path_taken":["M","?","?","M","?","R","M","?","T","?","?","?","R","M","R","BOSS","M","?","M","M","M","R","E","R","T","?","M","M","?","M","R","BOSS","M","?","?","?","?","M","M","$","T","?","M","R","M"],"build_version":"2018-08-16","purchased_purges":3,"victory":false,"max_hp_per_floor":[70,70,70,70,70,70,70,70,70,70,70,70,70,70,70,70,70,70,70,70,70,70,70,70,70,70,70,70,70,70,70,70,70,70,70,70,70,70,70,70,70,70,70,70,70,70,70],"card_choices":[{"not_picked":["Endless Agony","Slice"],"picked":"Outmaneuver","floor":1},{"not_picked":["Bouncing Flask","Finisher","Blade Dance"],"picked":"SKIP","floor":4},{"not_picked":["Dagger Spray","Underhanded Strike"],"picked":"Backstab","floor":7},{"not_picked":["Deflect","Dodge and Roll"],"picked":"Skewer","floor":12},{"not_picked":["Outmaneuver","Catalyst","Bullet Time"],"picked":"SKIP","floor":14},{"not_picked":["Storm of Steel","Envenom"],"picked":"After Image","floor":16},{"not_picked":["Cloak And Dagger+1","Dash"],"picked":"Acrobatics","floor":18},{"not_picked":["Quick Slash+1","Deadly Poison"],"picked":"Backflip","floor":20},{"not_picked":["Underhanded Strike+1","Cloak And Dagger","Quick Slash"],"picked":"SKIP","floor":21},{"not_picked":["Sucker Punch+1","Deadly Poison"],"picked":"Leg Sweep","floor":22},{"not_picked":["Poisoned Stab+1","Storm of Steel","Riddle With Holes"],"picked":"SKIP","floor":24},{"not_picked":["Quick Slash","Blade Dance+1","Slice"],"picked":"SKIP","floor":28},{"not_picked":["Sucker Punch","Underhanded Strike","Quick Slash+1"],"picked":"SKIP","floor":29},{"not_picked":["Heel Hook","PiercingWail"],"picked":"Backflip+1","floor":31},{"not_picked":["Doppelganger","Unload"],"picked":"After Image","floor":33},{"not_picked":["All Out Attack","Sucker Punch+1","Cloak And Dagger+1"],"picked":"SKIP","floor":35},{"not_picked":["Accuracy","Deadly Poison"],"picked":"Skewer+1","floor":36},{"not_picked":["Catalyst+1","Dodge and Roll+1","Cloak And Dagger"],"picked":"SKIP","floor":38},{"not_picked":["Flying Knee+1","Heel Hook+1"],"picked":"Escape Plan+1","floor":40},{"not_picked":["Dodge and Roll+1","Poisoned Stab"],"picked":"Calculated Gamble","floor":41},{"not_picked":["Dagger Spray+1","Dodge and Roll+1"],"picked":"Prepared+1","floor":45}],"player_experience":107314,"relics_obtained":[{"floor":9,"key":"Pen Nib"},{"floor":19,"key":"Red Mask"},{"floor":24,"key":"Dodecahedron"},{"floor":26,"key":"Tiny Chest"},{"floor":43,"key":"Kunai"}],"event_choices":[{"event_name":"Liars Game","player_choice":"disagreed","floor":2,"damage_taken":0},{"event_name":"Bonfire Elementals","player_choice":"BASIC","floor":3,"damage_taken":0},{"event_name":"World of Goop","player_choice":"Gather Gold","floor":5,"damage_taken":0},{"event_name":"Living Wall","player_choice":"Forget","floor":10,"damage_taken":0},{"event_name":"Masked Bandits","player_choice":"Fought Bandits","floor":19,"damage_taken":0},{"event_name":"FaceTrader","player_choice":"Trade","floor":27,"damage_taken":0},{"event_name":"Drug Dealer","player_choice":"Ignored","floor":30,"damage_taken":0},{"event_name":"Falling","player_choice":"Removed Attack","floor":37,"damage_taken":0},{"event_name":"Match and Keep!","player_choice":"2 cards matched","floor":44,"damage_taken":0}],"is_beta":false,"boss_relics":[{"not_picked":["Eternal Feather","White Beast Statue"],"picked":"Velvet Choker"},{"not_picked":["Tiny House","Empty Cage"],"picked":"Astrolabe"}],"items_purged_floors":[8,39,42],"is_endless":false,"potions_floor_spawned":[1,12,14,16,18,24,28,29,31,33,35],"killed_by":"Maw","ascension_level":1}