{"gold_per_floor":[115,95,20,95,95,95,120,132,144,185,211,235,270,317,329,341],"floor_reached":16,"playtime":350,"items_purged":["Strike_R"],"score":332,"play_id":"2ce14578-9190-4180-a300-26fdb0cc7fad","local_time":"20190522225221","is_ascension_mode":true,"campfire_choices":[{"data":"Bash","floor":6.0,"key":"SMITH"},{"data":"Pommel Strike","floor":8.0,"key":"SMITH"},{"data":"Thunderclap","floor":15.0,"key":"SMITH"}],"neow_cost":"NONE","seed_source_timestamp":0,"circlet_count":0,"master_deck":["AscendersBane","Strike_R","Strike_R","Strike_R","Strike_R","Defend_R","Defend_R","Defend_R","Defend_R","Bash+1","Carnage","Pommel Strike+1","Thunderclap+1","Pummel","Shrug It Off"],"special_seed":0,"relics":["Burning Blood","NeowsBlessing","Lantern","MawBank","Darkstone Periapt","Smiling Mask","Omamori","Juzu Bracelet"],"potions_floor_usage":[],"damage_taken":[{"damage":0.0,"enemies":"2 Louse","floor":1.0,"turns":1.0},{"damage":0.0,"enemies":"3 Sentries","floor":7.0,"turns":2.0},{"damage":0.0,"enemies":"Gremlin Nob","floor":10.0,"turns":1.0},{"damage":0.0,"enemies":"Cultist","floor":11.0,"turns":3.0},{"damage":0.0,"enemies":"Small Slimes","floor":12.0,"turns":2.0},{"damage":40.0,"enemies":"3 Sentries","floor":14.0,"turns":10.0},{"damage":4,"enemies":"The Guardian","floor":16,"turns":3}],"seed_played":"375111086261103470","potions_obtained":[{"floor":1.0,"key":"Weak Potion"},{"floor":2.0,"key":"Weak Potion"},{"floor":10.0,"key":"Strength Potion"}],"is_trial":false,"path_per_floor":["M","?","$","?","?","R","E","R","T","E","M","M","T","E","R","B"],"character_chosen":"IRONCLAD","items_purchased":[],"campfire_rested":0,"item_purchase_floors":[],"current_hp_per_floor":[74,74,74,63,52,52,58,58,58,64,70,75,75,41,41,37],"gold":341,"neow_bonus":"THREE_ENEMY_KILL","is_prod":false,"is_daily":false,"chose_seed":false,"campfire_upgraded":3,"win_rate":0,"timestamp":1558579941,"path_taken":["M","?","?","?","?","R","E","R","T","E","?","M","?","E","R","BOSS"],"build_version":"2019-01-23","purchased_purges":1,"victory":false,"max_hp_per_floor":[75,75,75,75,75,75,75,75,75,75,75,75,75,75,75,75],"card_choices":[{"not_picked":["Flame Barrier","Headbutt"],"picked":"Carnage","floor":1.0},{"not_picked":["Bludgeon","Iron Wave"],"picked":"Pommel Strike","floor":7.0},{"not_picked":["Hemokinesis","Cleave"],"picked":"Thunderclap","floor":10.0},{"not_picked":["Warcry","Headbutt"],"picked":"Pummel","floor":11.0},{"not_picked":["Havoc","Searing Blow","Flex"],"picked":"SKIP","floor":12.0},{"not_picked":["Sword Boomerang","Havoc"],"picked":"Shrug It Off","floor":14.0}],"player_experience":1413865,"relics_obtained":[{"floor":7.0,"key":"MawBank"},{"floor":9.0,"key":"Darkstone Periapt"},{"floor":10.0,"key":"Smiling Mask"},{"floor":13.0,"key":"Omamori"},{"floor":14.0,"key":"Juzu Bracelet"}],"event_choices":[{"damage_healed":0.0,"max_hp_gain":0.0,"max_hp_loss":0.0,"gold_gain":0.0,"event_name":"The Woman in Blue","player_choice":"Bought 1 Potion","floor":2.0,"gold_loss":0.0,"damage_taken":0.0},{"damage_healed":0.0,"max_hp_gain":0.0,"max_hp_loss":0.0,"gold_gain":75.0,"event_name":"World of Goop","player_choice":"Gather Gold","floor":4.0,"gold_loss":0.0,"damage_taken":11.0},{"damage_healed":0.0,"max_hp_gain":0.0,"max_hp_loss":0.0,"gold_gain":0.0,"event_name":"Scrap Ooze","player_choice":"Success","floor":5.0,"gold_loss":0.0,"damage_taken":11.0,"relics_obtained":["Lantern"]}],"is_beta":false,"boss_relics":[],"items_purged_floors":[3],"is_endless":false,"potions_floor_spawned":[1,10,11,14],"killed_by":"The Guardian","ascension_level":20}