{"gold_per_floor":[218,233,249,22,22,22,38,38,64,64],"floor_reached":10,"playtime":450,"items_purged":["Strike_G"],"score":64,"play_id":"f7b73de5-cf19-46d7-aca0-ce12364b41a1","local_time":"20190722030433","is_ascension_mode":true,"campfire_choices":[{"data":"Caltrops","floor":6,"key":"SMITH"}],"neow_cost":"NONE","seed_source_timestamp":7136310568300,"circlet_count":0,"master_deck":["Strike_G","Strike_G","Strike_G","Strike_G","Defend_G","Defend_G","Defend_G","Defend_G","Survivor","Neutralize","Caltrops+1","PiercingWail","Bane"],"relics":["Ring of the Snake","Blood Vial","Juzu Bracelet","Dream Catcher"],"potions_floor_usage":[7,7],"damage_taken":[{"damage":6,"enemies":"Small Slimes","floor":1,"turns":8},{"damage":0,"enemies":"2 Louse","floor":2,"turns":3},{"damage":2,"enemies":"Jaw Worm","floor":3,"turns":6},{"damage":20,"enemies":"Large Slime","floor":7,"turns":9},{"damage":27,"enemies":"3 Sentries","floor":10,"turns":10}],"seed_played":"-5926979930989127981","potions_obtained":[{"floor":1,"key":"Explosive Potion"},{"floor":3,"key":"Block Potion"}],"is_trial":false,"path_per_floor":["M","M","M","$","?","R","M","?","T","E"],"character_chosen":"THE_SILENT","items_purchased":["Blood Vial"],"campfire_rested":0,"item_purchase_floors":[4],"current_hp_per_floor":[64,64,62,62,50,50,32,25,25,0],"gold":64,"neow_bonus":"HUNDRED_GOLD","is_prod":false,"is_daily":false,"chose_seed":false,"campfire_upgraded":1,"win_rate":0,"timestamp":1563779073,"path_taken":["M","M","M","$","?","R","M","?","T","E"],"build_version":"2019-07-17","purchased_purges":1,"victory":false,"max_hp_per_floor":[70,70,70,70,70,70,70,70,70,70],"card_choices":[{"not_picked":["Masterful Stab","Expertise"],"picked":"Caltrops","floor":1},{"not_picked":["Backflip","Skewer"],"picked":"PiercingWail","floor":2},{"not_picked":["Acrobatics","Choke","Tactician"],"picked":"SKIP","floor":3},{"not_picked":["Prepared","Dash"],"picked":"Bane","floor":7}],"player_experience":285590,"relics_obtained":[{"floor":9,"key":"Dream Catcher"}],"event_choices":[{"damage_healed":0,"gold_gain":0,"player_choice":"Success","damage_taken":12,"relics_obtained":["Juzu Bracelet"],"max_hp_gain":0,"max_hp_loss":0,"event_name":"Scrap Ooze","floor":5,"gold_loss":0},{"cards_removed":["Defend_G"],"damage_healed":0,"gold_gain":0,"player_choice":"Card Removal","damage_taken":7,"max_hp_gain":0,"max_hp_loss":0,"event_name":"Golden Wing","floor":8,"gold_loss":0}],"is_beta":false,"boss_relics":[],"items_purged_floors":[4],"is_endless":false,"potions_floor_spawned":[1,3],"killed_by":"3 Sentries","ascension_level":2}