{"gold_per_floor":[209,209,226,151,170,170,200,216,240,240,273,273,330,346,346,448,448,462,486,505,523,536,536,235,266,336,336],"floor_reached":27,"playtime":1290,"items_purged":["Strike_R","Strike_R"],"score":291,"play_id":"fbd11dfc-1db7-488b-883f-c730bd28c8c0","local_time":"20180820214635","is_ascension_mode":true,"campfire_choices":[{"data":"Inflame","floor":6,"key":"SMITH"},{"floor":10,"key":"REST"},{"floor":12,"key":"REST"},{"floor":15,"key":"REST"},{"data":"Demon Form","floor":23,"key":"SMITH"}],"neow_cost":"NONE","seed_source_timestamp":411419322129371,"circlet_count":0,"master_deck":["Strike_R+1","Strike_R+1","Strike_R","Defend_R+1","Defend_R","Defend_R","Defend_R","Bash","Spot Weakness","Inflame+1","Whirlwind+1","Disarm","Sentinel","Spot Weakness","Body Slam","Demon Form+1","Heavy Blade+1","Flex","Havoc+1"],"relics":["Burning Blood","Vajra","Centennial Puzzle","Juzu Bracelet","Tiny Chest","Busted Crown","Regal Pillow","Whetstone","Pen Nib","Smiling Mask"],"potions_floor_usage":[],"damage_taken":[{"damage":5,"enemies":"Small Slimes","floor":1,"turns":4},{"damage":7,"enemies":"Jaw Worm","floor":3,"turns":3},{"damage":2,"enemies":"2 Louse","floor":5,"turns":3},{"damage":32,"enemies":"Gremlin Nob","floor":7,"turns":4},{"damage":16,"enemies":"Exordium Thugs","floor":8,"turns":5},{"damage":20,"enemies":"Lagavulin","floor":11,"turns":9},{"damage":39,"enemies":"3 Sentries","floor":13,"turns":6},{"damage":6,"enemies":"Looter","floor":14,"turns":3},{"damage":36,"enemies":"Hexaghost","floor":16,"turns":11},{"damage":9,"enemies":"Chosen","floor":18,"turns":5},{"damage":13,"enemies":"2 Thieves","floor":20,"turns":3},{"damage":25,"enemies":"Shelled Parasite and Fungi","floor":21,"turns":4},{"damage":11,"enemies":"3 Cultists","floor":22,"turns":3},{"damage":27,"enemies":"Gremlin Leader","floor":25,"turns":4},{"damage":52,"enemies":"Slavers","floor":27,"turns":3}],"seed_played":"1572707860744683019","potions_obtained":[{"floor":1,"key":"Explosive Potion"},{"floor":7,"key":"Swift Potion"},{"floor":8,"key":"FairyPotion"},{"floor":16,"key":"FairyPotion"}],"is_trial":false,"path_per_floor":["M","?","M","$","M","R","E","M","T","R","E","R","E","M","R","B",null,"M","T","M","M","M","R","$","E","T"],"character_chosen":"IRONCLAD","items_purchased":["Flex","Whetstone"],"campfire_rested":3,"item_purchase_floors":[24,24],"current_hp_per_floor":[80,64,63,63,67,67,41,31,31,55,41,65,32,32,56,26,80,77,77,70,51,46,46,46,25,25,0],"gold":336,"neow_bonus":"HUNDRED_GOLD","is_prod":false,"is_daily":false,"chose_seed":false,"campfire_upgraded":2,"win_rate":0,"timestamp":1534815995,"path_taken":["M","?","M","$","M","R","E","M","T","R","E","R","E","M","R","BOSS","M","?","M","M","M","R","$","E","T","E"],"build_version":"2018-08-16","purchased_purges":2,"victory":false,"max_hp_per_floor":[80,80,80,80,80,80,80,80,80,80,80,80,80,80,80,80,80,80,80,80,80,80,80,80,80,80,80],"card_choices":[{"not_picked":["Headbutt","Wild Strike"],"picked":"Spot Weakness","floor":1},{"not_picked":["Sword Boomerang","Seeing Red"],"picked":"Inflame","floor":3},{"not_picked":["Hemokinesis","Thunderclap","Carnage"],"picked":"SKIP","floor":5},{"not_picked":["Clash","Sword Boomerang"],"picked":"Whirlwind","floor":7},{"not_picked":["Dual Wield","Sword Boomerang"],"picked":"Disarm","floor":8},{"not_picked":["Power Through","Feed"],"picked":"Sentinel","floor":11},{"not_picked":["Headbutt","Sword Boomerang"],"picked":"Spot Weakness","floor":13},{"not_picked":["Perfected Strike","Rage"],"picked":"Body Slam","floor":14},{"not_picked":["Berserk","Dark Embrace"],"picked":"Demon Form","floor":16},{"not_picked":[],"picked":"Heavy Blade+1","floor":18},{"not_picked":["Anger"],"picked":"SKIP","floor":20},{"not_picked":["Clothesline+1"],"picked":"SKIP","floor":21},{"not_picked":["Clash"],"picked":"SKIP","floor":22},{"not_picked":[],"picked":"Havoc+1","floor":25}],"player_experience":96801,"relics_obtained":[{"floor":7,"key":"Vajra"},{"floor":9,"key":"Centennial Puzzle"},{"floor":11,"key":"Juzu Bracelet"},{"floor":13,"key":"Tiny Chest"},{"floor":19,"key":"Regal Pillow"},{"floor":25,"key":"Pen Nib"},{"floor":26,"key":"Smiling Mask"}],"event_choices":[{"event_name":"Shining Light","player_choice":"Entered Light","floor":2,"damage_taken":0}],"is_beta":false,"boss_relics":[{"not_picked":["White Beast Statue","Velvet Choker"],"picked":"Busted Crown"}],"items_purged_floors":[4,24],"is_endless":false,"potions_floor_spawned":[1,7,8,13,14,16,20,21],"killed_by":"Slavers","ascension_level":3}