{"gold_per_floor":[115,115,115,132,142,142,175,100,151,165,183,183,83,101,101,205,205,220,220,220,235,150,166,166],"floor_reached":24,"playtime":681,"items_purged":["Defend_R","Defend_R"],"score":198,"play_id":"f8379fe2-b22a-48c4-a066-3de9204ef66c","local_time":"20190714104936","is_ascension_mode":false,"campfire_choices":[{"data":"Pommel Strike","floor":6,"key":"SMITH"},{"floor":15,"key":"REST"}],"neow_cost":"NONE","seed_source_timestamp":680981096258,"circlet_count":0,"master_deck":["Strike_R","Strike_R","Strike_R","Defend_R","Defend_R","Bash","Pommel Strike+1","Whirlwind","Spot Weakness","Cleave","Limit Break","Metallicize","Cleave+1"],"relics":["Burning Blood","Bag of Preparation","Art of War","Sozu","Paper Frog"],"potions_floor_usage":[16],"damage_taken":[{"damage":1,"enemies":"Cultist","floor":1,"turns":3},{"damage":3,"enemies":"2 Louse","floor":4,"turns":3},{"damage":11,"enemies":"Jaw Worm","floor":5,"turns":5},{"damage":15,"enemies":"Gremlin Nob","floor":7,"turns":4},{"damage":12,"enemies":"3 Louse","floor":10,"turns":2},{"damage":5,"enemies":"Looter","floor":11,"turns":4},{"damage":13,"enemies":"Exordium Wildlife","floor":14,"turns":3},{"damage":61,"enemies":"Slime Boss","floor":16,"turns":9},{"damage":6,"enemies":"3 Byrds","floor":18,"turns":3},{"damage":24,"enemies":"2 Thieves","floor":21,"turns":3},{"damage":20,"enemies":"Centurion and Healer","floor":23,"turns":4},{"damage":44,"enemies":"Gremlin Leader","floor":24,"turns":5}],"seed_played":"-3220156658845094974","potions_obtained":[{"floor":0,"key":"Explosive Potion"},{"floor":0,"key":"LiquidBronze"},{"floor":0,"key":"FairyPotion"},{"floor":1,"key":"SpeedPotion"}],"is_trial":false,"path_per_floor":["M","?","?","M","M","R","E","$","T","M","M","T","$","M","R","B",null,"M","?","?","M","?","M","E"],"character_chosen":"IRONCLAD","items_purchased":[],"campfire_rested":1,"item_purchase_floors":[],"current_hp_per_floor":[80,73,73,76,71,71,62,62,62,56,57,57,57,50,74,19,80,80,80,65,47,47,33,0],"gold":166,"neow_bonus":"THREE_SMALL_POTIONS","is_prod":false,"is_daily":false,"chose_seed":false,"campfire_upgraded":1,"win_rate":0,"timestamp":1563115776,"path_taken":["M","?","?","?","M","R","E","$","T","M","M","?","$","M","R","BOSS","M","?","?","M","?","?","E"],"build_version":"2019-07-05","purchased_purges":2,"victory":false,"max_hp_per_floor":[80,80,80,80,80,80,80,80,80,80,80,80,80,80,80,80,80,80,80,85,85,85,85,85],"card_choices":[{"not_picked":["Armaments","Body Slam","Sentinel"],"picked":"SKIP","floor":1},{"not_picked":["Sever Soul","Infernal Blade"],"picked":"Pommel Strike","floor":4},{"not_picked":["Disarm","Headbutt","Flame Barrier"],"picked":"SKIP","floor":5},{"not_picked":["Headbutt","Barricade"],"picked":"Whirlwind","floor":7},{"not_picked":["Perfected Strike","Twin Strike","Iron Wave"],"picked":"SKIP","floor":10},{"not_picked":["Iron Wave","Intimidate"],"picked":"Spot Weakness","floor":11},{"not_picked":["Sword Boomerang","Clothesline"],"picked":"Cleave","floor":14},{"not_picked":["Immolate","Juggernaut"],"picked":"Limit Break","floor":16},{"not_picked":["Body Slam+1","Power Through"],"picked":"Metallicize","floor":18},{"not_picked":["Iron Wave","Headbutt"],"picked":"Cleave+1","floor":21},{"not_picked":["Sentinel","Armaments","Sever Soul"],"picked":"SKIP","floor":23}],"player_experience":127719,"relics_obtained":[{"floor":7,"key":"Bag of Preparation"},{"floor":12,"key":"Art of War"}],"event_choices":[{"cards_removed":["Strike_R"],"damage_healed":0,"gold_gain":0,"player_choice":"Card Removal","damage_taken":7,"max_hp_gain":0,"max_hp_loss":0,"event_name":"Golden Wing","floor":2,"gold_loss":0},{"damage_healed":0,"gold_gain":0,"player_choice":"Ignored","damage_taken":0,"max_hp_gain":0,"max_hp_loss":0,"event_name":"NoteForYourself","floor":3,"gold_loss":0},{"cards_removed":["Strike_R"],"damage_healed":0,"gold_gain":0,"player_choice":"Elegance","damage_taken":0,"max_hp_gain":0,"max_hp_loss":0,"event_name":"Back to Basics","floor":19,"gold_loss":0},{"damage_healed":0,"gold_gain":0,"player_choice":"Shed Blood","damage_taken":20,"max_hp_gain":5,"max_hp_loss":0,"event_name":"Forgotten Altar","floor":20,"gold_loss":0},{"damage_healed":0,"gold_gain":0,"player_choice":"Obtained Relic","damage_taken":0,"relics_obtained":["Paper Frog"],"max_hp_gain":0,"max_hp_loss":0,"event_name":"Addict","floor":22,"gold_loss":85}],"is_beta":false,"boss_relics":[{"not_picked":["Runic Cube","Mark of Pain"],"picked":"Sozu"}],"items_purged_floors":[8,13],"is_endless":false,"potions_floor_spawned":[1,5,7,18,21],"killed_by":"Gremlin Leader","ascension_level":0}