{"gold_per_floor":[114,114,134,144,144,174,20,35,35,35,117,117,131,148,148,249,249,261,69,82,97,112,112,37,37,62,62,62,62,78,91,91,187,187,206,206,206,218,270,270,290,41,41,17,17],"floor_reached":45,"playtime":1984,"items_purged":["Strike_R"],"score":415,"play_id":"bf0b01b5-04b9-49cb-8cae-151a2b2e5ca4","local_time":"20190716023940","is_ascension_mode":false,"campfire_choices":[{"floor":10,"key":"DIG"},{"floor":12,"key":"DIG"},{"floor":15,"key":"DIG"},{"floor":23,"key":"DIG"},{"floor":25,"key":"DIG"},{"floor":29,"key":"DIG"},{"floor":32,"key":"DIG"},{"floor":40,"key":"REST"}],"neow_cost":"NONE","seed_source_timestamp":67240905068842,"circlet_count":0,"master_deck":["Strike_R","Strike_R","Defend_R","Defend_R","Defend_R","Defend_R+1","Bash+1","Infernal Blade","Anger","Heavy Blade","Pommel Strike","Pommel Strike","Barricade","Feel No Pain+1","Shrug It Off","Discovery","Thunderclap","Metallicize","Inflame","Shame","Blood for Blood+1","True Grit","Juggernaut","Heavy Blade+1","Secret Technique","Panache","Madness","Madness","Rampage+1","Fire Breathing+1","Body Slam+1","Perfected Strike+1","Flex"],"relics":["Burning Blood","Shovel","Orichalcum","Self Forming Clay","Meat on the Bone","Tiny Chest","Letter Opener","Regal Pillow","Velvet Choker","Vajra","Juzu Bracelet","Potion Belt","Mummified Hand","Lantern","Sundial","Mark of Pain","Prayer Wheel","Pantograph","Smiling Mask"],"potions_floor_usage":[33,33,39,39,45],"damage_taken":[{"damage":0,"enemies":"2 Louse","floor":1,"turns":2},{"damage":10,"enemies":"Jaw Worm","floor":3,"turns":4},{"damage":5,"enemies":"Small Slimes","floor":4,"turns":3},{"damage":5,"enemies":"3 Sentries","floor":6,"turns":4},{"damage":8,"enemies":"3 Louse","floor":8,"turns":3},{"damage":10,"enemies":"Large Slime","floor":13,"turns":5},{"damage":13,"enemies":"Gremlin Gang","floor":14,"turns":3},{"damage":39,"enemies":"The Guardian","floor":16,"turns":9},{"damage":12,"enemies":"3 Byrds","floor":18,"turns":6},{"damage":3,"enemies":"Shell Parasite","floor":20,"turns":5},{"damage":13,"enemies":"Shelled Parasite and Fungi","floor":21,"turns":6},{"damage":18,"enemies":"Sentry and Sphere","floor":22,"turns":6},{"damage":15,"enemies":"Centurion and Healer","floor":30,"turns":4},{"damage":16,"enemies":"Shelled Parasite and Fungi","floor":31,"turns":5},{"damage":32,"enemies":"Collector","floor":33,"turns":8},{"damage":23,"enemies":"3 Darklings","floor":35,"turns":7},{"damage":6,"enemies":"3 Shapes","floor":38,"turns":3},{"damage":45,"enemies":"2 Orb Walkers","floor":39,"turns":4},{"damage":42,"enemies":"Sphere and 2 Shapes","floor":41,"turns":6},{"damage":54,"enemies":"Spire Growth","floor":45,"turns":4}],"seed_played":"-8885628268360992855","potions_obtained":[{"floor":1,"key":"BloodPotion"},{"floor":6,"key":"Dexterity Potion"},{"floor":8,"key":"Fire Potion"},{"floor":33,"key":"Poison Potion"},{"floor":38,"key":"Weak Potion"},{"floor":39,"key":"Ancient Potion"}],"is_trial":false,"path_per_floor":["M","?","M","M","?","E","$","M","T","R","T","R","M","M","R","B",null,"M","$","M","M","M","R","?","R","T","?","$","R","M","M","R","B",null,"M","?","?","M","?","R","M","$","T","$","M"],"character_chosen":"IRONCLAD","items_purchased":["Orichalcum","Shrug It Off","Discovery","Pantograph","Flex"],"campfire_rested":1,"item_purchase_floors":[7,19,19,42,44],"current_hp_per_floor":[88,81,77,78,60,61,61,59,59,59,59,59,55,60,60,39,88,82,82,85,78,66,66,66,66,66,66,66,66,57,59,59,55,88,71,66,55,55,28,69,45,45,45,45,0],"gold":17,"neow_bonus":"TEN_PERCENT_HP_BONUS","is_prod":false,"is_daily":false,"chose_seed":false,"campfire_upgraded":0,"win_rate":0.0,"timestamp":1563259180,"path_taken":["M","?","M","M","?","E","$","M","T","R","?","R","M","M","R","BOSS","M","$","M","M","M","R","?","R","T","?","?","R","M","M","R","BOSS","M","?","?","M","?","R","M","$","T","$","M"],"build_version":"2019-07-05","purchased_purges":1,"victory":false,"max_hp_per_floor":[88,88,88,88,88,88,88,88,88,88,88,88,88,88,88,88,88,88,88,88,88,88,88,88,88,88,88,88,88,88,88,88,88,88,88,88,88,88,88,88,88,88,88,88,88],"card_choices":[{"not_picked":["Headbutt","Perfected Strike"],"picked":"Infernal Blade","floor":1},{"not_picked":["Pummel","Perfected Strike"],"picked":"Anger","floor":3},{"not_picked":["Power Through","Twin Strike"],"picked":"Heavy Blade","floor":4},{"not_picked":["Clothesline","Rage"],"picked":"Pommel Strike","floor":6},{"not_picked":["Burning Pact","Sever Soul"],"picked":"Pommel Strike","floor":8},{"not_picked":["Twin Strike","Havoc","Power Through"],"picked":"SKIP","floor":13},{"not_picked":["Pommel Strike","Wild Strike","Perfected Strike"],"picked":"SKIP","floor":14},{"not_picked":["Offering","Bludgeon"],"picked":"Barricade","floor":16},{"not_picked":["Flex+1","Sword Boomerang"],"picked":"Feel No Pain+1","floor":18},{"not_picked":["Sword Boomerang","Rampage+1"],"picked":"Thunderclap","floor":20},{"not_picked":["Bloodletting","Pummel"],"picked":"Metallicize","floor":21},{"not_picked":["True Grit","Rampage"],"picked":"Inflame","floor":22},{"not_picked":["Warcry","Combust+1"],"picked":"Blood for Blood+1","floor":30},{"not_picked":["Second Wind","Cleave"],"picked":"True Grit","floor":31},{"not_picked":["Fiend Fire","Dark Embrace"],"picked":"Juggernaut","floor":33},{"not_picked":["Clash+1","Havoc"],"picked":"Heavy Blade+1","floor":35},{"not_picked":["Mind Blast","Impatience"],"picked":"Secret Technique","floor":36},{"not_picked":["Forethought","PanicButton"],"picked":"Panache","floor":36},{"not_picked":["Wild Strike","Iron Wave"],"picked":"Rampage+1","floor":38},{"not_picked":["Bloodletting+1","Thunderclap+1"],"picked":"Fire Breathing+1","floor":39},{"not_picked":["Warcry","Clothesline"],"picked":"Body Slam+1","floor":41},{"not_picked":["Sentinel+1","Wild Strike+1"],"picked":"Perfected Strike+1","floor":41}],"player_experience":77094,"relics_obtained":[{"floor":6,"key":"Shovel"},{"floor":9,"key":"Self Forming Clay"},{"floor":10,"key":"Meat on the Bone"},{"floor":11,"key":"Tiny Chest"},{"floor":12,"key":"Letter Opener"},{"floor":15,"key":"Regal Pillow"},{"floor":23,"key":"Vajra"},{"floor":25,"key":"Juzu Bracelet"},{"floor":26,"key":"Potion Belt"},{"floor":29,"key":"Lantern"},{"floor":32,"key":"Sundial"},{"floor":39,"key":"Prayer Wheel"},{"floor":43,"key":"Smiling Mask"}],"event_choices":[{"cards_removed":["Strike_R"],"damage_healed":0,"gold_gain":0,"player_choice":"Card Removal","damage_taken":7,"max_hp_gain":0,"max_hp_loss":0,"event_name":"Golden Wing","floor":2,"gold_loss":0},{"damage_healed":0,"gold_gain":0,"player_choice":"Entered Light","damage_taken":18,"max_hp_gain":0,"max_hp_loss":0,"event_name":"Shining Light","floor":5,"gold_loss":0,"cards_upgraded":["Defend_R","Bash"]},{"cards_removed":["Strike_R"],"damage_healed":0,"gold_gain":0,"player_choice":"Gave Gold","damage_taken":0,"max_hp_gain":0,"max_hp_loss":0,"event_name":"Beggar","floor":24,"gold_loss":75},{"damage_healed":0,"gold_gain":0,"player_choice":"Stole Relic","damage_taken":0,"relics_obtained":["Mummified Hand"],"max_hp_gain":0,"max_hp_loss":0,"event_name":"Addict","floor":27,"gold_loss":0,"cards_obtained":["Shame"]},{"damage_healed":0,"gold_gain":0,"player_choice":"Memory 2","damage_taken":5,"max_hp_gain":0,"max_hp_loss":0,"event_name":"SensoryStone","floor":36,"gold_loss":0},{"damage_healed":0,"gold_gain":0,"player_choice":"Embrace Madness","damage_taken":11,"max_hp_gain":0,"max_hp_loss":0,"event_name":"Winding Halls","floor":37,"gold_loss":0,"cards_obtained":["Madness","Madness"]},{"damage_healed":0,"gold_gain":0,"player_choice":"Fight","damage_taken":0,"max_hp_gain":0,"max_hp_loss":0,"event_name":"Mysterious Sphere","floor":39,"gold_loss":0}],"is_beta":false,"boss_relics":[{"not_picked":["Runic Cube","Snecko Eye"],"picked":"Velvet Choker"},{"not_picked":["White Beast Statue","Eternal Feather"],"picked":"Mark of Pain"}],"items_purged_floors":[19],"is_endless":false,"potions_floor_spawned":[1,6,8,16,18,33,38,39],"killed_by":"Spire Growth","ascension_level":0}