{"gold_per_floor":[114,129,129,140,153,179,179,205,205,222,222,248,265,276,276,371,371,381,394,407,407,407,407,407],"floor_reached":24,"playtime":2033,"items_purged":[],"score":220,"play_id":"ac554444-dda7-4125-9ab6-224ada95fcf3","local_time":"20190715172000","is_ascension_mode":false,"campfire_choices":[{"data":"Combust","floor":7,"key":"SMITH"},{"floor":15,"key":"REST"},{"data":"Armaments","floor":23,"key":"SMITH"}],"neow_cost":"NONE","seed_source_timestamp":34544685735326,"circlet_count":0,"master_deck":["Strike_R+1","Strike_R+1","Strike_R+1","Strike_R+1","Defend_R+1","Defend_R+1","Defend_R+1","Defend_R+1","Bash","Pommel Strike","Combust+1","Thunderclap","Limit Break","Clothesline","Armaments+1","Disarm","Limit Break","Headbutt+1","Rampage","RitualDagger"],"relics":["Black Blood","Omamori","Mummified Hand","Meat on the Bone","Kunai","Dodecahedron"],"potions_floor_usage":[6,12,16,16,20],"damage_taken":[{"damage":1,"enemies":"Jaw Worm","floor":1,"turns":5},{"damage":0,"enemies":"2 Louse","floor":2,"turns":3},{"damage":0,"enemies":"Small Slimes","floor":4,"turns":3},{"damage":4,"enemies":"Exordium Wildlife","floor":5,"turns":3},{"damage":30,"enemies":"3 Sentries","floor":6,"turns":7},{"damage":16,"enemies":"Gremlin Nob","floor":8,"turns":4},{"damage":14,"enemies":"2 Fungi Beasts","floor":10,"turns":3},{"damage":27,"enemies":"Lagavulin","floor":12,"turns":5},{"damage":10,"enemies":"Large Slime","floor":13,"turns":4},{"damage":14,"enemies":"Exordium Thugs","floor":14,"turns":5},{"damage":31,"enemies":"The Guardian","floor":16,"turns":14},{"damage":29,"enemies":"Shell Parasite","floor":18,"turns":9},{"damage":26,"enemies":"3 Byrds","floor":19,"turns":6},{"damage":22,"enemies":"Snake Plant","floor":20,"turns":5},{"damage":51,"enemies":"Gremlin Leader","floor":24,"turns":7}],"seed_played":"8319919098030427755","potions_obtained":[{"floor":2,"key":"Swift Potion"},{"floor":10,"key":"Dexterity Potion"},{"floor":13,"key":"FearPotion"},{"floor":14,"key":"Ancient Potion"},{"floor":19,"key":"EssenceOfSteel"}],"is_trial":false,"path_per_floor":["M","M","?","M","M","E","R","E","T","M","?","E","M","M","R","B",null,"M","M","M","?","?","R","E"],"character_chosen":"IRONCLAD","items_purchased":[],"campfire_rested":1,"item_purchase_floors":[],"current_hp_per_floor":[80,80,73,79,80,56,56,46,46,50,70,49,57,49,73,48,80,61,57,57,51,51,51,0],"gold":407,"neow_bonus":"RANDOM_COMMON_RELIC","is_prod":false,"is_daily":false,"chose_seed":false,"campfire_upgraded":2,"win_rate":0.0,"timestamp":1563225600,"path_taken":["M","M","?","M","M","E","R","E","T","M","?","E","M","M","R","BOSS","M","M","M","?","?","R","E"],"build_version":"2019-07-05","purchased_purges":0,"victory":false,"max_hp_per_floor":[80,80,80,80,80,80,80,80,80,80,80,80,80,80,80,80,80,80,80,80,80,80,80,80],"card_choices":[{"not_picked":["Body Slam","Twin Strike"],"picked":"Pommel Strike","floor":1},{"not_picked":["Clothesline","Seeing Red"],"picked":"Combust","floor":2},{"not_picked":["Warcry","Pommel Strike","Second Wind"],"picked":"SKIP","floor":4},{"not_picked":["Body Slam","Perfected Strike","Pommel Strike"],"picked":"SKIP","floor":5},{"not_picked":["Fiend Fire","Carnage"],"picked":"Thunderclap","floor":6},{"not_picked":["Thunderclap","Anger"],"picked":"Limit Break","floor":8},{"not_picked":["Hemokinesis","Evolve","Wild Strike"],"picked":"SKIP","floor":10},{"not_picked":["Burning Pact","Twin Strike"],"picked":"Clothesline","floor":12},{"not_picked":["Evolve","Cleave"],"picked":"Armaments","floor":13},{"not_picked":["Fire Breathing","Offering"],"picked":"Disarm","floor":14},{"not_picked":["Dark Embrace","Offering"],"picked":"Limit Break","floor":16},{"not_picked":["Rupture","Clothesline"],"picked":"Headbutt+1","floor":18},{"not_picked":["Twin Strike+1","Perfected Strike"],"picked":"Rampage","floor":19},{"not_picked":["Second Wind","Twin Strike","Pommel Strike"],"picked":"SKIP","floor":20}],"player_experience":56860,"relics_obtained":[{"floor":6,"key":"Mummified Hand"},{"floor":8,"key":"Meat on the Bone"},{"floor":9,"key":"Kunai"},{"floor":12,"key":"Dodecahedron"}],"event_choices":[{"cards_removed":["Strike_R"],"damage_healed":0,"gold_gain":0,"player_choice":"Card Removal","damage_taken":7,"max_hp_gain":0,"max_hp_loss":0,"event_name":"Golden Wing","floor":3,"gold_loss":0},{"damage_healed":20,"gold_gain":0,"player_choice":"Healed and dodged fight","damage_taken":0,"max_hp_gain":0,"max_hp_loss":0,"event_name":"Mushrooms","floor":11,"gold_loss":0,"cards_obtained":["Parasite"]},{"damage_healed":0,"gold_gain":0,"player_choice":"Joined the Cult","damage_taken":6,"max_hp_gain":0,"max_hp_loss":0,"event_name":"Nest","floor":21,"gold_loss":0,"cards_obtained":["RitualDagger"]},{"damage_healed":0,"gold_gain":0,"player_choice":"Simplicity","damage_taken":0,"max_hp_gain":0,"max_hp_loss":0,"event_name":"Back to Basics","floor":22,"gold_loss":0,"cards_upgraded":["Strike_R","Strike_R","Strike_R","Strike_R","Defend_R","Defend_R","Defend_R","Defend_R"]}],"is_beta":false,"boss_relics":[{"not_picked":["Busted Crown","Calling Bell"],"picked":"Black Blood"}],"items_purged_floors":[],"is_endless":false,"potions_floor_spawned":[2,10,13,14,19],"killed_by":"Gremlin Leader","ascension_level":0}