{"gold_per_floor":[117,128,128,128,138,138,173,173,173,173,187,61,61,76,76,171,171,187,187,187,198,209,209,109,122,122,122,142,162,162,192,192,291,291,306,306,320,5,24,24,43,53,53,68,68,68,68,95,95,95],"floor_reached":51,"playtime":3868,"items_purged":["Strike_R","Strike_R","Strike_R"],"score":1198,"play_id":"8bcd36cc-33ba-470e-91c4-7ca0df328e42","local_time":"20180915001034","is_ascension_mode":true,"campfire_choices":[{"data":"Disarm","floor":6,"key":"SMITH"},{"data":"Clothesline","floor":8,"key":"SMITH"},{"data":"Pommel Strike","floor":10,"key":"SMITH"},{"floor":15,"key":"REST"},{"data":"Armaments","floor":23,"key":"SMITH"},{"data":"True Grit","floor":27,"key":"SMITH"},{"floor":30,"key":"REST"},{"data":"Inflame","floor":32,"key":"SMITH"},{"data":"Demon Form","floor":40,"key":"SMITH"},{"data":"Shockwave","floor":45,"key":"SMITH"},{"floor":47,"key":"REST"},{"floor":49,"key":"REST"}],"neow_cost":"NONE","seed_source_timestamp":165466579672358,"circlet_count":0,"master_deck":["Defend_R","Defend_R","Defend_R","Defend_R+1","Bash","AscendersBane","Pommel Strike+1","Shrug It Off+1","Disarm+1","Clothesline+1","True Grit+1","Armaments+1","Juggernaut","Shockwave+1","Whirlwind","Inflame+1","Carnage","Flame Barrier+1","Demon Form+1","True Grit+1","Disarm+1","Shrug It Off+1","Fiend Fire","Armaments+1","Disarm+1","Feel No Pain"],"relics":["Burning Blood","Bag of Marbles","Mercury Hourglass","Dream Catcher","Snecko Eye","Nilry\u0027s Codex","Toxic Egg 2","Sundial","Cursed Key","Centennial Puzzle","Turnip"],"potions_floor_usage":[7,16,33,33,50,50],"damage_taken":[{"damage":1,"enemies":"Small Slimes","floor":1,"turns":4},{"damage":1,"enemies":"Cultist","floor":2,"turns":3},{"damage":0,"enemies":"2 Louse","floor":5,"turns":2},{"damage":37,"enemies":"Lagavulin","floor":7,"turns":11},{"damage":7,"enemies":"2 Fungi Beasts","floor":11,"turns":3},{"damage":1,"enemies":"Looter","floor":14,"turns":3},{"damage":25,"enemies":"The Guardian","floor":16,"turns":16},{"damage":15,"enemies":"2 Thieves","floor":18,"turns":4},{"damage":19,"enemies":"Chosen","floor":21,"turns":6},{"damage":11,"enemies":"3 Cultists","floor":22,"turns":4},{"damage":0,"enemies":"Chosen and Byrds","floor":25,"turns":6},{"damage":7,"enemies":"Centurion and Healer","floor":28,"turns":5},{"damage":4,"enemies":"3 Cultists","floor":29,"turns":5},{"damage":0,"enemies":"Gremlin Leader","floor":31,"turns":9},{"damage":44,"enemies":"Automaton","floor":33,"turns":13},{"damage":21,"enemies":"3 Darklings","floor":35,"turns":4},{"damage":14,"enemies":"Orb Walker","floor":37,"turns":4},{"damage":17,"enemies":"Transient","floor":39,"turns":5},{"damage":0,"enemies":"4 Shapes","floor":41,"turns":3},{"damage":23,"enemies":"Reptomancer","floor":42,"turns":6},{"damage":8,"enemies":"Maw","floor":44,"turns":4},{"damage":23,"enemies":"2 Orb Walkers","floor":48,"turns":5},{"damage":0,"enemies":"Time Eater","floor":50,"turns":8}],"seed_played":"-8345788039705101642","potions_obtained":[{"floor":1,"key":"PowerPotion"},{"floor":3,"key":"Regen Potion"},{"floor":7,"key":"Weak Potion"},{"floor":21,"key":"EssenceOfSteel"},{"floor":22,"key":"Energy Potion"},{"floor":29,"key":"Dexterity Potion"},{"floor":35,"key":"EssenceOfSteel"},{"floor":37,"key":"EntropicBrew"},{"floor":39,"key":"SkillPotion"}],"is_trial":false,"path_per_floor":["M","M","?","?","M","R","E","R","T","R","M","$","?","M","R","B",null,"M","?","?","M","M","R","$","M","T","R","M","M","R","E","R","B",null,"M","?","M","$","M","R","M","M","T","M","R","?","R","E","R","B"],"character_chosen":"IRONCLAD","items_purchased":["True Grit","Shrug It Off+1","Centennial Puzzle"],"campfire_rested":4,"item_purchase_floors":[12,38,38],"current_hp_per_floor":[77,80,80,80,80,80,49,49,49,49,48,48,32,37,61,42,71,62,62,46,33,36,36,36,46,46,46,45,47,71,77,77,54,74,80,80,72,72,61,61,67,50,50,48,48,48,72,55,79,80],"gold":95,"neow_bonus":"RANDOM_COMMON_RELIC","is_prod":false,"is_daily":false,"chose_seed":false,"campfire_upgraded":8,"win_rate":0,"timestamp":1536984634,"path_taken":["M","M","?","?","M","R","E","R","T","R","M","$","?","?","R","BOSS","M","?","?","M","M","R","$","M","T","R","?","M","R","E","R","BOSS","M","?","M","$","M","R","M","M","T","M","R","?","R","E","R","BOSS"],"build_version":"2018-09-06","purchased_purges":3,"victory":true,"max_hp_per_floor":[80,80,80,80,80,80,80,80,80,80,80,80,80,80,80,80,80,80,80,80,80,80,80,80,80,80,80,80,80,80,80,80,80,80,80,80,80,80,80,80,80,80,80,80,80,80,80,80,80,80],"card_choices":[{"not_picked":["Shockwave","Rampage"],"picked":"Pommel Strike","floor":1},{"not_picked":["Sever Soul","Carnage"],"picked":"Shrug It Off","floor":2},{"not_picked":["Shrug It Off","Intimidate"],"picked":"Disarm","floor":5},{"not_picked":["Dropkick","Heavy Blade"],"picked":"Clothesline","floor":7},{"not_picked":["Combust","Flex","Burning Pact"],"picked":"SKIP","floor":11},{"not_picked":["Rage","Disarm"],"picked":"Armaments","floor":14},{"not_picked":["Brutality","Limit Break"],"picked":"Juggernaut","floor":16},{"not_picked":["Twin Strike","Cleave"],"picked":"Shockwave","floor":18},{"not_picked":["True Grit","Perfected Strike"],"picked":"Whirlwind","floor":21},{"not_picked":["Thunderclap","Havoc","Clash"],"picked":"SKIP","floor":22},{"not_picked":["True Grit","Wild Strike"],"picked":"Inflame","floor":25},{"not_picked":["Uppercut","Flex+1","Armaments+1"],"picked":"SKIP","floor":28},{"not_picked":["Seeing Red+1","Anger+1"],"picked":"Carnage","floor":29},{"not_picked":["Rampage","Heavy Blade+1"],"picked":"Flame Barrier+1","floor":31},{"not_picked":["Feed","Fiend Fire"],"picked":"Demon Form","floor":33},{"not_picked":["Intimidate+1","Cleave"],"picked":"True Grit+1","floor":35},{"not_picked":["Twin Strike+1","Perfected Strike+1","Reckless Charge"],"picked":"SKIP","floor":37},{"not_picked":["Armaments+1","Wild Strike","Warcry+1"],"picked":"SKIP","floor":39},{"not_picked":["Infernal Blade+1","Twin Strike","Clothesline+1"],"picked":"SKIP","floor":41},{"not_picked":["Armaments+1","Flex+1"],"picked":"Fiend Fire","floor":42},{"not_picked":["Anger","Entrench+1"],"picked":"Armaments+1","floor":44},{"not_picked":["Twin Strike","Clash"],"picked":"Disarm+1","floor":47},{"not_picked":["Flex+1","Twin Strike","Fiend Fire"],"picked":"SKIP","floor":48},{"not_picked":["Flex+1","Rage+1"],"picked":"Feel No Pain","floor":49}],"player_experience":369076,"relics_obtained":[{"floor":7,"key":"Mercury Hourglass"},{"floor":9,"key":"Dream Catcher"},{"floor":20,"key":"Nilry\u0027s Codex"},{"floor":26,"key":"Toxic Egg 2"},{"floor":31,"key":"Sundial"},{"floor":48,"key":"Turnip"}],"event_choices":[{"event_name":"The Lab","player_choice":"Got Potions","floor":3,"damage_taken":0},{"event_name":"Liars Game","player_choice":"disagreed","floor":4,"damage_taken":0},{"event_name":"Shining Light","player_choice":"Entered Light","floor":13,"damage_taken":0},{"event_name":"Back to Basics","player_choice":"Elegance","floor":19,"damage_taken":0},{"event_name":"Cursed Tome","player_choice":"Obtained Book","floor":20,"damage_taken":0},{"event_name":"Duplicator","player_choice":"One dupe","floor":36,"damage_taken":0},{"event_name":"Purifier","player_choice":"One Purge","floor":46,"damage_taken":0}],"is_beta":false,"boss_relics":[{"not_picked":["Fusion Hammer","Runic Cube"],"picked":"Snecko Eye"},{"not_picked":["Black Blood","Black Star"],"picked":"Cursed Key"}],"items_purged_floors":[12,24,38],"is_endless":false,"potions_floor_spawned":[1,7,11,21,22,25,29,35,37,39],"ascension_level":12}