{"gold_per_floor":[114,264,23,23,37,37,72,85,85,85,100,113,113,154,154,154],"floor_reached":16,"playtime":699,"items_purged":["Doubt"],"score":220,"play_id":"34284643-60d8-410f-bf6e-65a5e227fedf","local_time":"20190529164740","is_ascension_mode":true,"campfire_choices":[{"data":"Dash","floor":6.0,"key":"SMITH"},{"data":"Backstab","floor":10.0,"key":"SMITH"},{"data":"Envenom","floor":13.0,"key":"SMITH"},{"data":"Well Laid Plans","floor":15,"key":"SMITH"}],"neow_cost":"NONE","seed_source_timestamp":1200393687032751,"circlet_count":0,"master_deck":["AscendersBane","Defend_G","Defend_G","Defend_G","Defend_G","Defend_G","Strike_G","Strike_G","Strike_G","Strike_G","Strike_G","Survivor","Neutralize","Flying Knee","Well Laid Plans+1","Dash+1","Blur","Backstab+1","PiercingWail","Envenom+1","Grand Finale"],"special_seed":0,"relics":["Ring of the Snake","Boot","Golden Idol","Meat on the Bone","Singing Bowl","Orichalcum"],"potions_floor_usage":[14,14],"damage_taken":[{"damage":8.0,"enemies":"Jaw Worm","floor":1.0,"turns":5.0},{"damage":0.0,"enemies":"Small Slimes","floor":5.0,"turns":4.0},{"damage":22.0,"enemies":"3 Sentries","floor":7.0,"turns":12.0},{"damage":0.0,"enemies":"2 Louse","floor":8.0,"turns":2.0},{"damage":0.0,"enemies":"Looter","floor":11.0,"turns":3.0},{"damage":17.0,"enemies":"Exordium Thugs","floor":12.0,"turns":7.0},{"damage":8,"enemies":"Gremlin Nob","floor":14,"turns":3},{"damage":36,"enemies":"Slime Boss","floor":16,"turns":9}],"seed_played":"-5432797405922542933","potions_obtained":[{"floor":5.0,"key":"Strength Potion"},{"floor":8.0,"key":"AttackPotion"}],"is_trial":false,"path_per_floor":["M","?","$","?","M","R","E","M","T","R","M","M","R","E","R","B"],"character_chosen":"THE_SILENT","items_purchased":["Well Laid Plans","Dash"],"campfire_rested":0,"item_purchase_floors":[3,3],"current_hp_per_floor":[51,51,51,51,51,51,29,41,41,41,41,38,38,42,42,6],"gold":154,"neow_bonus":"RANDOM_COMMON_RELIC","is_prod":false,"is_daily":false,"chose_seed":false,"campfire_upgraded":4,"win_rate":0,"timestamp":1559162860,"path_taken":["M","?","$","?","M","R","E","M","T","R","?","M","R","E","R","BOSS"],"build_version":"2019-01-23","purchased_purges":1,"victory":false,"max_hp_per_floor":[66,66,66,60,60,60,60,60,60,60,60,62,62,62,62,62],"card_choices":[{"not_picked":["Blade Dance","Tactician"],"picked":"Flying Knee","floor":1.0},{"not_picked":["Underhanded Strike","Dodge and Roll"],"picked":"Blur","floor":5.0},{"not_picked":["Slice","Dagger Throw"],"picked":"Backstab","floor":7.0},{"not_picked":["Heel Hook","Concentrate"],"picked":"PiercingWail","floor":8.0},{"not_picked":["Eviscerate","Blade Dance"],"picked":"Envenom","floor":11.0},{"not_picked":["Poisoned Stab","Deflect","Cloak And Dagger"],"picked":"Singing Bowl","floor":12.0},{"not_picked":["Backflip","Dagger Throw"],"picked":"Grand Finale","floor":14}],"player_experience":1450364,"relics_obtained":[{"floor":7.0,"key":"Meat on the Bone"},{"floor":9.0,"key":"Singing Bowl"},{"floor":14,"key":"Orichalcum"}],"event_choices":[{"damage_healed":0.0,"max_hp_gain":0.0,"max_hp_loss":0.0,"gold_gain":150.0,"event_name":"Liars Game","player_choice":"AGREE","floor":2.0,"gold_loss":0.0,"damage_taken":0.0,"cards_obtained":["Doubt"]},{"damage_healed":0.0,"max_hp_gain":0.0,"max_hp_loss":6.0,"gold_gain":0.0,"event_name":"Golden Idol","player_choice":"Lose Max HP","floor":4.0,"gold_loss":0.0,"damage_taken":0.0,"relics_obtained":["Golden Idol"]}],"is_beta":false,"boss_relics":[],"items_purged_floors":[3],"is_endless":false,"potions_floor_spawned":[5,8,12],"killed_by":"Slime Boss","ascension_level":20}