{"gold_per_floor":[19,39,39,53,53,53,68,78,78,108,14,14,44,55,55,128,128,143,143,154,167,177,177,206,206,233,158,191,211,239,239,239,316,316,329,329,342,36,53,53,80,80,80,80,132,132,162,80,80,80],"floor_reached":51,"playtime":2502,"items_purged":["Strike_B"],"score":1485,"play_id":"99940072-717a-44c7-9169-059b4b958f5f","local_time":"20181003224830","is_ascension_mode":true,"campfire_choices":[{"data":"Defragment","floor":6,"key":"SMITH"},{"floor":12,"key":"REST"},{"data":"Sunder","floor":15,"key":"SMITH"},{"floor":23,"key":"REST"},{"floor":25,"key":"REST"},{"floor":32,"key":"REST"},{"floor":40,"key":"REST"},{"floor":42,"key":"REST"},{"floor":46,"key":"REST"},{"floor":49,"key":"REST"}],"neow_cost":"NO_GOLD","seed_source_timestamp":1803637074729643,"circlet_count":0,"master_deck":["Strike_B","Defend_B","Defend_B","Defend_B","Defend_B","Zap+1","Dualcast","AscendersBane","Defragment+1","Beam Cell","Streamline","Capacitor","Sunder+1","Chill","Self Repair+1","Coolheaded","Leap","Electrodynamics+1","Coolheaded","Conserve Battery","Glacier+1","Machine Learning+1","Seek","Loop+1","Skim+1","Coolheaded","Storm+1","Glacier"],"relics":["Cracked Core","Mango","Cables","Dodecahedron","Frozen Egg 2","Molten Egg 2","Fusion Hammer","Emotion Chip","Blood Vial","Pantograph","Bottled Tornado","White Beast Statue","Shuriken","Runic Capacitor","Bird Faced Urn","PreservedInsect","StoneCalendar","Incense Burner"],"potions_floor_usage":[14,16,24,24,28,30,33,39,41,45,47,50],"damage_taken":[{"damage":2,"enemies":"Jaw Worm","floor":1,"turns":3},{"damage":13,"enemies":"Small Slimes","floor":2,"turns":3},{"damage":0,"enemies":"Cultist","floor":4,"turns":2},{"damage":12,"enemies":"Looter","floor":7,"turns":3},{"damage":16,"enemies":"Lots of Slimes","floor":8,"turns":3},{"damage":30,"enemies":"Lagavulin","floor":10,"turns":6},{"damage":15,"enemies":"3 Sentries","floor":13,"turns":9},{"damage":2,"enemies":"Exordium Wildlife","floor":14,"turns":3},{"damage":25,"enemies":"Slime Boss","floor":16,"turns":9},{"damage":0,"enemies":"3 Byrds","floor":18,"turns":1},{"damage":27,"enemies":"2 Thieves","floor":20,"turns":4},{"damage":16,"enemies":"3 Cultists","floor":21,"turns":3},{"damage":0,"enemies":"Centurion and Healer","floor":22,"turns":8},{"damage":3,"enemies":"Gremlin Leader","floor":24,"turns":8},{"damage":12,"enemies":"Slavers","floor":28,"turns":4},{"damage":22,"enemies":"Snake Plant","floor":29,"turns":3},{"damage":17,"enemies":"Book of Stabbing","floor":30,"turns":6},{"damage":29,"enemies":"Collector","floor":33,"turns":13},{"damage":4,"enemies":"Orb Walker","floor":35,"turns":3},{"damage":21,"enemies":"3 Darklings","floor":37,"turns":2},{"damage":19,"enemies":"Reptomancer","floor":39,"turns":4},{"damage":43,"enemies":"Nemesis","floor":41,"turns":9},{"damage":30,"enemies":"Mysterious Sphere","floor":45,"turns":3},{"damage":23,"enemies":"2 Orb Walkers","floor":47,"turns":3},{"damage":30,"enemies":"Donu and Deca","floor":50,"turns":6}],"seed_played":"-8121076117920378690","potions_obtained":[{"floor":4,"key":"Strength Potion"},{"floor":13,"key":"EssenceOfSteel"},{"floor":14,"key":"Fruit Juice"},{"floor":16,"key":"Weak Potion"},{"floor":18,"key":"Energy Potion"},{"floor":24,"key":"Block Potion"},{"floor":28,"key":"LiquidBronze"},{"floor":30,"key":"PowerPotion"},{"floor":33,"key":"AttackPotion"},{"floor":35,"key":"Ancient Potion"},{"floor":37,"key":"SkillPotion"},{"floor":39,"key":"GamblersBrew"},{"floor":41,"key":"SkillPotion"},{"floor":45,"key":"EssenceOfSteel"},{"floor":47,"key":"FocusPotion"}],"is_trial":false,"path_per_floor":["M","M","?","M","?","R","M","M","T","E","$","R","E","M","R","B",null,"M","?","M","M","M","R","E","R","T","?","E","M","E","?","R","B",null,"M","T","M","$","M","R","E","R","T","?","?","R","E","$","R","B"],"character_chosen":"DEFECT","items_purchased":["Self Repair+1","Coolheaded","Runic Capacitor","Glacier"],"campfire_rested":8,"item_purchase_floors":[11,11,38,48],"current_hp_per_floor":[76,63,63,63,63,63,51,35,35,5,5,30,25,28,28,13,71,71,71,54,48,58,85,90,90,90,90,88,68,63,63,90,71,85,83,83,64,64,57,84,53,80,80,80,60,87,83,83,90,78],"gold":80,"neow_bonus":"ONE_RARE_RELIC","is_prod":false,"is_daily":false,"chose_seed":false,"campfire_upgraded":2,"win_rate":0,"timestamp":1538621310,"path_taken":["M","M","?","M","?","R","M","?","T","E","$","R","E","M","R","BOSS","M","?","M","M","M","R","E","R","T","?","E","M","E","?","R","BOSS","M","?","M","$","M","R","E","R","T","?","?","R","E","$","R","BOSS"],"build_version":"2018-09-27","purchased_purges":1,"victory":true,"max_hp_per_floor":[85,85,85,85,85,85,85,85,85,85,85,85,85,90,90,90,90,90,90,90,90,90,90,90,90,90,90,90,90,90,90,90,90,90,90,90,90,90,90,90,90,90,90,90,90,90,90,90,90,90],"card_choices":[{"not_picked":["Stack","Sweeping Beam"],"picked":"Defragment","floor":1},{"not_picked":["Barrage","Reprogram"],"picked":"Beam Cell","floor":2},{"not_picked":["Leap","Rebound"],"picked":"Streamline","floor":4},{"not_picked":["Barrage","Redo"],"picked":"Capacitor","floor":7},{"not_picked":["Hologram","Meteor Strike"],"picked":"Sunder","floor":8},{"not_picked":["Barrage","Heatsinks"],"picked":"Chill","floor":10},{"not_picked":["Reprogram","Gash"],"picked":"Leap","floor":13},{"not_picked":["Undo","Force Field","Steam Power"],"picked":"SKIP","floor":14},{"not_picked":["Reboot","Buffer+1"],"picked":"Electrodynamics+1","floor":16},{"not_picked":["Compile Driver+1","Rebound+1"],"picked":"Coolheaded","floor":18},{"not_picked":["Gash+1","Compile Driver+1","Leap"],"picked":"SKIP","floor":20},{"not_picked":["Melter+1","Recycle"],"picked":"Conserve Battery","floor":21},{"not_picked":["Reprogram","Steam Power"],"picked":"Glacier+1","floor":22},{"not_picked":["Cold Snap+1","Doom and Gloom+1","Hologram"],"picked":"SKIP","floor":24},{"not_picked":["Go for the Eyes+1","Redo"],"picked":"Machine Learning+1","floor":28},{"not_picked":["Storm+1","Steam","Conserve Battery"],"picked":"SKIP","floor":29},{"not_picked":["Stack+1","Thunder Strike+1","Cold Snap+1"],"picked":"SKIP","floor":30},{"not_picked":["Creative AI+1","Fission"],"picked":"Seek","floor":33},{"not_picked":["Redo+1","Gash+1"],"picked":"Loop+1","floor":35},{"not_picked":["Cold Snap+1","Lockon+1"],"picked":"Skim+1","floor":37},{"not_picked":["Gash+1","Tempest","Hologram"],"picked":"SKIP","floor":39},{"not_picked":["Electrodynamics+1","Steam"],"picked":"Coolheaded","floor":41},{"not_picked":["Barrage+1","Turbo"],"picked":"Storm+1","floor":45},{"not_picked":["Barrage+1","Beam Cell+1","Hello World+1"],"picked":"SKIP","floor":47}],"player_experience":548764,"relics_obtained":[{"floor":9,"key":"Dodecahedron"},{"floor":10,"key":"Frozen Egg 2"},{"floor":13,"key":"Molten Egg 2"},{"floor":24,"key":"Emotion Chip"},{"floor":26,"key":"Blood Vial"},{"floor":28,"key":"Pantograph"},{"floor":30,"key":"Bottled Tornado"},{"floor":36,"key":"Shuriken"},{"floor":41,"key":"Bird Faced Urn"},{"floor":43,"key":"PreservedInsect"},{"floor":45,"key":"StoneCalendar"},{"floor":47,"key":"Incense Burner"}],"event_choices":[{"event_name":"Living Wall","player_choice":"Grow","floor":3,"damage_taken":0},{"event_name":"WeMeetAgain","player_choice":"Potion","floor":5,"damage_taken":0},{"event_name":"The Mausoleum","player_choice":"No","floor":19,"damage_taken":0},{"event_name":"Beggar","player_choice":"Gave Gold","floor":27,"damage_taken":0},{"event_name":"Back to Basics","player_choice":"Elegance","floor":31,"damage_taken":0},{"event_name":"SensoryStone","player_choice":"Memory 1","floor":44,"damage_taken":0},{"event_name":"Mysterious Sphere","player_choice":"Fight","floor":45,"damage_taken":0}],"is_beta":false,"boss_relics":[{"not_picked":["FrozenCore","Velvet Choker"],"picked":"Fusion Hammer"},{"not_picked":["Runic Pyramid","Tiny House"],"picked":"White Beast Statue"}],"items_purged_floors":[38],"is_endless":false,"potions_floor_spawned":[4,13,14,16,18,24,28,30,33,35,37,39,41,45,47],"ascension_level":19}