{"gold_per_floor":[119,136,136,155,166,166,185,185,209,134,134,134,168,168,168,246,246,263,275,275,54,66,66,16,16,16,16,16],"floor_reached":28,"playtime":1407,"items_purged":["Strike_B","Strike_B","Strike_B"],"score":432,"play_id":"a5c37f12-5d5a-41e5-b2c9-d2ae640c2283","local_time":"20190504113320","is_ascension_mode":true,"campfire_choices":[{"data":"Zap","floor":6,"key":"SMITH"},{"data":"Loop","floor":8,"key":"SMITH"},{"data":"Melter","floor":12,"key":"SMITH"},{"data":"Glacier","floor":15,"key":"SMITH"},{"data":"Fission","floor":23,"key":"SMITH"},{"floor":27,"key":"REST"}],"neow_cost":"NONE","seed_source_timestamp":36514166612728,"circlet_count":0,"master_deck":["AscendersBane","Strike_B+1","Defend_B","Defend_B+1","Defend_B","Defend_B","Zap+1","Dualcast","Compile Driver","Melter+1","Glacier+1","Core Surge","Loop+1","Echo Form","Turbo","Conserve Battery","Recycle","Sweeping Beam","White Noise+1","Fission+1"],"relics":["Cracked Core","Oddly Smooth Stone","Smiling Mask","Orrery","Bag of Preparation","Gremlin Horn"],"potions_floor_usage":[18,28,28,28,28],"damage_taken":[{"damage":6,"enemies":"2 Louse","floor":1,"turns":3},{"damage":2,"enemies":"Jaw Worm","floor":2,"turns":4},{"damage":10,"enemies":"Small Slimes","floor":4,"turns":3},{"damage":3,"enemies":"Blue Slaver","floor":5,"turns":4},{"damage":2,"enemies":"3 Louse","floor":7,"turns":3},{"damage":17,"enemies":"3 Sentries","floor":13,"turns":6},{"damage":5,"enemies":"The Guardian","floor":16,"turns":14},{"damage":21,"enemies":"2 Thieves","floor":18,"turns":4},{"damage":32,"enemies":"3 Byrds","floor":19,"turns":5},{"damage":4,"enemies":"Snecko","floor":22,"turns":10},{"damage":55,"enemies":"Book of Stabbing","floor":28,"turns":7}],"seed_played":"-1940411593878159909","potions_obtained":[{"floor":0,"key":"EntropicBrew"},{"floor":0,"key":"Swift Potion"},{"floor":19,"key":"Regen Potion"}],"is_trial":false,"path_per_floor":["M","M","?","M","M","R","M","R","T","$","?","R","E","?","R","B",null,"M","M","?","$","M","R","$","?","T","R","E"],"character_chosen":"DEFECT","items_purchased":["Bag of Preparation"],"campfire_rested":1,"item_purchase_floors":[21],"current_hp_per_floor":[58,56,35,25,22,22,20,20,20,20,43,43,26,26,26,21,59,38,6,20,20,16,16,16,16,16,37,0],"gold":16,"neow_bonus":"THREE_SMALL_POTIONS","is_prod":false,"is_daily":false,"chose_seed":false,"campfire_upgraded":5,"win_rate":0,"timestamp":1556984000,"path_taken":["M","M","?","M","M","R","M","R","T","$","?","R","E","?","R","BOSS","M","M","?","$","M","R","$","?","T","R","E"],"build_version":"2019-01-23","purchased_purges":3,"victory":false,"max_hp_per_floor":[71,71,71,71,71,71,71,71,71,71,71,71,71,71,71,71,71,71,71,71,71,71,71,71,71,71,71,71],"card_choices":[{"not_picked":["Stack","Leap"],"picked":"Compile Driver","floor":1},{"not_picked":["Fusion","Streamline"],"picked":"Melter","floor":2},{"not_picked":["Beam Cell","Hologram"],"picked":"Glacier","floor":4},{"not_picked":["Reprogram","Doom and Gloom"],"picked":"Core Surge","floor":5},{"not_picked":["Gash","Scrape"],"picked":"Loop","floor":7},{"not_picked":["Storm","Blizzard","Streamline"],"picked":"SKIP","floor":13},{"not_picked":["Hyperbeam","Fission"],"picked":"Echo Form","floor":16},{"not_picked":["Blizzard","Fusion"],"picked":"Turbo","floor":17},{"not_picked":["Gash","Tempest"],"picked":"Conserve Battery","floor":17},{"not_picked":["Steam","Sweeping Beam"],"picked":"Recycle","floor":17},{"not_picked":["Heatsinks","Beam Cell"],"picked":"Sweeping Beam","floor":17},{"not_picked":["Redo","Loop"],"picked":"White Noise+1","floor":18},{"not_picked":["Hologram","Steam","Compile Driver"],"picked":"SKIP","floor":19},{"not_picked":["Sweeping Beam","Compile Driver"],"picked":"Fission","floor":22}],"player_experience":1177519,"relics_obtained":[{"floor":9,"key":"Oddly Smooth Stone"},{"floor":13,"key":"Smiling Mask"},{"floor":26,"key":"Gremlin Horn"}],"event_choices":[{"damage_healed":0,"gold_gain":0,"player_choice":"Entered Light","damage_taken":21,"max_hp_gain":0,"max_hp_loss":0,"event_name":"Shining Light","floor":3,"gold_loss":0,"cards_upgraded":["Strike_B","Defend_B"]},{"damage_healed":23,"gold_gain":0,"player_choice":"Banana","damage_taken":0,"max_hp_gain":0,"max_hp_loss":0,"event_name":"Big Fish","floor":11,"gold_loss":0},{"damage_healed":0,"gold_gain":0,"player_choice":"Ignored","damage_taken":0,"max_hp_gain":0,"max_hp_loss":0,"event_name":"Liars Game","floor":14,"gold_loss":0},{"damage_healed":14,"gold_gain":0,"player_choice":"Heal","damage_taken":0,"max_hp_gain":0,"max_hp_loss":0,"event_name":"The Library","floor":20,"gold_loss":0},{"damage_healed":0,"gold_gain":0,"player_choice":"Ignored","damage_taken":0,"max_hp_gain":0,"max_hp_loss":0,"event_name":"Cursed Tome","floor":25,"gold_loss":0}],"is_beta":false,"boss_relics":[{"not_picked":["Ectoplasm","Tiny House"],"picked":"Orrery"}],"items_purged_floors":[10,21,24],"is_endless":false,"potions_floor_spawned":[2,5,7,13,19],"killed_by":"Book of Stabbing","ascension_level":20}