{"gold_per_floor":[112,187,15,30,30,73,87,87],"floor_reached":8,"playtime":291,"items_purged":[],"score":112,"play_id":"2fb67661-708e-4923-a514-d449b700c21a","local_time":"20190721114031","is_ascension_mode":true,"campfire_choices":[],"neow_cost":"TEN_PERCENT_HP_LOSS","seed_source_timestamp":251633004033458,"circlet_count":0,"master_deck":["AscendersBane","Strike_R","Strike_R","Strike_R","Strike_R","Strike_R","Defend_R","Defend_R","Defend_R","Defend_R","Bash","Shockwave","Cleave","Battle Trance","Shrug It Off"],"relics":["Burning Blood","Unceasing Top","PreservedInsect","Golden Idol","Smiling Mask"],"potions_floor_usage":[8],"damage_taken":[{"damage":4,"enemies":"2 Louse","floor":1,"turns":3},{"damage":9,"enemies":"Jaw Worm","floor":4,"turns":6},{"damage":25,"enemies":"Lagavulin","floor":6,"turns":7},{"damage":1,"enemies":"Small Slimes","floor":7,"turns":4},{"damage":17,"enemies":"3 Sentries","floor":8,"turns":5}],"seed_played":"-5313708948870821112","potions_obtained":[{"floor":4,"key":"SmokeBomb"},{"floor":7,"key":"EssenceOfSteel"}],"is_trial":false,"path_per_floor":["M","?","$","M","?","E","M","E"],"character_chosen":"IRONCLAD","items_purchased":["PreservedInsect"],"campfire_rested":0,"item_purchase_floors":[3],"current_hp_per_floor":[68,57,57,54,31,12,17,0],"gold":87,"neow_bonus":"ONE_RARE_RELIC","is_prod":false,"is_daily":false,"chose_seed":false,"campfire_upgraded":0,"win_rate":0,"timestamp":1563723631,"path_taken":["M","?","$","M","?","E","M","E"],"build_version":"2019-07-17","purchased_purges":0,"victory":false,"max_hp_per_floor":[68,68,68,68,68,68,68,68],"card_choices":[{"not_picked":["Havoc","Cleave"],"picked":"Shockwave","floor":1},{"not_picked":["True Grit","Perfected Strike"],"picked":"Cleave","floor":4},{"not_picked":["Sever Soul","Thunderclap"],"picked":"Battle Trance","floor":6},{"not_picked":["Intimidate","Rage"],"picked":"Shrug It Off","floor":7}],"player_experience":1619651,"relics_obtained":[{"floor":6,"key":"Smiling Mask"}],"event_choices":[{"damage_healed":0,"gold_gain":75,"player_choice":"Gather Gold","damage_taken":11,"max_hp_gain":0,"max_hp_loss":0,"event_name":"World of Goop","floor":2,"gold_loss":0},{"damage_healed":0,"gold_gain":0,"player_choice":"Take Damage","damage_taken":23,"relics_obtained":["Golden Idol"],"max_hp_gain":0,"max_hp_loss":0,"event_name":"Golden Idol","floor":5,"gold_loss":0}],"is_beta":false,"boss_relics":[],"items_purged_floors":[],"is_endless":false,"potions_floor_spawned":[4,7],"killed_by":"3 Sentries","ascension_level":20}