{"gold_per_floor":[217,72,72,72,72,72,72,90,90,125,145,178,178,198,198,294,294,304,304,41,60,60,60,93,93,93,93,107,107,141,156,156,255,255,267,167,180,194,194,194,227,247,272,272,272,272],"floor_reached":46,"playtime":2157,"items_purged":["Strike_R","Strike_R"],"score":568,"play_id":"3ec27015-635a-446f-9514-11818e7c09d1","local_time":"20190712060833","is_ascension_mode":true,"campfire_choices":[{"data":"Demon Form","floor":6,"key":"SMITH"},{"data":"Battle Trance","floor":13,"key":"SMITH"},{"data":"Cleave","floor":15,"key":"SMITH"},{"floor":23,"key":"DIG"},{"floor":25,"key":"REST"},{"floor":27,"key":"DIG"},{"floor":29,"key":"REST"},{"floor":32,"key":"REST"},{"floor":40,"key":"REST"},{"floor":44,"key":"REST"}],"neow_cost":"NONE","seed_source_timestamp":64106617579523,"circlet_count":0,"master_deck":["Strike_R","Strike_R","Defend_R","Defend_R","Defend_R","Defend_R","Bash","Rage","Demon Form+1","Battle Trance+1","Cleave+1","Shrug It Off","Flex","Double Tap","Berserk","Sword Boomerang","Heavy Blade","Apotheosis","Rage","Heavy Blade","Limit Break"],"relics":["Burning Blood","Gambling Chip","Shovel","Orrery","Strawberry","Mercury Hourglass","Paper Frog","Pear","Bag of Preparation","Cursed Key","Omamori","Centennial Puzzle"],"potions_floor_usage":[16,24,30,33],"damage_taken":[{"damage":6,"enemies":"Jaw Worm","floor":1,"turns":8},{"damage":2,"enemies":"Small Slimes","floor":8,"turns":4},{"damage":24,"enemies":"3 Sentries","floor":10,"turns":7},{"damage":1,"enemies":"Cultist","floor":11,"turns":3},{"damage":24,"enemies":"Gremlin Nob","floor":12,"turns":4},{"damage":9,"enemies":"Red Slaver","floor":14,"turns":3},{"damage":35,"enemies":"Slime Boss","floor":16,"turns":7},{"damage":41,"enemies":"2 Thieves","floor":18,"turns":5},{"damage":11,"enemies":"Spheric Guardian","floor":21,"turns":3},{"damage":34,"enemies":"Book of Stabbing","floor":24,"turns":5},{"damage":22,"enemies":"Snake Plant","floor":28,"turns":4},{"damage":51,"enemies":"Gremlin Leader","floor":30,"turns":5},{"damage":4,"enemies":"3 Cultists","floor":31,"turns":4},{"damage":12,"enemies":"Champ","floor":33,"turns":8},{"damage":0,"enemies":"3 Shapes","floor":35,"turns":1},{"damage":26,"enemies":"Orb Walker","floor":37,"turns":4},{"damage":41,"enemies":"3 Darklings","floor":38,"turns":5},{"damage":52,"enemies":"Reptomancer","floor":41,"turns":5},{"damage":30,"enemies":"4 Shapes","floor":42,"turns":9},{"damage":37,"enemies":"Transient","floor":46,"turns":5}],"seed_played":"-2922235526585922061","potions_obtained":[{"floor":14,"key":"SteroidPotion"},{"floor":16,"key":"Regen Potion"},{"floor":24,"key":"GamblersBrew"},{"floor":28,"key":"SpeedPotion"},{"floor":38,"key":"SmokeBomb"}],"is_trial":false,"path_per_floor":["M","$","?","?","?","R","$","M","T","E","M","E","R","M","R","B",null,"M","?","$","M","$","R","E","R","T","R","M","R","E","M","R","B",null,"M","$","M","M","?","R","E","M","T","R","?","M"],"character_chosen":"IRONCLAD","items_purchased":["Demon Form","Apotheosis"],"campfire_rested":5,"item_purchase_floors":[2,20],"current_hp_per_floor":[80,80,80,73,78,78,78,82,82,64,69,51,51,48,48,19,85,50,50,50,45,45,52,38,65,65,75,59,89,44,46,76,70,102,102,102,82,47,47,77,31,7,7,37,37,0],"gold":272,"neow_bonus":"HUNDRED_GOLD","is_prod":false,"is_daily":false,"chose_seed":false,"campfire_upgraded":3,"win_rate":0,"timestamp":1562926113,"path_taken":["M","$","?","?","?","R","$","M","T","E","?","E","R","M","R","BOSS","M","?","?","?","?","R","E","R","T","R","?","R","E","M","R","BOSS","M","$","M","M","?","R","E","?","T","R","?","M"],"build_version":"2019-07-05","purchased_purges":2,"victory":false,"max_hp_per_floor":[80,80,80,80,85,85,85,85,85,85,85,85,85,85,85,85,85,85,85,85,85,85,92,92,92,92,102,102,102,102,102,102,102,102,102,102,102,102,102,102,102,102,102,102,102,102],"card_choices":[{"not_picked":["Sword Boomerang","Shockwave"],"picked":"Rage","floor":1},{"not_picked":["Hemokinesis","Headbutt"],"picked":"Battle Trance","floor":8},{"not_picked":["Clash","Sword Boomerang"],"picked":"Cleave","floor":10},{"not_picked":["Dropkick","Clash"],"picked":"Shrug It Off","floor":11},{"not_picked":["Flame Barrier","Cleave"],"picked":"Flex","floor":12},{"not_picked":["Iron Wave","Battle Trance","Evolve"],"picked":"SKIP","floor":14},{"not_picked":["Brutality","Bludgeon"],"picked":"Double Tap","floor":16},{"not_picked":["Wild Strike","Anger"],"picked":"Berserk","floor":17},{"not_picked":["Iron Wave","Body Slam"],"picked":"Sword Boomerang","floor":17},{"not_picked":["Anger","Dual Wield"],"picked":"Heavy Blade","floor":18},{"not_picked":["Flex","Uppercut"],"picked":"Rage","floor":21},{"not_picked":["Intimidate","Corruption","Entrench"],"picked":"SKIP","floor":24},{"not_picked":["Pommel Strike","Armaments+1"],"picked":"Heavy Blade","floor":28},{"not_picked":["Inflame","Iron Wave","Searing Blow+1"],"picked":"SKIP","floor":30},{"not_picked":["Cleave+1","Battle Trance","Twin Strike"],"picked":"SKIP","floor":31},{"not_picked":["Dark Embrace","Double Tap"],"picked":"Limit Break","floor":33},{"not_picked":["Armaments+1","Bloodletting","Shockwave"],"picked":"SKIP","floor":35},{"not_picked":["Clash","Iron Wave","Anger+1"],"picked":"SKIP","floor":37},{"not_picked":["Wild Strike","Thunderclap+1","Shrug It Off+1"],"picked":"SKIP","floor":38},{"not_picked":["Clothesline+1","Shrug It Off+1","Combust+1"],"picked":"SKIP","floor":41},{"not_picked":["Anger","Armaments+1","Iron Wave+1"],"picked":"SKIP","floor":42}],"player_experience":115394,"relics_obtained":[{"floor":10,"key":"Gambling Chip"},{"floor":12,"key":"Shovel"},{"floor":23,"key":"Strawberry"},{"floor":24,"key":"Mercury Hourglass"},{"floor":26,"key":"Paper Frog"},{"floor":27,"key":"Pear"},{"floor":30,"key":"Bag of Preparation"},{"floor":41,"key":"Omamori"},{"floor":43,"key":"Centennial Puzzle"}],"event_choices":[{"damage_healed":0,"gold_gain":0,"player_choice":"Ignored","damage_taken":0,"max_hp_gain":0,"max_hp_loss":0,"event_name":"Golden Idol","floor":3,"gold_loss":0},{"cards_removed":["Strike_R"],"damage_healed":0,"gold_gain":0,"player_choice":"Card Removal","damage_taken":7,"max_hp_gain":0,"max_hp_loss":0,"event_name":"Golden Wing","floor":4,"gold_loss":0},{"damage_healed":0,"gold_gain":0,"player_choice":"Donut","damage_taken":0,"max_hp_gain":5,"max_hp_loss":0,"event_name":"Big Fish","floor":5,"gold_loss":0},{"damage_healed":0,"gold_gain":0,"player_choice":"Ignored","damage_taken":0,"max_hp_gain":0,"max_hp_loss":0,"event_name":"The Mausoleum","floor":19,"gold_loss":0},{"damage_healed":0,"gold_gain":0,"player_choice":"Ignored","damage_taken":0,"max_hp_gain":0,"max_hp_loss":0,"event_name":"SecretPortal","floor":39,"gold_loss":0},{"damage_healed":0,"gold_gain":0,"player_choice":"Ignored","damage_taken":0,"max_hp_gain":0,"max_hp_loss":0,"event_name":"Mysterious Sphere","floor":45,"gold_loss":0}],"is_beta":false,"boss_relics":[{"not_picked":["Pandora\u0027s Box","Busted Crown"],"picked":"Orrery"},{"not_picked":["Tiny House","Calling Bell"],"picked":"Cursed Key"}],"items_purged_floors":[20,36],"is_endless":false,"potions_floor_spawned":[10,14,16,24,28,38],"killed_by":"Transient","ascension_level":2}