{"gold_per_floor":[112,112,112,169,169,169,179,179,203,217,243,263,9,40,40,114,114,125,140,153,165,165,165,165,165,165,194,212,244,255,288,288,362,362,374,391,124,124,124,155,155,189,189,223,236,256,269,294,294,294,294,294,294,2,30,30],"floor_reached":56,"playtime":3428,"items_purged":["Strike_R","Wild Strike","Cleave+1"],"score":2270,"play_id":"d9a69cc8-d25c-4d3e-9d2a-debcfa0c4d69","local_time":"20190721123901","is_ascension_mode":true,"campfire_choices":[{"data":"Bash","floor":6.0,"key":"SMITH"},{"data":"Cleave","floor":8.0,"key":"SMITH"},{"data":"Pommel Strike","floor":15.0,"key":"SMITH"},{"floor":23.0,"key":"REST"},{"floor":32.0,"key":"REST"},{"data":"Feel No Pain","floor":41.0,"key":"SMITH"},{"floor":49.0,"key":"RECALL"},{"floor":53.0,"key":"REST"}],"neow_cost":"NONE","seed_source_timestamp":251936135461302,"circlet_count":0,"master_deck":["AscendersBane","Bash+1","Body Slam+1","Rampage","Pommel Strike+1","Clothesline","The Bomb","Seeing Red+1","Offering+1","Body Slam+1","Juggernaut","Disarm+1","Feel No Pain+1","Headbutt","Headbutt","Disarm+1","True Grit+1","Flame Barrier+1","Shrug It Off+1","Entrench+1","True Grit+1","Exhume+1","Immolate","Warcry+1"],"special_seed":0,"relics":["Burning Blood","Art of War","Tiny Chest","Pen Nib","Lantern","Toxic Egg 2","Pandora\u0027s Box","Orichalcum","Mummified Hand","PreservedInsect","Whetstone","Anchor","Blood Vial","Busted Crown","Bag of Preparation","Red Skull","Du-Vu Doll","Omamori","Mercury Hourglass","Happy Flower"],"potions_floor_usage":[55,56,56],"damage_taken":[{"damage":17.0,"enemies":"Small Slimes","floor":1.0,"turns":7.0},{"damage":2.0,"enemies":"Jaw Worm","floor":7.0,"turns":3.0},{"damage":1.0,"enemies":"Cultist","floor":10.0,"turns":3.0},{"damage":40.0,"enemies":"Lagavulin","floor":11.0,"turns":5.0},{"damage":0.0,"enemies":"Gremlin Gang","floor":12.0,"turns":1.0},{"damage":6.0,"enemies":"Gremlin Nob","floor":14.0,"turns":3.0},{"damage":28.0,"enemies":"Slime Boss","floor":16.0,"turns":5.0},{"damage":24.0,"enemies":"Shell Parasite","floor":18.0,"turns":2.0},{"damage":11.0,"enemies":"Spheric Guardian","floor":19.0,"turns":3.0},{"damage":14.0,"enemies":"Snecko","floor":20.0,"turns":4.0},{"damage":27.0,"enemies":"Cultist and Chosen","floor":21.0,"turns":7.0},{"damage":10.0,"enemies":"Gremlin Leader","floor":27.0,"turns":4.0},{"damage":0.0,"enemies":"3 Cultists","floor":28.0,"turns":4.0},{"damage":11.0,"enemies":"Book of Stabbing","floor":29.0,"turns":2.0},{"damage":6.0,"enemies":"Shelled Parasite and Fungi","floor":30.0,"turns":6.0},{"damage":13.0,"enemies":"Gremlin Leader","floor":31.0,"turns":6.0},{"damage":27.0,"enemies":"Automaton","floor":33.0,"turns":5.0},{"damage":0.0,"enemies":"Orb Walker","floor":35.0,"turns":4.0},{"damage":6.0,"enemies":"3 Darklings","floor":36.0,"turns":3.0},{"damage":6.0,"enemies":"Reptomancer","floor":40.0,"turns":3.0},{"damage":6.0,"enemies":"Nemesis","floor":42.0,"turns":1.0},{"damage":12.0,"enemies":"Reptomancer","floor":44.0,"turns":3.0},{"damage":10.0,"enemies":"4 Shapes","floor":45.0,"turns":5.0},{"damage":6.0,"enemies":"Maw","floor":46.0,"turns":5.0},{"damage":6.0,"enemies":"Transient","floor":47.0,"turns":6.0},{"damage":12.0,"enemies":"Nemesis","floor":48.0,"turns":5.0},{"damage":70.0,"enemies":"Donu and Deca","floor":50.0,"turns":7.0},{"damage":19.0,"enemies":"Awakened One","floor":51.0,"turns":10.0},{"damage":45,"enemies":"Shield and Spear","floor":55,"turns":4},{"damage":55,"enemies":"The Heart","floor":56,"turns":5}],"seed_played":"3213096694652828644","potions_obtained":[{"floor":5.0,"key":"SmokeBomb"},{"floor":5.0,"key":"Regen Potion"},{"floor":7.0,"key":"Explosive Potion"},{"floor":11.0,"key":"Fire Potion"},{"floor":12.0,"key":"Ancient Potion"},{"floor":20.0,"key":"SkillPotion"},{"floor":29.0,"key":"SpeedPotion"},{"floor":30.0,"key":"EssenceOfSteel"},{"floor":35.0,"key":"Fruit Juice"},{"floor":55,"key":"Swift Potion"}],"is_trial":false,"path_per_floor":["M","?","?","T","?","R","M","R","T","M","E","M","$","E","R","B",null,"M","M","M","M","T","R","?","T","T","E","M","E","M","E","R","B",null,"M","M","$","?","?","E","R","E","T","E","M","M","M","E","R","B","B",null,"R","$","E","B"],"character_chosen":"IRONCLAD","items_purchased":["The Bomb","Bag of Preparation","PowerPotion","Warcry+1","EssenceOfSteel"],"campfire_rested":3,"item_purchase_floors":[13,37,54,54,54],"current_hp_per_floor":[64,69,58,58,58,58,62,62,62,67,47,53,53,53,53,31,73,55,50,42,21,21,47,47,47,47,43,49,44,44,37,63,44,76,84,86,86,86,83,83,83,83,83,77,75,77,79,75,75,18,7,68,88,88,49,0],"gold":30,"neow_bonus":"TEN_PERCENT_HP_BONUS","is_prod":false,"is_daily":false,"chose_seed":false,"campfire_upgraded":4,"win_rate":0,"timestamp":1563727141,"path_taken":["M","?","?","?","?","R","M","R","T","M","E","?","$","E","R","BOSS","M","M","?","?","?","R","?","?","T","E","M","E","?","E","R","BOSS","M","M","$","?","?","E","R","E","T","E","M","M","M","E","R","BOSS","BOSS","R","$","E","BOSS"],"build_version":"2019-07-17","purchased_purges":3,"victory":false,"max_hp_per_floor":[82,87,87,87,87,87,87,87,87,87,87,87,87,87,87,87,87,87,87,87,87,87,87,87,87,87,87,87,87,87,87,87,87,87,87,87,87,87,83,83,83,83,83,83,83,83,83,83,83,88,88,88,88,88,88,88],"card_choices":[{"not_picked":["True Grit","Havoc"],"picked":"Cleave","floor":1.0},{"not_picked":["Sword Boomerang","Entrench"],"picked":"Body Slam","floor":7.0},{"not_picked":["Disarm","Reckless Charge"],"picked":"Rampage","floor":10.0},{"not_picked":["Searing Blow","Perfected Strike"],"picked":"Pommel Strike","floor":11.0},{"not_picked":["Cleave","Clash"],"picked":"Clothesline","floor":12.0},{"not_picked":["Bludgeon","Thunderclap"],"picked":"Seeing Red","floor":14.0},{"not_picked":["Impervious+1","Juggernaut"],"picked":"Offering+1","floor":16.0},{"not_picked":["Blood for Blood+1","Cleave","Headbutt"],"picked":"SKIP","floor":18.0},{"not_picked":["Clash","Anger","Heavy Blade+1"],"picked":"SKIP","floor":19.0},{"not_picked":["Pummel","Clash"],"picked":"True Grit+1","floor":20.0},{"not_picked":["Entrench+1","Cleave"],"picked":"Flame Barrier+1","floor":21.0},{"not_picked":["Infernal Blade+1","Thunderclap"],"picked":"Entrench+1","floor":27.0},{"not_picked":["Armaments+1","Sword Boomerang","Perfected Strike"],"picked":"SKIP","floor":28.0},{"not_picked":["Warcry+1","Reckless Charge"],"picked":"True Grit+1","floor":29.0},{"not_picked":["Carnage","Reckless Charge","Dropkick"],"picked":"SKIP","floor":30.0},{"not_picked":["Havoc+1","Wild Strike+1"],"picked":"Exhume+1","floor":31.0},{"not_picked":["Berserk","Brutality"],"picked":"Immolate","floor":33.0},{"not_picked":["Whirlwind"],"picked":"SKIP","floor":35.0},{"not_picked":["Sword Boomerang"],"picked":"SKIP","floor":36.0},{"not_picked":["Body Slam"],"picked":"SKIP","floor":40.0},{"not_picked":["Cleave"],"picked":"SKIP","floor":42.0},{"not_picked":["Sentinel+1"],"picked":"SKIP","floor":44.0},{"not_picked":["Body Slam"],"picked":"SKIP","floor":45.0},{"not_picked":["Heavy Blade+1"],"picked":"SKIP","floor":46.0},{"not_picked":["Infernal Blade+1"],"picked":"SKIP","floor":47.0},{"not_picked":["Twin Strike"],"picked":"SKIP","floor":48.0},{"not_picked":["Pommel Strike"],"picked":"SKIP","floor":55}],"player_experience":1619942,"relics_obtained":[{"floor":4.0,"key":"Tiny Chest"},{"floor":9.0,"key":"Pen Nib"},{"floor":11.0,"key":"Lantern"},{"floor":14.0,"key":"Toxic Egg 2"},{"floor":22.0,"key":"Orichalcum"},{"floor":25.0,"key":"Mummified Hand"},{"floor":26.0,"key":"PreservedInsect"},{"floor":27.0,"key":"Whetstone"},{"floor":29.0,"key":"Anchor"},{"floor":31.0,"key":"Blood Vial"},{"floor":40.0,"key":"Red Skull"},{"floor":42.0,"key":"Du-Vu Doll"},{"floor":44.0,"key":"Omamori"},{"floor":48.0,"key":"Mercury Hourglass"},{"floor":55,"key":"Happy Flower"}],"event_choices":[{"damage_healed":0.0,"max_hp_gain":5.0,"max_hp_loss":0.0,"gold_gain":0.0,"event_name":"Big Fish","player_choice":"Donut","floor":2.0,"gold_loss":0.0,"damage_taken":0.0},{"damage_healed":0.0,"max_hp_gain":0.0,"max_hp_loss":0.0,"gold_gain":0.0,"event_name":"Scrap Ooze","player_choice":"Success","floor":3.0,"gold_loss":0.0,"damage_taken":11.0,"relics_obtained":["Art of War"]},{"damage_healed":0.0,"max_hp_gain":0.0,"max_hp_loss":0.0,"gold_gain":0.0,"event_name":"Lab","player_choice":"Got Potions","floor":5.0,"gold_loss":0.0,"damage_taken":0.0},{"damage_healed":0.0,"max_hp_gain":0.0,"max_hp_loss":0.0,"gold_gain":0.0,"event_name":"The Library","player_choice":"Read","floor":24.0,"gold_loss":0.0,"damage_taken":0.0,"cards_obtained":["Shrug It Off"]},{"damage_healed":0.0,"max_hp_gain":0.0,"max_hp_loss":0.0,"gold_gain":0.0,"event_name":"Tomb of Lord Red Mask","player_choice":"Ignored","floor":38.0,"gold_loss":0.0,"damage_taken":0.0},{"damage_healed":0.0,"max_hp_gain":0.0,"max_hp_loss":4.0,"gold_gain":0.0,"event_name":"Winding Halls","player_choice":"Max HP","floor":39.0,"gold_loss":0.0,"damage_taken":0.0}],"is_beta":false,"boss_relics":[{"not_picked":["Runic Cube","White Beast Statue"],"picked":"Pandora\u0027s Box"},{"not_picked":["Calling Bell","Orrery"],"picked":"Busted Crown"}],"items_purged_floors":[13,37,54],"is_endless":false,"potions_floor_spawned":[7,11,12,20,29,30,31,35,40,42,46,55],"killed_by":"The Heart","ascension_level":20}