{"gold_per_floor":[112,123,138,138,205,205,330,380,380,380,400,426,426,456,456,532,532,543,593,167,125,175,175,191,241,241,241,252,285,352,317,317,388,388,402,352,367,417,436,466,516,541,623,480,480,490,523,252,252,252,252,252,252,39,68,68],"floor_reached":57,"playtime":6785,"items_purged":["Strike_R","Writhe","Injury","Bludgeon+1","Sever Soul"],"score":2861,"play_id":"2bc111ae-59f6-4fe6-bb12-571446bbaa91","local_time":"20190311025428","is_ascension_mode":true,"campfire_choices":[{"data":"Fiend Fire","floor":6.0,"key":"SMITH"},{"floor":10.0,"key":"REST"},{"data":"Entrench","floor":13.0,"key":"SMITH"},{"floor":15.0,"key":"REST"},{"floor":23.0,"key":"REST"},{"floor":27.0,"key":"REST"},{"floor":32.0,"key":"REST"},{"data":"True Grit","floor":45.0,"key":"SMITH"},{"floor":49.0,"key":"RECALL"},{"floor":53.0,"key":"REST"}],"neow_cost":"NONE","seed_source_timestamp":186110225488037,"circlet_count":0,"master_deck":["AscendersBane","Defend_R","Defend_R","Defend_R","Defend_R","Evolve","Pommel Strike","Fiend Fire+1","Iron Wave","Entrench+1","True Grit+1","Feed","Entrench+1","Body Slam","Disarm+1","Battle Trance+1","Armaments+1","Exhume+1","Offering+1","True Grit+1","Double Tap+1","Impervious+1","Armaments+1","Bandage Up+1","Good Instincts+1","Disarm+1","Shrug It Off+1","Warcry+1","Offering+1"],"special_seed":0,"relics":["Burning Blood","Centennial Puzzle","SsserpentHead","Smiling Mask","Singing Bowl","Happy Flower","Cursed Key","Toxic Egg 2","Pantograph","Self Forming Clay","Ornamental Fan","Astrolabe","Pear","Paper Frog","TheAbacus","Blue Candle"],"potions_floor_usage":[56],"damage_taken":[{"damage":15.0,"enemies":"Small Slimes","floor":1.0,"turns":5.0},{"damage":6.0,"enemies":"Cultist","floor":2.0,"turns":4.0},{"damage":13.0,"enemies":"2 Louse","floor":3.0,"turns":3.0},{"damage":16.0,"enemies":"2 Fungi Beasts","floor":5.0,"turns":3.0},{"damage":8.0,"enemies":"Large Slime","floor":11.0,"turns":2.0},{"damage":14.0,"enemies":"Gremlin Nob","floor":12.0,"turns":4.0},{"damage":26.0,"enemies":"Lagavulin","floor":14.0,"turns":5.0},{"damage":33.0,"enemies":"Slime Boss","floor":16.0,"turns":7.0},{"damage":53.0,"enemies":"Spheric Guardian","floor":18.0,"turns":8.0},{"damage":15.0,"enemies":"2 Thieves","floor":21.0,"turns":5.0},{"damage":5.0,"enemies":"Snake Plant","floor":24.0,"turns":3.0},{"damage":11.0,"enemies":"Shelled Parasite and Fungi","floor":28.0,"turns":2.0},{"damage":29.0,"enemies":"Book of Stabbing","floor":29.0,"turns":12.0},{"damage":10.0,"enemies":"Snecko","floor":30.0,"turns":4.0},{"damage":83.0,"enemies":"Collector","floor":33.0,"turns":17.0},{"damage":6.0,"enemies":"Orb Walker","floor":35.0,"turns":3.0},{"damage":14.0,"enemies":"3 Shapes","floor":37.0,"turns":9.0},{"damage":6.0,"enemies":"Jaw Worm Horde","floor":39.0,"turns":6.0},{"damage":12.0,"enemies":"Reptomancer","floor":40.0,"turns":9.0},{"damage":6.0,"enemies":"Nemesis","floor":42.0,"turns":7.0},{"damage":9.0,"enemies":"Maw","floor":46.0,"turns":10.0},{"damage":94.0,"enemies":"Giant Head","floor":47.0,"turns":12.0},{"damage":58.0,"enemies":"Awakened One","floor":50.0,"turns":16.0},{"damage":37.0,"enemies":"Donu and Deca","floor":51.0,"turns":16.0},{"damage":18.0,"enemies":"Shield and Spear","floor":55.0,"turns":11.0},{"damage":92,"enemies":"The Heart","floor":56,"turns":11}],"seed_played":"4077428436167261025","potions_obtained":[{"floor":3.0,"key":"Dexterity Potion"},{"floor":5.0,"key":"Ancient Potion"},{"floor":14.0,"key":"Swift Potion"},{"floor":18.0,"key":"GamblersBrew"},{"floor":29.0,"key":"Block Potion"},{"floor":33.0,"key":"LiquidBronze"},{"floor":35.0,"key":"SpeedPotion"}],"is_trial":false,"path_per_floor":["M","M","M","?","M","R","?","?","T","R","M","E","R","E","R","B",null,"M","?","$","M","?","R","M","?","T","R","M","E","M","?","R","B",null,"M","$","M","?","M","E","?","E","T","$","R","M","E","$","R","B","B",null,"R","$","E","B",null],"character_chosen":"IRONCLAD","items_purchased":["Toxic Egg 2","Entrench+1","Body Slam","Disarm+1","Shrug It Off+1","TheAbacus","Offering+1"],"campfire_rested":6,"item_purchase_floors":[20,20,20,44,44,48,54],"current_hp_per_floor":[59,59,52,52,42,42,31,24,24,46,44,36,36,16,38,11,59,17,17,17,11,11,35,36,36,36,60,60,41,40,40,68,16,75,80,80,82,74,89,91,91,113,113,113,113,126,46,46,46,35,39,125,153,153,149,71],"gold":68,"neow_bonus":"RANDOM_COMMON_RELIC","is_prod":false,"is_daily":false,"chose_seed":false,"campfire_upgraded":3,"win_rate":0,"timestamp":1552287268,"path_taken":["M","M","M","?","?","R","?","?","T","R","M","E","R","E","R","BOSS","M","?","$","M","?","R","M","?","T","R","M","E","?","?","R","BOSS","M","$","M","?","M","E","?","E","T","?","R","M","E","$","R","BOSS","BOSS","R","$","E","BOSS"],"build_version":"2019-01-23","purchased_purges":5,"victory":true,"max_hp_per_floor":[75,75,75,75,75,75,75,75,75,75,75,75,75,75,75,75,75,80,80,80,83,83,83,83,83,83,83,88,92,95,95,95,95,95,100,100,110,112,121,123,123,139,139,139,139,143,145,145,145,149,153,153,153,153,155,155],"card_choices":[{"not_picked":["Wild Strike","Havoc"],"picked":"Evolve","floor":1.0},{"not_picked":["Flex","Twin Strike"],"picked":"Pommel Strike","floor":2.0},{"not_picked":["Warcry","Flex"],"picked":"Fiend Fire","floor":3.0},{"not_picked":["Twin Strike","Warcry"],"picked":"Iron Wave","floor":5.0},{"not_picked":["Armaments","Bloodletting"],"picked":"Twin Strike","floor":11.0},{"not_picked":["Sentinel","Body Slam"],"picked":"Entrench","floor":12.0},{"not_picked":["Thunderclap","Twin Strike"],"picked":"True Grit","floor":14.0},{"not_picked":["Double Tap","Brutality"],"picked":"Feed","floor":16.0},{"not_picked":["Flex","Dual Wield","Headbutt"],"picked":"Singing Bowl","floor":18.0},{"not_picked":["Bloodletting+1","Heavy Blade"],"picked":"Disarm+1","floor":21.0},{"not_picked":["Clothesline","Headbutt"],"picked":"Armaments+1","floor":24.0},{"not_picked":["Rampage+1","Anger+1","Twin Strike"],"picked":"Singing Bowl","floor":28.0},{"not_picked":["Iron Wave","Body Slam"],"picked":"Offering+1","floor":29.0},{"not_picked":["Thunderclap","Intimidate+1"],"picked":"True Grit+1","floor":30.0},{"not_picked":["Brutality","Demon Form"],"picked":"Double Tap+1","floor":33.0},{"not_picked":["Thunderclap","Perfected Strike","Pummel+1"],"picked":"Singing Bowl","floor":35.0},{"not_picked":["Clothesline","Searing Blow","Power Through+1"],"picked":"Singing Bowl","floor":37.0},{"not_picked":["Chrysalis+1","Magnetism","Secret Weapon+1"],"picked":"Singing Bowl","floor":38.0},{"not_picked":["Finesse+1","Discovery+1"],"picked":"Bandage Up+1","floor":38.0},{"not_picked":["Enlightenment+1","Chrysalis+1"],"picked":"Good Instincts+1","floor":38.0},{"not_picked":["Iron Wave","Heavy Blade+1","Anger"],"picked":"Singing Bowl","floor":39.0},{"not_picked":["Blood for Blood","Cleave","Second Wind+1"],"picked":"Singing Bowl","floor":40.0},{"not_picked":["Heavy Blade","Thunderclap","Havoc+1"],"picked":"Singing Bowl","floor":42.0},{"not_picked":["Wild Strike","Spot Weakness+1"],"picked":"Warcry+1","floor":46.0},{"not_picked":["Dropkick","Body Slam","Juggernaut"],"picked":"Singing Bowl","floor":47.0},{"not_picked":["Feel No Pain+1","Intimidate+1","Clash"],"picked":"Singing Bowl","floor":55.0}],"player_experience":883161,"relics_obtained":[{"floor":9.0,"key":"Smiling Mask"},{"floor":12.0,"key":"Singing Bowl"},{"floor":14.0,"key":"Happy Flower"},{"floor":26.0,"key":"Pantograph"},{"floor":29.0,"key":"Self Forming Clay"},{"floor":42.0,"key":"Pear"},{"floor":47.0,"key":"Paper Frog"},{"floor":55.0,"key":"Blue Candle"}],"event_choices":[{"damage_healed":0.0,"max_hp_gain":0.0,"max_hp_loss":0.0,"gold_gain":0.0,"event_name":"FaceTrader","player_choice":"Trade","floor":4.0,"gold_loss":0.0,"damage_taken":0.0,"relics_obtained":["SsserpentHead"]},{"damage_healed":0.0,"max_hp_gain":0.0,"max_hp_loss":0.0,"gold_gain":75.0,"event_name":"World of Goop","player_choice":"Gather Gold","floor":7.0,"gold_loss":0.0,"damage_taken":11.0},{"cards_removed":["Strike_R"],"damage_healed":0.0,"max_hp_gain":0.0,"max_hp_loss":0.0,"gold_gain":0.0,"event_name":"Golden Wing","player_choice":"Card Removal","floor":8.0,"gold_loss":0.0,"damage_taken":7.0},{"damage_healed":0.0,"max_hp_gain":0.0,"max_hp_loss":0.0,"gold_gain":0.0,"event_name":"Ghosts","player_choice":"Ignored","floor":19.0,"gold_loss":0.0,"damage_taken":0.0},{"damage_healed":0.0,"max_hp_gain":0.0,"max_hp_loss":0.0,"gold_gain":0.0,"event_name":"The Library","player_choice":"Read","floor":22.0,"gold_loss":0.0,"damage_taken":0.0,"cards_obtained":["Battle Trance"]},{"damage_healed":0.0,"max_hp_gain":0.0,"max_hp_loss":0.0,"gold_gain":0.0,"cards_transformed":["Strike_R","Strike_R"],"event_name":"Drug Dealer","player_choice":"Became Test Subject","floor":25.0,"gold_loss":0.0,"damage_taken":0.0,"cards_obtained":["Exhume","Sever Soul"]},{"damage_healed":0.0,"max_hp_gain":0.0,"max_hp_loss":0.0,"gold_gain":0.0,"event_name":"Addict","player_choice":"Obtained Relic","floor":31.0,"gold_loss":85.0,"damage_taken":0.0,"relics_obtained":["Ornamental Fan"]},{"damage_healed":0.0,"max_hp_gain":0.0,"max_hp_loss":0.0,"gold_gain":0.0,"event_name":"SensoryStone","player_choice":"Memory 3","floor":38.0,"gold_loss":0.0,"damage_taken":10.0},{"damage_healed":0.0,"max_hp_gain":0.0,"max_hp_loss":0.0,"gold_gain":0.0,"event_name":"Tomb of Lord Red Mask","player_choice":"Ignored","floor":41.0,"gold_loss":0.0,"damage_taken":0.0}],"is_beta":false,"boss_relics":[{"not_picked":["Empty Cage","Philosopher\u0027s Stone"],"picked":"Cursed Key"},{"not_picked":["White Beast Statue","Orrery"],"picked":"Astrolabe"}],"items_purged_floors":[20,36,44,48,54],"is_endless":false,"potions_floor_spawned":[3,5,14,18,29,33,35,37,42],"ascension_level":20}