{"gold_per_floor":[114,131,81,93,108,108,64,77,77,77,2,2,2,2,2,2],"floor_reached":16,"playtime":732,"items_purged":["Strike_G"],"score":90,"play_id":"a3100ebc-4313-4e0d-8d50-300bddf55579","local_time":"20190709000244","is_ascension_mode":false,"campfire_choices":[{"data":"Burst","floor":6,"key":"SMITH"},{"data":"Footwork","floor":10,"key":"SMITH"},{"data":"Cloak And Dagger","floor":12,"key":"SMITH"},{"data":"Survivor","floor":15,"key":"SMITH"}],"neow_cost":"NONE","seed_source_timestamp":46183874086618,"circlet_count":0,"master_deck":["Strike_G","Strike_G","Strike_G","Defend_G","Defend_G","Defend_G","Defend_G","Survivor+1","Neutralize","Burst+1","Dagger Spray","Acrobatics","Cloak And Dagger+1","Dagger Throw","Footwork+1"],"relics":["Ring of the Snake","Molten Egg 2"],"potions_floor_usage":[],"damage_taken":[{"damage":5,"enemies":"Small Slimes","floor":1,"turns":9},{"damage":0,"enemies":"Jaw Worm","floor":2,"turns":6},{"damage":0,"enemies":"Cultist","floor":4,"turns":4},{"damage":1,"enemies":"3 Louse","floor":5,"turns":3},{"damage":2,"enemies":"Exordium Wildlife","floor":8,"turns":6},{"damage":65,"enemies":"Slime Boss","floor":16,"turns":10}],"seed_played":"3620911889832947324","potions_obtained":[{"floor":4,"key":"LiquidBronze"},{"floor":8,"key":"PowerPotion"}],"is_trial":false,"path_per_floor":["M","M","?","M","M","R","?","M","T","R","$","R","$","$","R","B"],"character_chosen":"THE_SILENT","items_purchased":[],"campfire_rested":0,"item_purchase_floors":[],"current_hp_per_floor":[65,65,65,65,64,64,64,62,62,62,62,62,62,62,62,0],"gold":2,"neow_bonus":"TRANSFORM_CARD","is_prod":false,"is_daily":false,"chose_seed":false,"campfire_upgraded":4,"win_rate":0.0,"timestamp":1562644964,"path_taken":["M","M","?","M","M","R","?","M","T","R","$","R","?","$","R","BOSS"],"build_version":"2019-07-05","purchased_purges":1,"victory":false,"max_hp_per_floor":[70,70,70,70,70,70,70,70,70,70,70,70,70,70,70,70],"card_choices":[{"not_picked":["Underhanded Strike","Endless Agony"],"picked":"Dagger Spray","floor":1},{"not_picked":["Heel Hook","Skewer"],"picked":"Acrobatics","floor":2},{"not_picked":["PiercingWail","Flying Knee"],"picked":"Cloak And Dagger","floor":4},{"not_picked":["Backflip","PiercingWail"],"picked":"Dagger Throw","floor":5},{"not_picked":["Catalyst","Poisoned Stab"],"picked":"Footwork","floor":8}],"player_experience":31417,"relics_obtained":[{"floor":9,"key":"Molten Egg 2"}],"event_choices":[{"cards_removed":["Defend_G"],"damage_healed":0,"gold_gain":0,"player_choice":"Card Removal","damage_taken":0,"max_hp_gain":0,"max_hp_loss":0,"event_name":"The Cleric","floor":3,"gold_loss":50},{"damage_healed":0,"gold_gain":0,"player_choice":"Left Gold","damage_taken":0,"max_hp_gain":0,"max_hp_loss":0,"event_name":"World of Goop","floor":7,"gold_loss":44}],"is_beta":false,"boss_relics":[],"items_purged_floors":[11],"is_endless":false,"potions_floor_spawned":[4,8],"killed_by":"Slime Boss","ascension_level":0}