{"gold_per_floor":[113,113,134,25,38,38,77,42,69,112,112,136,136,149,149,149],"floor_reached":16,"playtime":619,"items_purged":[],"score":220,"play_id":"e3a564b2-b25b-45ea-989d-a81439526190","local_time":"20190527152323","is_ascension_mode":true,"campfire_choices":[{"data":"Cleave","floor":6.0,"key":"SMITH"},{"data":"Inflame","floor":11,"key":"SMITH"},{"data":"Spot Weakness","floor":13,"key":"SMITH"},{"floor":15,"key":"REST"}],"neow_cost":"NONE","seed_source_timestamp":1022588788757008,"circlet_count":0,"master_deck":["AscendersBane","Strike_R","Strike_R","Strike_R","Strike_R","Strike_R","Defend_R","Defend_R","Defend_R","Defend_R","Bash+1","Twin Strike","Cleave+1","True Grit","Inflame+1","Spot Weakness+1","Dropkick","Sword Boomerang","Shrug It Off+1","True Grit+1"],"special_seed":0,"relics":["Burning Blood","Golden Idol","Blood Vial","Bag of Preparation","Toxic Egg 2"],"potions_floor_usage":[16],"damage_taken":[{"damage":7.0,"enemies":"Small Slimes","floor":1.0,"turns":3.0},{"damage":7.0,"enemies":"Jaw Worm","floor":3.0,"turns":3.0},{"damage":0.0,"enemies":"2 Louse","floor":5.0,"turns":2.0},{"damage":28,"enemies":"3 Sentries","floor":7,"turns":5},{"damage":35,"enemies":"Lagavulin","floor":10,"turns":6},{"damage":8,"enemies":"Blue Slaver","floor":12,"turns":3},{"damage":6,"enemies":"3 Louse","floor":14,"turns":4},{"damage":42,"enemies":"Hexaghost","floor":16,"turns":9}],"seed_played":"-8820336050237088214","potions_obtained":[{"floor":5.0,"key":"FearPotion"},{"floor":7,"key":"SteroidPotion"}],"is_trial":false,"path_per_floor":["M","?","M","$","M","R","E","?","T","E","R","M","R","M","R","B"],"character_chosen":"IRONCLAD","items_purchased":["True Grit","Inflame"],"campfire_rested":1,"item_purchase_floors":[4,4],"current_hp_per_floor":[67,41,40,40,46,46,24,42,42,15,15,15,15,17,39,0],"gold":149,"neow_bonus":"UPGRADE_CARD","is_prod":false,"is_daily":false,"chose_seed":false,"campfire_upgraded":3,"win_rate":0,"timestamp":1558985003,"path_taken":["M","?","M","$","M","R","E","?","T","E","R","?","R","M","R","BOSS"],"build_version":"2019-01-23","purchased_purges":0,"victory":false,"max_hp_per_floor":[75,75,75,75,75,75,75,75,75,75,75,75,75,75,75,75],"card_choices":[{"not_picked":["Warcry","Power Through"],"picked":"Twin Strike","floor":1.0},{"not_picked":["Clash","Twin Strike"],"picked":"Cleave","floor":3.0},{"not_picked":["Sword Boomerang","True Grit"],"picked":"Spot Weakness","floor":5.0},{"not_picked":["Burning Pact","Seeing Red"],"picked":"Dropkick","floor":7},{"not_picked":["Inflame","Second Wind"],"picked":"Sword Boomerang","floor":10},{"not_picked":["Juggernaut","Reckless Charge"],"picked":"Shrug It Off+1","floor":12},{"not_picked":["Sword Boomerang","Perfected Strike"],"picked":"True Grit+1","floor":14}],"player_experience":1419372,"relics_obtained":[{"floor":7,"key":"Blood Vial"},{"floor":9,"key":"Bag of Preparation"},{"floor":10,"key":"Toxic Egg 2"}],"event_choices":[{"damage_healed":0.0,"max_hp_gain":0.0,"max_hp_loss":0.0,"gold_gain":0.0,"event_name":"Golden Idol","player_choice":"Take Damage","floor":2.0,"gold_loss":0.0,"damage_taken":26.0,"relics_obtained":["Golden Idol"]},{"damage_healed":18,"gold_gain":0,"player_choice":"Healed","damage_taken":0,"max_hp_gain":0,"max_hp_loss":0,"event_name":"The Cleric","floor":8,"gold_loss":35}],"is_beta":false,"boss_relics":[],"items_purged_floors":[],"is_endless":false,"potions_floor_spawned":[5,7,14],"killed_by":"Hexaghost","ascension_level":20}