{"gold_per_floor":[116,40,40,40,40,65,65,91,91,104,121,141,169,184,184,263,263,280,280,290,290,47,74,86,86,86,86,104,104,104,130,130,202,202,213,51,51,68,113,113,194,228,253,266,297,297,46,46,46,46],"floor_reached":50,"playtime":2866,"items_purged":["Strike_G"],"score":1433,"play_id":"2aff94f6-5225-48a8-8da8-f7d226e44366","local_time":"20190717011052","is_ascension_mode":true,"campfire_choices":[{"data":"Neutralize","floor":7,"key":"SMITH"},{"data":"Footwork","floor":15,"key":"SMITH"},{"data":"Well Laid Plans","floor":25,"key":"SMITH"},{"data":"Leg Sweep","floor":27,"key":"SMITH"},{"data":"Bouncing Flask","floor":32,"key":"SMITH"},{"data":"Wraith Form v2","floor":40,"key":"SMITH"},{"floor":46,"key":"RECALL"},{"data":"Catalyst","floor":49,"key":"SMITH"}],"neow_cost":"NONE","seed_source_timestamp":598100778986188,"circlet_count":0,"master_deck":["AscendersBane","Strike_G","Strike_G","Strike_G","Strike_G","Defend_G","Defend_G","Defend_G","Defend_G","Survivor","Neutralize+1","Flying Knee","Noxious Fumes+1","PiercingWail","PiercingWail","Backflip","Backflip","Footwork+1","Glass Knife","Blade Dance","Leg Sweep+1","Well Laid Plans+1","Bouncing Flask+1","Well Laid Plans","Die Die Die","Footwork","Wraith Form v2+1","Blade Dance+1","Catalyst+1","Madness","Madness"],"relics":["Ring of the Snake","NeowsBlessing","Dead Branch","Ninja Scroll","Blood Vial","Calipers","Coffee Dripper","Letter Opener","Vajra","Singing Bowl","Mercury Hourglass","MutagenicStrength","Pear","Sozu","The Specimen","Ornamental Fan","Paper Crane","PreservedInsect","Medical Kit"],"potions_floor_usage":[33],"damage_taken":[{"damage":0,"enemies":"Jaw Worm","floor":1,"turns":1},{"damage":0,"enemies":"3 Sentries","floor":6,"turns":1},{"damage":0,"enemies":"Gremlin Nob","floor":8,"turns":1},{"damage":0,"enemies":"2 Louse","floor":10,"turns":2},{"damage":0,"enemies":"Cultist","floor":11,"turns":3},{"damage":0,"enemies":"Red Slaver","floor":12,"turns":2},{"damage":11,"enemies":"3 Sentries","floor":13,"turns":7},{"damage":0,"enemies":"3 Louse","floor":14,"turns":3},{"damage":2,"enemies":"Hexaghost","floor":16,"turns":12},{"damage":0,"enemies":"Chosen","floor":18,"turns":2},{"damage":0,"enemies":"Spheric Guardian","floor":20,"turns":4},{"damage":3,"enemies":"Gremlin Leader","floor":23,"turns":8},{"damage":0,"enemies":"Centurion and Healer","floor":24,"turns":5},{"damage":0,"enemies":"3 Cultists","floor":28,"turns":3},{"damage":1,"enemies":"Slavers","floor":31,"turns":4},{"damage":5,"enemies":"Champ","floor":33,"turns":11},{"damage":0,"enemies":"3 Darklings","floor":35,"turns":2},{"damage":0,"enemies":"3 Shapes","floor":38,"turns":4},{"damage":16,"enemies":"2 Orb Walkers","floor":39,"turns":5},{"damage":0,"enemies":"Giant Head","floor":42,"turns":8},{"damage":0,"enemies":"Sphere and 2 Shapes","floor":44,"turns":1},{"damage":0,"enemies":"Reptomancer","floor":45,"turns":5},{"damage":77,"enemies":"Time Eater","floor":50,"turns":4}],"seed_played":"6980723585210248640","potions_obtained":[{"floor":6,"key":"LiquidBronze"},{"floor":10,"key":"PowerPotion"},{"floor":16,"key":"Strength Potion"},{"floor":33,"key":"LiquidBronze"}],"is_trial":false,"path_per_floor":["M","$","?","?","?","E","R","E","T","M","M","M","E","M","R","B",null,"M","T","M","?","$","E","M","R","T","R","M","?","?","E","R","B",null,"M","$","?","M","?","R","T","E","T","M","E","R","$","?","R","B"],"character_chosen":"THE_SILENT","items_purchased":["Noxious Fumes","Vajra","Wraith Form v2","Catalyst","Medical Kit"],"campfire_rested":0,"item_purchase_floors":[2,22,36,47,47],"current_hp_per_floor":[59,59,64,64,64,64,64,64,64,66,68,70,60,62,62,62,69,71,71,71,71,71,70,72,72,72,72,73,73,73,84,84,80,84,85,85,85,87,73,73,73,75,75,79,83,83,83,66,66,0],"gold":46,"neow_bonus":"THREE_ENEMY_KILL","is_prod":false,"is_daily":false,"chose_seed":false,"campfire_upgraded":7,"win_rate":0,"timestamp":1563340252,"path_taken":["M","$","?","?","?","E","R","E","T","M","M","M","E","?","R","BOSS","M","?","M","?","$","E","M","R","T","R","M","?","?","E","R","BOSS","M","$","?","M","?","R","?","E","T","?","E","R","$","?","R","BOSS"],"build_version":"2019-07-05","purchased_purges":1,"victory":false,"max_hp_per_floor":[66,66,71,71,71,71,71,71,71,71,71,71,71,71,71,71,71,71,71,71,71,71,73,73,73,73,73,73,73,73,85,85,85,85,85,85,85,87,89,89,89,89,89,91,93,93,93,93,93,93],"card_choices":[{"not_picked":["Quick Slash","Backflip"],"picked":"Flying Knee","floor":1},{"not_picked":["Blade Dance","Eviscerate"],"picked":"PiercingWail","floor":6},{"not_picked":["Dash","Endless Agony"],"picked":"PiercingWail","floor":8},{"not_picked":["Reflex","Deflect","Flying Knee"],"picked":"SKIP","floor":10},{"not_picked":["Riddle With Holes","Eviscerate","Quick Slash"],"picked":"SKIP","floor":11},{"not_picked":["Caltrops","Quick Slash"],"picked":"Backflip","floor":12},{"not_picked":["Outmaneuver","Flying Knee"],"picked":"Backflip","floor":13},{"not_picked":["Masterful Stab","Deflect"],"picked":"Footwork","floor":14},{"not_picked":["Unload","Tools of the Trade"],"picked":"Glass Knife","floor":16},{"not_picked":["Bane","Accuracy"],"picked":"Blade Dance","floor":18},{"not_picked":["Noxious Fumes","Masterful Stab"],"picked":"Leg Sweep","floor":20},{"not_picked":["Setup","Deadly Poison","Dagger Spray"],"picked":"Singing Bowl","floor":23},{"not_picked":["Expertise","Slice"],"picked":"Bouncing Flask","floor":24},{"not_picked":["Slice","Dagger Throw"],"picked":"Well Laid Plans","floor":28},{"not_picked":["Prepared","Acrobatics","Slice"],"picked":"Singing Bowl","floor":31},{"not_picked":["Phantasmal Killer","Envenom"],"picked":"Die Die Die","floor":33},{"not_picked":["Dagger Spray","Deflect"],"picked":"Footwork","floor":35},{"not_picked":["Acrobatics","Slice+1","Concentrate"],"picked":"Singing Bowl","floor":38},{"not_picked":["Dodge and Roll","Bane+1","Quick Slash"],"picked":"Singing Bowl","floor":39},{"not_picked":["Slice+1","Deflect"],"picked":"Blade Dance+1","floor":42},{"not_picked":["Poisoned Stab","Underhanded Strike","Cloak And Dagger"],"picked":"Singing Bowl","floor":44},{"not_picked":["Skewer","Finisher","Dagger Spray"],"picked":"Singing Bowl","floor":45}],"player_experience":1609206,"relics_obtained":[{"floor":6,"key":"Dead Branch"},{"floor":8,"key":"Ninja Scroll"},{"floor":9,"key":"Blood Vial"},{"floor":13,"key":"Calipers"},{"floor":19,"key":"Letter Opener"},{"floor":23,"key":"Singing Bowl"},{"floor":26,"key":"Mercury Hourglass"},{"floor":31,"key":"Pear"},{"floor":39,"key":"The Specimen"},{"floor":41,"key":"Ornamental Fan"},{"floor":42,"key":"Paper Crane"},{"floor":45,"key":"PreservedInsect"}],"event_choices":[{"damage_healed":0,"gold_gain":0,"player_choice":"Donut","damage_taken":0,"max_hp_gain":5,"max_hp_loss":0,"event_name":"Big Fish","floor":3,"gold_loss":0},{"damage_healed":0,"gold_gain":0,"player_choice":"Ignored","damage_taken":0,"max_hp_gain":0,"max_hp_loss":0,"event_name":"Liars Game","floor":4,"gold_loss":0},{"damage_healed":0,"gold_gain":0,"player_choice":"Upgraded","damage_taken":0,"max_hp_gain":0,"max_hp_loss":0,"event_name":"Upgrade Shrine","floor":5,"gold_loss":0,"cards_upgraded":["Noxious Fumes"]},{"damage_healed":0,"gold_gain":0,"player_choice":"Read","damage_taken":0,"max_hp_gain":0,"max_hp_loss":0,"event_name":"The Library","floor":21,"gold_loss":0,"cards_obtained":["Well Laid Plans"]},{"damage_healed":0,"gold_gain":0,"player_choice":"Ignored","damage_taken":0,"max_hp_gain":0,"max_hp_loss":0,"event_name":"Vampires","floor":29,"gold_loss":0},{"damage_healed":0,"gold_gain":0,"player_choice":"Inject Mutagens","damage_taken":0,"relics_obtained":["MutagenicStrength"],"max_hp_gain":0,"max_hp_loss":0,"event_name":"Drug Dealer","floor":30,"gold_loss":0},{"cards_removed":["Defend_G"],"damage_healed":0,"gold_gain":0,"player_choice":"Removed Skill","damage_taken":0,"max_hp_gain":0,"max_hp_loss":0,"event_name":"Falling","floor":37,"gold_loss":0},{"damage_healed":0,"gold_gain":0,"player_choice":"Fight","damage_taken":0,"max_hp_gain":0,"max_hp_loss":0,"event_name":"Mysterious Sphere","floor":39,"gold_loss":0},{"damage_healed":0,"gold_gain":0,"player_choice":"Embrace Madness","damage_taken":17,"max_hp_gain":0,"max_hp_loss":0,"event_name":"Winding Halls","floor":48,"gold_loss":0,"cards_obtained":["Madness","Madness"]}],"is_beta":false,"boss_relics":[{"not_picked":["Eternal Feather","Ectoplasm"],"picked":"Coffee Dripper"},{"not_picked":["Calling Bell","Astrolabe"],"picked":"Sozu"}],"items_purged_floors":[22],"is_endless":false,"potions_floor_spawned":[6,10,11,12,14,16,23,24,33,38,39,45],"killed_by":"Time Eater","ascension_level":20}