{"gold_per_floor":[359,359,359,359,378,378,391,401,401,401,432,35,51,78,78,157,157,170,170,187,198,198,198,209,209,209,209,9,42,42,54,54,130,130,144,164,178,78,98,98,109,109,135,151,177,177,203,0,0,0],"floor_reached":50,"playtime":3803,"items_purged":["Strike_B","Strike_B"],"score":1150,"play_id":"286b62f4-b0a1-4d29-89e4-afc97c249f79","local_time":"20180915181540","is_ascension_mode":true,"campfire_choices":[{"floor":6,"key":"REST"},{"data":"Buffer","floor":10,"key":"SMITH"},{"data":"Go for the Eyes","floor":15,"key":"SMITH"},{"data":"Consume","floor":23,"key":"SMITH"},{"data":"Redo","floor":25,"key":"SMITH"},{"data":"Dualcast","floor":30,"key":"SMITH"},{"floor":32,"key":"REST"},{"data":"Fission","floor":40,"key":"SMITH"},{"data":"Reprogram","floor":42,"key":"SMITH"},{"floor":46,"key":"REST"},{"floor":49,"key":"REST"}],"neow_cost":"PERCENT_DAMAGE","seed_source_timestamp":230638532723427,"circlet_count":0,"master_deck":["Defend_B","Defend_B","Defend_B","Defend_B","Zap+1","Dualcast+1","AscendersBane","Conserve Battery+1","Heatsinks","Cold Snap","Buffer+1","Go for the Eyes+1","Turbo+1","Redo+1","Ball Lightning","All For One","Cold Snap+1","Steam","Consume+1","Undo+1","All For One+1","Gash","Gash","Fission+1","Beam Cell","Steam","Reprogram+1","Electrodynamics","Turbo+1"],"relics":["Cracked Core","FossilizedHelix","Dead Branch","Incense Burner","Regal Pillow","Philosopher\u0027s Stone","Bird Faced Urn","Boot","Question Card","Inserter","Whetstone","War Paint","Dodecahedron","Red Mask"],"potions_floor_usage":[14,16,36,47,50,50],"damage_taken":[{"damage":9,"enemies":"2 Louse","floor":1,"turns":2},{"damage":5,"enemies":"Small Slimes","floor":5,"turns":4},{"damage":0,"enemies":"Cultist","floor":7,"turns":4},{"damage":7,"enemies":"2 Fungi Beasts","floor":8,"turns":4},{"damage":0,"enemies":"Lagavulin","floor":11,"turns":8},{"damage":0,"enemies":"Looter","floor":13,"turns":3},{"damage":4,"enemies":"3 Sentries","floor":14,"turns":6},{"damage":0,"enemies":"Slime Boss","floor":16,"turns":9},{"damage":7,"enemies":"Shell Parasite","floor":18,"turns":6},{"damage":0,"enemies":"Chosen","floor":20,"turns":5},{"damage":6,"enemies":"Snake Plant","floor":21,"turns":5},{"damage":0,"enemies":"Centurion and Healer","floor":24,"turns":12},{"damage":15,"enemies":"Slavers","floor":29,"turns":6},{"damage":0,"enemies":"Cultist and Chosen","floor":31,"turns":6},{"damage":0,"enemies":"Collector","floor":33,"turns":11},{"damage":0,"enemies":"Orb Walker","floor":35,"turns":5},{"damage":0,"enemies":"3 Shapes","floor":36,"turns":4},{"damage":0,"enemies":"Maw","floor":37,"turns":7},{"damage":12,"enemies":"Reptomancer","floor":39,"turns":6},{"damage":0,"enemies":"Transient","floor":41,"turns":5},{"damage":0,"enemies":"4 Shapes","floor":44,"turns":3},{"damage":16,"enemies":"2 Orb Walkers","floor":45,"turns":3},{"damage":18,"enemies":"Nemesis","floor":47,"turns":5},{"damage":95,"enemies":"Time Eater","floor":50,"turns":12}],"seed_played":"8480125659424468351","potions_obtained":[{"floor":5,"key":"PowerPotion"},{"floor":11,"key":"Energy Potion"},{"floor":13,"key":"FocusPotion"},{"floor":14,"key":"PowerPotion"},{"floor":18,"key":"Strength Potion"},{"floor":22,"key":"Fire Potion"},{"floor":39,"key":"FearPotion"},{"floor":47,"key":"AttackPotion"}],"is_trial":false,"path_per_floor":["M","?","?","?","M","R","M","M","T","R","E","$","M","E","R","B",null,"M","?","M","M","?","R","M","R","T","T","$","E","R","M","R","B",null,"M","M","M","$","M","R","M","R","T","M","E","R","E","?","R"],"character_chosen":"DEFECT","items_purchased":["Incense Burner","Turbo","All For One","Gash"],"campfire_rested":4,"item_purchase_floors":[12,12,28,28],"current_hp_per_floor":[37,37,30,30,25,46,46,39,39,39,39,39,39,35,35,35,62,55,55,55,49,49,49,49,49,49,49,49,38,38,51,71,71,71,71,71,71,71,63,63,69,69,69,71,55,71,57,57,71,0],"gold":0,"neow_bonus":"TWO_FIFTY_GOLD","is_prod":false,"is_daily":false,"chose_seed":false,"campfire_upgraded":7,"win_rate":0,"timestamp":1537049740,"path_taken":["M","?","?","?","M","R","M","M","T","R","E","$","M","E","R","BOSS","M","?","M","M","?","R","M","R","T","?","?","E","R","M","R","BOSS","M","M","M","$","M","R","M","R","T","M","E","R","E","?","R","BOSS"],"build_version":"2018-09-06","purchased_purges":2,"victory":false,"max_hp_per_floor":[71,71,71,71,71,71,71,71,71,71,71,71,71,71,71,71,71,71,71,71,71,71,71,71,71,71,71,71,71,71,71,71,71,71,71,71,71,71,71,71,71,71,71,71,71,71,71,71,71,71],"card_choices":[{"not_picked":["Coolheaded","Rebound"],"picked":"Conserve Battery","floor":1},{"not_picked":["Auto Shields","Hologram"],"picked":"Cold Snap","floor":5},{"not_picked":["Skim","Steam Power","Chaos"],"picked":"SKIP","floor":7},{"not_picked":["Heatsinks","Redo"],"picked":"Buffer","floor":8},{"not_picked":["Static Discharge","Turbo"],"picked":"Go for the Eyes","floor":11},{"not_picked":["Stack","Rebound"],"picked":"Redo","floor":13},{"not_picked":["Doom and Gloom","Creative AI"],"picked":"Ball Lightning","floor":14},{"not_picked":["Thunder Strike","Amplify"],"picked":"All For One","floor":16},{"not_picked":["Barrage","Heatsinks"],"picked":"Cold Snap","floor":18},{"not_picked":["Go for the Eyes","Tempest"],"picked":"Consume","floor":20},{"not_picked":["Stack","White Noise"],"picked":"Undo+1","floor":21},{"not_picked":["Conserve Battery","Aggregate","Streamline"],"picked":"SKIP","floor":24},{"not_picked":["Undo","Sweeping Beam","Compile Driver+1"],"picked":"SKIP","floor":29},{"not_picked":["Redo","Turbo","Scrape"],"picked":"Gash","floor":31},{"not_picked":["Machine Learning","Multi-Cast","Meteor Strike"],"picked":"Fission","floor":33},{"not_picked":["Sunder","Go for the Eyes","Cold Snap"],"picked":"Beam Cell","floor":35},{"not_picked":["Reinforced Body+1","Rip and Tear","Ball Lightning"],"picked":"Steam","floor":36},{"not_picked":["Beam Cell","Steam","Ball Lightning"],"picked":"Reprogram","floor":37},{"not_picked":["Auto Shields","Barrage+1","Steam"],"picked":"Electrodynamics","floor":39},{"not_picked":["Leap","Reinforced Body","Beam Cell","Rip and Tear"],"picked":"SKIP","floor":41},{"not_picked":["Sweeping Beam","Go for the Eyes+1","Rip and Tear","Rebound+1"],"picked":"SKIP","floor":44},{"not_picked":["Glacier","Steam","Genetic Algorithm"],"picked":"Turbo+1","floor":45},{"not_picked":["Tempest","Meteor Strike","Force Field","Gash"],"picked":"SKIP","floor":47}],"player_experience":388680,"relics_obtained":[{"floor":9,"key":"FossilizedHelix"},{"floor":11,"key":"Dead Branch"},{"floor":14,"key":"Regal Pillow"},{"floor":26,"key":"Bird Faced Urn"},{"floor":27,"key":"Boot"},{"floor":29,"key":"Question Card"},{"floor":43,"key":"Whetstone"},{"floor":45,"key":"War Paint"},{"floor":47,"key":"Dodecahedron"}],"event_choices":[{"event_name":"Living Wall","player_choice":"Grow","floor":2,"damage_taken":0},{"event_name":"Golden Wing","player_choice":"Card Removal","floor":3,"damage_taken":0},{"event_name":"Transmorgrifier","player_choice":"Transform","floor":4,"damage_taken":0},{"event_name":"The Library","player_choice":"Read","floor":19,"damage_taken":0},{"event_name":"The Lab","player_choice":"Got Potions","floor":22,"damage_taken":0},{"event_name":"Tomb of Lord Red Mask","player_choice":"Paid","floor":48,"damage_taken":0}],"is_beta":false,"boss_relics":[{"not_picked":["Runic Pyramid","Empty Cage"],"picked":"Philosopher\u0027s Stone"},{"not_picked":["Busted Crown","Astrolabe"],"picked":"Inserter"}],"items_purged_floors":[12,38],"is_endless":false,"potions_floor_spawned":[5,11,13,14,18,24,33,35,39,44,47],"killed_by":"Time Eater","ascension_level":15}