{"gold_per_floor":[118,118,138,103,117,117,148,148,148,176,17,17,72,88,88,163,163,174,38,49,49,49,49,82,93,93,93,118,138,166,3,3,82,82,97,97,97,114,336,370,370,470,470,482,495,514,514,549,549,549,549,549,549,52,84,84],"floor_reached":57,"playtime":6627,"items_purged":["Strike_B","Zap"],"score":2762,"play_id":"7bc43329-d145-403c-8475-2437a20b24b6","local_time":"20190529020143","is_ascension_mode":true,"campfire_choices":[{"data":"Sunder","floor":6,"key":"SMITH"},{"floor":8,"key":"REST"},{"data":"Defragment","floor":12,"key":"SMITH"},{"floor":15,"key":"REST"},{"data":"Defragment","floor":23,"key":"SMITH"},{"floor":27,"key":"REST"},{"floor":32,"key":"REST"},{"floor":47,"key":"RECALL"},{"data":"Shame","floor":49,"key":"PURGE"},{"data":"Injury","floor":53,"key":"PURGE"}],"neow_cost":"TEN_PERCENT_HP_LOSS","seed_source_timestamp":1141307676696793,"circlet_count":0,"master_deck":["AscendersBane","Strike_B+1","Strike_B+1","Defend_B","Defend_B","Defend_B","Defend_B","Dualcast","Genetic Algorithm","Chaos","Sunder+1","Coolheaded","Defragment+1","Genetic Algorithm","Buffer","Creative AI","Steam","Defragment+1","Conserve Battery","Turbo","Capacitor","Conserve Battery+1","Heatsinks","Echo Form","Hologram+1","Recycle+1","Chill","Hologram+1","Force Field+1","Echo Form+1","PanicButton+1","Skim+1"],"relics":["Cracked Core","Ginger","Torii","Ice Cream","Bag of Preparation","Bird Faced Urn","Cursed Key","Art of War","Red Mask","Anchor","Happy Flower","Nuclear Battery","GremlinMask","Symbiotic Virus","Peace Pipe","Toxic Egg 2","Frozen Egg 2","Bronze Scales","Lantern"],"potions_floor_usage":[13,13,20,24,30,33,40,48,55,56],"damage_taken":[{"damage":2,"enemies":"Jaw Worm","floor":1,"turns":4},{"damage":4,"enemies":"Small Slimes","floor":3,"turns":3},{"damage":8,"enemies":"2 Louse","floor":5,"turns":3},{"damage":40,"enemies":"3 Sentries","floor":7,"turns":8},{"damage":2,"enemies":"Lagavulin","floor":10,"turns":7},{"damage":22,"enemies":"Lagavulin Event","floor":13,"turns":5},{"damage":1,"enemies":"Exordium Wildlife","floor":14,"turns":3},{"damage":2,"enemies":"The Guardian","floor":16,"turns":14},{"damage":35,"enemies":"3 Byrds","floor":18,"turns":7},{"damage":1,"enemies":"Shell Parasite","floor":20,"turns":11},{"damage":37,"enemies":"Book of Stabbing","floor":24,"turns":5},{"damage":29,"enemies":"Cultist and Chosen","floor":25,"turns":7},{"damage":44,"enemies":"Masked Bandits","floor":28,"turns":6},{"damage":1,"enemies":"3 Cultists","floor":29,"turns":6},{"damage":40,"enemies":"Gremlin Leader","floor":30,"turns":12},{"damage":1,"enemies":"Collector","floor":33,"turns":11},{"damage":1,"enemies":"Orb Walker","floor":35,"turns":6},{"damage":0,"enemies":"3 Shapes","floor":38,"turns":6},{"damage":0,"enemies":"Giant Head","floor":40,"turns":11},{"damage":0,"enemies":"Mind Bloom Boss Battle","floor":42,"turns":8},{"damage":13,"enemies":"Maw","floor":44,"turns":8},{"damage":1,"enemies":"3 Darklings","floor":45,"turns":11},{"damage":1,"enemies":"Jaw Worm Horde","floor":46,"turns":7},{"damage":58,"enemies":"Reptomancer","floor":48,"turns":8},{"damage":9,"enemies":"Donu and Deca","floor":50,"turns":9},{"damage":13,"enemies":"Time Eater","floor":51,"turns":24},{"damage":12,"enemies":"Shield and Spear","floor":55,"turns":10},{"damage":24,"enemies":"The Heart","floor":56,"turns":15}],"seed_played":"-5281303165480159587","potions_obtained":[{"floor":5,"key":"Strength Potion"},{"floor":7,"key":"GamblersBrew"},{"floor":10,"key":"EssenceOfSteel"},{"floor":14,"key":"GamblersBrew"},{"floor":16,"key":"Regen Potion"},{"floor":18,"key":"PowerPotion"},{"floor":28,"key":"Explosive Potion"},{"floor":29,"key":"SpeedPotion"},{"floor":33,"key":"Fire Potion"},{"floor":35,"key":"PowerPotion"},{"floor":40,"key":"PowerPotion"},{"floor":45,"key":"AttackPotion"}],"is_trial":false,"path_per_floor":["M","?","M","?","M","R","E","R","T","E","$","R","?","M","R","B",null,"M","$","M","?","?","R","E","M","T","R","?","M","E","$","R","B",null,"M","?","?","M","?","E","?","?","T","M","M","M","R","E","R","B","B",null,"R","$","E","B",null],"character_chosen":"DEFECT","items_purchased":["Genetic Algorithm","Defragment","Conserve Battery","Happy Flower","Bronze Scales","GamblersBrew","Energy Potion","PanicButton+1"],"campfire_rested":4,"item_purchase_floors":[11,19,19,31,54,54,54,54],"current_hp_per_floor":[62,43,39,55,47,47,7,26,26,24,24,24,2,3,22,24,54,37,37,64,47,47,47,26,15,15,35,13,32,24,24,44,69,69,69,69,69,69,69,69,66,66,66,66,66,66,66,50,50,66,66,66,66,66,66,66],"gold":84,"neow_bonus":"ONE_RARE_RELIC","is_prod":false,"is_daily":false,"chose_seed":false,"campfire_upgraded":3,"win_rate":0,"timestamp":1559109703,"path_taken":["M","?","M","?","M","R","E","R","T","E","$","R","?","M","R","BOSS","M","$","M","?","?","R","E","M","T","R","?","M","E","?","R","BOSS","M","?","?","?","?","E","?","?","T","M","M","M","R","E","R","BOSS","BOSS","R","$","E","BOSS"],"build_version":"2019-01-23","purchased_purges":2,"victory":true,"max_hp_per_floor":[64,64,64,64,64,64,64,64,64,64,64,64,64,64,64,64,64,64,64,64,69,69,69,69,69,69,69,69,69,69,69,69,69,69,69,69,69,69,69,69,66,66,66,66,66,66,66,66,66,66,66,66,66,66,66,66],"card_choices":[{"not_picked":["Leap","Stack"],"picked":"Genetic Algorithm","floor":1},{"not_picked":["Conserve Battery","Stack"],"picked":"Chaos","floor":3},{"not_picked":["Conserve Battery","Compile Driver"],"picked":"Sunder","floor":5},{"not_picked":["Reprogram","Streamline"],"picked":"Coolheaded","floor":7},{"not_picked":["Darkness","Hologram"],"picked":"Defragment","floor":10},{"not_picked":["Genetic Algorithm","Capacitor"],"picked":"Buffer","floor":14},{"not_picked":["Electrodynamics","Machine Learning"],"picked":"Creative AI","floor":16},{"not_picked":["Fusion","Conserve Battery"],"picked":"Steam","floor":18},{"not_picked":["Darkness","Redo","Rebound"],"picked":"SKIP","floor":20},{"not_picked":["Hologram","Static Discharge"],"picked":"Turbo","floor":24},{"not_picked":["Barrage","Aggregate"],"picked":"Capacitor","floor":25},{"not_picked":["Sunder","Doom and Gloom"],"picked":"Conserve Battery+1","floor":29},{"not_picked":["Scrape","Steam Power"],"picked":"Heatsinks","floor":30},{"not_picked":["Thunder Strike","Core Surge"],"picked":"Echo Form","floor":33},{"not_picked":["Turbo+1","Redo"],"picked":"Hologram+1","floor":35},{"not_picked":["Streamline","Rebound"],"picked":"Recycle+1","floor":38},{"not_picked":["Steam Power","Hologram","Capacitor"],"picked":"SKIP","floor":40},{"not_picked":["Redo+1","Leap"],"picked":"Chill","floor":42},{"not_picked":["Static Discharge","Cold Snap","Stack+1"],"picked":"SKIP","floor":44},{"not_picked":["Static Discharge","Cold Snap","Stack+1"],"picked":"SKIP","floor":44},{"not_picked":["Scrape","Steam Power+1"],"picked":"Hologram+1","floor":45},{"not_picked":["Stack+1","Turbo+1"],"picked":"Force Field+1","floor":46},{"not_picked":["Stack+1","Turbo+1"],"picked":"Echo Form","floor":48},{"not_picked":["Steam Power+1","Turbo+1"],"picked":"Skim+1","floor":55}],"player_experience":1440838,"relics_obtained":[{"floor":7,"key":"Torii"},{"floor":9,"key":"Ice Cream"},{"floor":10,"key":"Bag of Preparation"},{"floor":13,"key":"Bird Faced Urn"},{"floor":24,"key":"Art of War"},{"floor":28,"key":"Red Mask"},{"floor":30,"key":"Anchor"},{"floor":40,"key":"Symbiotic Virus"},{"floor":42,"key":"Peace Pipe"},{"floor":43,"key":"Toxic Egg 2"},{"floor":48,"key":"Frozen Egg 2"},{"floor":55,"key":"Lantern"}],"event_choices":[{"damage_healed":0,"gold_gain":0,"player_choice":"Entered Light","damage_taken":19,"max_hp_gain":0,"max_hp_loss":0,"event_name":"Shining Light","floor":2,"gold_loss":0,"cards_upgraded":["Strike_B","Strike_B"]},{"damage_healed":16,"gold_gain":0,"player_choice":"Healed","damage_taken":0,"max_hp_gain":0,"max_hp_loss":0,"event_name":"The Cleric","floor":4,"gold_loss":35},{"damage_healed":0,"gold_gain":30,"player_choice":"Searched \u00273\u0027 times","damage_taken":0,"max_hp_gain":0,"max_hp_loss":0,"event_name":"Dead Adventurer","floor":13,"gold_loss":0},{"damage_healed":0,"gold_gain":0,"player_choice":"Shed Blood","damage_taken":22,"max_hp_gain":5,"max_hp_loss":0,"event_name":"Forgotten Altar","floor":21,"gold_loss":0},{"damage_healed":0,"gold_gain":0,"player_choice":"Ignored","damage_taken":0,"max_hp_gain":0,"max_hp_loss":0,"event_name":"Beggar","floor":22,"gold_loss":0},{"damage_healed":0,"gold_gain":0,"player_choice":"Fought Bandits","damage_taken":0,"max_hp_gain":0,"max_hp_loss":0,"event_name":"Masked Bandits","floor":28,"gold_loss":0},{"cards_removed":["Strike_B"],"damage_healed":0,"gold_gain":0,"player_choice":"Removed Attack","damage_taken":0,"max_hp_gain":0,"max_hp_loss":0,"event_name":"Falling","floor":36,"gold_loss":0},{"damage_healed":0,"gold_gain":0,"player_choice":"Trade","damage_taken":0,"relics_obtained":["GremlinMask"],"max_hp_gain":0,"max_hp_loss":0,"event_name":"FaceTrader","floor":37,"gold_loss":0},{"damage_healed":0,"gold_gain":222,"player_choice":"Wore Mask","damage_taken":0,"max_hp_gain":0,"max_hp_loss":0,"event_name":"Tomb of Lord Red Mask","floor":39,"gold_loss":0},{"damage_healed":0,"gold_gain":0,"player_choice":"Max HP","damage_taken":0,"max_hp_gain":0,"max_hp_loss":3,"event_name":"Winding Halls","floor":41,"gold_loss":0},{"damage_healed":0,"gold_gain":0,"player_choice":"Fight","damage_taken":0,"max_hp_gain":0,"max_hp_loss":0,"event_name":"MindBloom","floor":42,"gold_loss":0}],"is_beta":false,"boss_relics":[{"not_picked":["Pandora\u0027s Box","Eternal Feather"],"picked":"Cursed Key"},{"not_picked":["Black Star","White Beast Statue"],"picked":"Nuclear Battery"}],"items_purged_floors":[11,54],"is_endless":false,"potions_floor_spawned":[5,7,10,14,16,18,28,29,33,35,40,45],"ascension_level":20}