{"gold_per_floor":[110,110,125,200,200,231,231,264,340,360,360,360,382,399,399,495,495,514,415,440,457,457,457,156,174,174,206,206,206,237,253,253,348,348,365,365,380,110,128,128,151,251,276,276,276,276,276,293,293,293],"floor_reached":51,"playtime":2356,"items_purged":["Demon Form+1","Dual Wield","Twin Strike"],"score":860,"play_id":"c0920443-e488-49c1-ae20-21939f1d895d","local_time":"20190721133015","is_ascension_mode":true,"campfire_choices":[{"data":"Searing Blow+1","floor":7.0,"key":"SMITH"},{"data":"Searing Blow+2","floor":15.0,"key":"SMITH"},{"data":"Searing Blow+3","floor":23.0,"key":"SMITH"},{"floor":29.0,"key":"RECALL"},{"data":"Searing Blow+5","floor":32.0,"key":"SMITH"},{"data":"Searing Blow+6","floor":40,"key":"SMITH"},{"data":"Searing Blow+7","floor":45,"key":"SMITH"},{"data":"Searing Blow+8","floor":47,"key":"SMITH"},{"data":"Searing Blow+9","floor":49,"key":"SMITH"}],"neow_cost":"NONE","seed_source_timestamp":612959307509390,"circlet_count":0,"master_deck":["Bash","Searing Blow+10","Shrug It Off","Seeing Red","Burning Pact","Headbutt+1","Armaments","Seeing Red","Shockwave","Offering","Spot Weakness","Armaments","Seeing Red","Dark Embrace+1","Double Tap"],"special_seed":0,"relics":["Burning Blood","NeowsBlessing","Bag of Marbles","Shuriken","Matryoshka","Kunai","Gremlin Horn","Frozen Egg 2","Odd Mushroom","Pandora\u0027s Box","Red Mask","Whetstone","Question Card","Mummified Hand","Dodecahedron","Lizard Tail","Thread and Needle","Bag of Preparation","Magic Flower","Regal Pillow"],"potions_floor_usage":[33,50],"damage_taken":[{"damage":0.0,"enemies":"Cultist","floor":1.0,"turns":1.0},{"damage":0.0,"enemies":"Small Slimes","floor":3.0,"turns":1.0},{"damage":0.0,"enemies":"3 Sentries","floor":6.0,"turns":2.0},{"damage":32.0,"enemies":"Gremlin Nob","floor":8.0,"turns":5.0},{"damage":0.0,"enemies":"Jaw Worm","floor":10.0,"turns":2.0},{"damage":16.0,"enemies":"The Mushroom Lair","floor":13.0,"turns":3.0},{"damage":0.0,"enemies":"Exordium Wildlife","floor":14.0,"turns":1.0},{"damage":28.0,"enemies":"The Guardian","floor":16.0,"turns":8.0},{"damage":0.0,"enemies":"Spheric Guardian","floor":18.0,"turns":3.0},{"damage":6.0,"enemies":"Masked Bandits","floor":20.0,"turns":1.0},{"damage":18.0,"enemies":"3 Byrds","floor":21.0,"turns":7.0},{"damage":16.0,"enemies":"Shelled Parasite and Fungi","floor":25.0,"turns":3.0},{"damage":0.0,"enemies":"Gremlin Leader","floor":27.0,"turns":2.0},{"damage":12.0,"enemies":"Slavers","floor":30.0,"turns":2.0},{"damage":6.0,"enemies":"3 Cultists","floor":31.0,"turns":4.0},{"damage":19,"enemies":"Collector","floor":33,"turns":4},{"damage":6,"enemies":"3 Darklings","floor":35,"turns":2},{"damage":0,"enemies":"Orb Walker","floor":37,"turns":1},{"damage":17,"enemies":"Jaw Worm Horde","floor":39,"turns":2},{"damage":0,"enemies":"Mind Bloom Boss Battle","floor":42,"turns":1},{"damage":6,"enemies":"Maw","floor":48,"turns":1},{"damage":8,"enemies":"Donu and Deca","floor":50,"turns":3}],"seed_played":"-5593667862460648918","potions_obtained":[{"floor":6.0,"key":"Swift Potion"},{"floor":8.0,"key":"Strength Potion"},{"floor":14.0,"key":"SneckoOil"},{"floor":16.0,"key":"AttackPotion"},{"floor":20.0,"key":"Fire Potion"},{"floor":27.0,"key":"Strength Potion"},{"floor":31.0,"key":"Swift Potion"},{"floor":33,"key":"LiquidBronze"},{"floor":37,"key":"EssenceOfSteel"}],"is_trial":false,"path_per_floor":["M","?","M","?","?","E","R","E","T","M","?","?","?","M","R","B",null,"M","$","?","M","?","R","$","M","T","E","?","R","E","M","R","B",null,"M","?","M","$","M","R","T","?","T","?","R","?","R","M","R","B",null],"character_chosen":"IRONCLAD","items_purchased":["Armaments","Whetstone","Energy Potion","Double Tap"],"campfire_rested":0,"item_purchase_floors":[19,24,24,38],"current_hp_per_floor":[80,80,80,69,62,68,68,42,42,48,48,48,38,44,44,22,80,80,80,80,68,80,80,80,70,70,76,76,76,70,70,70,57,80,80,80,80,80,69,69,69,75,75,75,75,80,80,80,80,80],"gold":293,"neow_bonus":"THREE_ENEMY_KILL","is_prod":false,"is_daily":false,"chose_seed":false,"campfire_upgraded":8,"win_rate":0,"timestamp":1563730215,"path_taken":["M","?","?","?","?","E","R","E","T","?","?","?","?","M","R","BOSS","M","$","?","M","?","R","$","M","T","E","?","R","E","?","R","BOSS","M","?","M","$","?","R","?","?","T","?","R","?","R","?","R","BOSS"],"build_version":"2019-07-17","purchased_purges":3,"victory":true,"max_hp_per_floor":[80,80,80,80,80,80,80,80,80,80,80,80,80,80,80,80,80,80,80,80,80,80,80,80,80,80,80,80,80,80,80,80,80,80,80,80,80,80,80,80,80,80,80,80,80,80,80,80,80,80],"card_choices":[{"not_picked":["Perfected Strike","True Grit"],"picked":"Searing Blow","floor":1.0},{"not_picked":["Clothesline","Flex"],"picked":"Shrug It Off","floor":3.0},{"not_picked":["Feed","Ghostly Armor"],"picked":"Seeing Red","floor":6.0},{"not_picked":["Juggernaut","Shrug It Off"],"picked":"Burning Pact","floor":8.0},{"not_picked":["Heavy Blade","Feel No Pain"],"picked":"Headbutt","floor":10.0},{"not_picked":["Feel No Pain+1","Shrug It Off"],"picked":"Armaments","floor":13.0},{"not_picked":["Pommel Strike","True Grit","Flex"],"picked":"SKIP","floor":14.0},{"not_picked":["Heavy Blade+1","Evolve+1","Burning Pact"],"picked":"SKIP","floor":18.0},{"not_picked":["Carnage","Hemokinesis","Reckless Charge"],"picked":"SKIP","floor":21.0},{"not_picked":["Perfected Strike","Bloodletting+1","Dropkick"],"picked":"SKIP","floor":25.0},{"not_picked":["True Grit","Shockwave+1","Twin Strike","Limit Break"],"picked":"SKIP","floor":27.0},{"not_picked":["Cleave","Heavy Blade+1","Clothesline+1","Entrench+1"],"picked":"SKIP","floor":30.0},{"not_picked":["Shrug It Off","Feel No Pain+1","Second Wind","Armaments+1"],"picked":"SKIP","floor":31.0},{"not_picked":["Demon Form+1","Fiend Fire","Feed"],"picked":"Dark Embrace+1","floor":33},{"not_picked":["Infernal Blade","Intimidate+1","Clash","Pommel Strike"],"picked":"SKIP","floor":35},{"not_picked":["Spot Weakness","Clothesline+1","Pommel Strike+1","Second Wind"],"picked":"SKIP","floor":37},{"not_picked":["Anger+1","Combust+1","Shrug It Off","Ghostly Armor+1"],"picked":"SKIP","floor":39},{"not_picked":["Twin Strike","Combust+1","Thunderclap+1","Pummel"],"picked":"SKIP","floor":48}],"player_experience":144428,"relics_obtained":[{"floor":6.0,"key":"Shuriken"},{"floor":8.0,"key":"Matryoshka"},{"floor":9.0,"key":"Kunai"},{"floor":9.0,"key":"Gremlin Horn"},{"floor":13.0,"key":"Odd Mushroom"},{"floor":20.0,"key":"Red Mask"},{"floor":26.0,"key":"Question Card"},{"floor":27.0,"key":"Mummified Hand"},{"floor":30.0,"key":"Dodecahedron"},{"floor":41,"key":"Bag of Preparation"},{"floor":42,"key":"Magic Flower"},{"floor":43,"key":"Regal Pillow"}],"event_choices":[{"damage_healed":0.0,"max_hp_gain":0.0,"max_hp_loss":0.0,"gold_gain":0.0,"event_name":"Accursed Blacksmith","player_choice":"Forge","floor":2.0,"gold_loss":0.0,"damage_taken":0.0,"cards_upgraded":["Searing Blow"]},{"damage_healed":0.0,"max_hp_gain":0.0,"max_hp_loss":0.0,"gold_gain":75.0,"event_name":"World of Goop","player_choice":"Gather Gold","floor":4.0,"gold_loss":0.0,"damage_taken":11.0},{"damage_healed":0.0,"max_hp_gain":0.0,"max_hp_loss":0.0,"gold_gain":0.0,"event_name":"Scrap Ooze","player_choice":"Success","floor":5.0,"gold_loss":0.0,"damage_taken":7.0,"relics_obtained":["Bag of Marbles"]},{"damage_healed":0.0,"max_hp_gain":0.0,"max_hp_loss":0.0,"gold_gain":0.0,"event_name":"Dead Adventurer","player_choice":"Searched \u00271\u0027 times","floor":11.0,"gold_loss":0.0,"damage_taken":0.0,"relics_obtained":["Frozen Egg 2"]},{"damage_healed":0.0,"max_hp_gain":0.0,"max_hp_loss":0.0,"gold_gain":0.0,"event_name":"Liars Game","player_choice":"Ignored","floor":12.0,"gold_loss":0.0,"damage_taken":0.0},{"damage_healed":0.0,"max_hp_gain":0.0,"max_hp_loss":0.0,"gold_gain":0.0,"event_name":"Mushrooms","player_choice":"Fought Mushrooms","floor":13.0,"gold_loss":0.0,"damage_taken":0.0},{"damage_healed":0.0,"max_hp_gain":0.0,"max_hp_loss":0.0,"gold_gain":0.0,"event_name":"Masked Bandits","player_choice":"Fought Bandits","floor":20.0,"gold_loss":0.0,"damage_taken":0.0},{"damage_healed":26.0,"max_hp_gain":0.0,"max_hp_loss":0.0,"gold_gain":0.0,"event_name":"The Library","player_choice":"Heal","floor":22.0,"gold_loss":0.0,"damage_taken":0.0},{"damage_healed":0.0,"max_hp_gain":0.0,"max_hp_loss":0.0,"gold_gain":0.0,"event_name":"Duplicator","player_choice":"Copied","floor":28.0,"gold_loss":0.0,"damage_taken":0.0,"cards_obtained":["Seeing Red"]},{"cards_removed":["Power Through"],"damage_healed":0,"gold_gain":0,"player_choice":"Gave Card","damage_taken":0,"relics_obtained":["Thread and Needle"],"max_hp_gain":0,"max_hp_loss":0,"event_name":"WeMeetAgain","floor":36,"gold_loss":0},{"damage_healed":0,"gold_gain":0,"player_choice":"Fight","damage_taken":0,"max_hp_gain":0,"max_hp_loss":0,"event_name":"MindBloom","floor":42,"gold_loss":0},{"damage_healed":0,"gold_gain":0,"player_choice":"Ignored","damage_taken":0,"max_hp_gain":0,"max_hp_loss":0,"event_name":"Mysterious Sphere","floor":44,"gold_loss":0},{"cards_removed":["Twin Strike"],"damage_healed":5,"gold_gain":0,"player_choice":"Offered Common","damage_taken":0,"max_hp_gain":0,"max_hp_loss":0,"event_name":"Bonfire Elementals","floor":46,"gold_loss":0},{"cards_removed":["Twin Strike"],"damage_healed":5,"gold_gain":0,"player_choice":"Offered Special","damage_taken":0,"max_hp_gain":0,"max_hp_loss":0,"event_name":"Bonfire Elementals","floor":46,"gold_loss":0}],"is_beta":false,"boss_relics":[{"not_picked":["Fusion Hammer","Black Star"],"picked":"Pandora\u0027s Box"},{"not_picked":["Runic Pyramid","White Beast Statue"],"picked":"Lizard Tail"}],"items_purged_floors":[19,24,38],"is_endless":false,"potions_floor_spawned":[6,8,14,16,20,27,31,33,37],"ascension_level":2}