{"gold_per_floor":[112,112,132,151,168,168,196,95,95,125,125,138,162,162,162,255,318,294,294,308,308,152,188,212,212,235,235],"floor_reached":27,"playtime":1885,"items_purged":["Pain","Strike_R"],"score":486,"play_id":"4bc3e7c5-3468-44e5-a6b3-ee68901466b1","local_time":"20190504012242","is_ascension_mode":true,"campfire_choices":[{"data":"Bash","floor":6.0,"key":"SMITH"},{"data":"True Grit","floor":15.0,"key":"SMITH"},{"floor":25.0,"key":"REST"}],"neow_cost":"NONE","seed_source_timestamp":0,"circlet_count":0,"master_deck":["AscendersBane","Strike_R","Strike_R","Strike_R","Defend_R","Defend_R+1","Defend_R","Defend_R","Bash+1","Carnage+1","Cleave","Thunderclap","Shrug It Off","True Grit+1","Warcry+1","Disarm+1","Clothesline+1","Barricade","Havoc+1","Body Slam+1","Whirlwind","Flame Barrier+1","Offering+1","Evolve","Metallicize"],"special_seed":0,"relics":["Burning Blood","Blood Vial","WarpedTongs","Boot","Toxic Egg 2","Blue Candle","Golden Idol","Tiny House","Omamori","Art of War"],"potions_floor_usage":[],"damage_taken":[{"damage":7.0,"enemies":"Jaw Worm","floor":1.0,"turns":3.0},{"damage":4.0,"enemies":"Cultist","floor":3.0,"turns":4.0},{"damage":13.0,"enemies":"Small Slimes","floor":4.0,"turns":2.0},{"damage":10.0,"enemies":"Blue Slaver","floor":5.0,"turns":2.0},{"damage":16.0,"enemies":"3 Sentries","floor":7.0,"turns":6.0},{"damage":22.0,"enemies":"Lagavulin","floor":10.0,"turns":5.0},{"damage":5.0,"enemies":"Gremlin Gang","floor":12.0,"turns":4.0},{"damage":0.0,"enemies":"Large Slime","floor":13.0,"turns":5.0},{"damage":19.0,"enemies":"Hexaghost","floor":16.0,"turns":11.0},{"damage":15.0,"enemies":"2 Thieves","floor":18.0,"turns":4.0},{"damage":7.0,"enemies":"3 Byrds","floor":20.0,"turns":3.0},{"damage":21.0,"enemies":"Gremlin Leader","floor":23.0,"turns":6.0},{"damage":18.0,"enemies":"Centurion and Healer","floor":24.0,"turns":7.0},{"damage":65,"enemies":"3 Cultists","floor":27,"turns":6}],"seed_played":"-7666813325923994572","potions_obtained":[{"floor":3.0,"key":"Explosive Potion"},{"floor":5.0,"key":"GamblersBrew"},{"floor":7.0,"key":"Regen Potion"},{"floor":12.0,"key":"Block Potion"},{"floor":13.0,"key":"Poison Potion"},{"floor":17.0,"key":"Fruit Juice"},{"floor":18.0,"key":"Block Potion"}],"is_trial":false,"path_per_floor":["M","?","M","M","M","R","E","$","T","E","?","M","M","?","R","B",null,"M","?","M","?","$","E","M","R","T","M"],"character_chosen":"IRONCLAD","items_purchased":["True Grit","Energy Potion"],"campfire_rested":1,"item_purchase_floors":[8,22],"current_hp_per_floor":[69,69,73,68,66,66,58,58,58,58,32,35,43,20,20,9,64,57,57,58,58,58,45,35,59,59,0],"gold":235,"neow_bonus":"RANDOM_COMMON_RELIC","is_prod":false,"is_daily":false,"chose_seed":false,"campfire_upgraded":2,"win_rate":0,"timestamp":1556947362,"path_taken":["M","?","?","M","M","R","E","$","T","E","?","M","M","?","R","BOSS","M","?","M","?","$","E","?","R","T","M"],"build_version":"2019-01-23","purchased_purges":2,"victory":false,"max_hp_per_floor":[75,75,75,75,75,75,75,75,75,75,75,75,75,75,75,75,80,80,80,80,80,80,80,80,80,80,80],"card_choices":[{"not_picked":["Cleave","Thunderclap"],"picked":"Carnage","floor":1.0},{"not_picked":["Sword Boomerang","Clash"],"picked":"Cleave","floor":3.0},{"not_picked":["Armaments","Wild Strike"],"picked":"Thunderclap","floor":4.0},{"not_picked":["Exhume","Blood for Blood"],"picked":"Shrug It Off","floor":5.0},{"not_picked":["Intimidate","Sentinel","Searing Blow"],"picked":"SKIP","floor":7.0},{"not_picked":["Barricade","Headbutt"],"picked":"Warcry+1","floor":10.0},{"not_picked":["Thunderclap","Pommel Strike"],"picked":"Disarm+1","floor":12.0},{"not_picked":["Twin Strike","Iron Wave"],"picked":"Clothesline","floor":13.0},{"not_picked":["Demon Form","Double Tap+1"],"picked":"Barricade","floor":16.0},{"not_picked":["Seeing Red+1","Twin Strike"],"picked":"Havoc+1","floor":17.0},{"not_picked":["Feel No Pain","Armaments+1"],"picked":"Body Slam+1","floor":18.0},{"not_picked":["Second Wind+1","Headbutt+1"],"picked":"Flame Barrier+1","floor":20.0},{"not_picked":["Evolve","Demon Form","Flex+1"],"picked":"SKIP","floor":23.0},{"not_picked":["Demon Form","Flex+1"],"picked":"Evolve","floor":23.0},{"not_picked":["True Grit+1","Perfected Strike"],"picked":"Metallicize","floor":24.0}],"player_experience":1173794,"relics_obtained":[{"floor":7.0,"key":"Boot"},{"floor":9.0,"key":"Toxic Egg 2"},{"floor":10.0,"key":"Blue Candle"},{"floor":23.0,"key":"Omamori"},{"floor":26.0,"key":"Art of War"}],"event_choices":[{"damage_healed":0.0,"max_hp_gain":0.0,"max_hp_loss":0.0,"gold_gain":0.0,"event_name":"Accursed Blacksmith","player_choice":"Rummage","floor":2.0,"gold_loss":0.0,"damage_taken":0.0,"relics_obtained":["WarpedTongs"],"cards_obtained":["Pain"]},{"damage_healed":0.0,"max_hp_gain":0.0,"max_hp_loss":0.0,"gold_gain":0.0,"event_name":"Golden Idol","player_choice":"Take Damage","floor":11.0,"gold_loss":0.0,"damage_taken":26.0,"relics_obtained":["Golden Idol"]},{"damage_healed":0.0,"max_hp_gain":0.0,"max_hp_loss":0.0,"gold_gain":0.0,"event_name":"Shining Light","player_choice":"Entered Light","floor":14.0,"gold_loss":0.0,"damage_taken":23.0,"cards_upgraded":["Carnage","Clothesline"]},{"damage_healed":0.0,"max_hp_gain":0.0,"max_hp_loss":0.0,"gold_gain":0.0,"event_name":"The Library","player_choice":"Read","floor":19.0,"gold_loss":0.0,"damage_taken":0.0,"cards_obtained":["Whirlwind"]},{"damage_healed":0.0,"max_hp_gain":0.0,"max_hp_loss":0.0,"gold_gain":0.0,"cards_transformed":["Strike_R"],"event_name":"Transmorgrifier","player_choice":"Transformed","floor":21.0,"gold_loss":0.0,"damage_taken":0.0,"cards_obtained":["Offering"]}],"is_beta":false,"boss_relics":[{"not_picked":["Black Blood","Ectoplasm"],"picked":"Tiny House"}],"items_purged_floors":[8,22],"is_endless":false,"potions_floor_spawned":[3,5,7,12,13,18],"killed_by":"3 Cultists","ascension_level":20}