{"gold_per_floor":[113,113,132,132,148,161,14,39,39,39,39,39,39,54,54,175,238,224,26,26,61,61,61,61],"floor_reached":24,"playtime":2618,"items_purged":[],"score":184,"play_id":"f05b3667-a063-483c-a3c5-bdedad8ba122","local_time":"20190606031514","is_ascension_mode":false,"campfire_choices":[{"floor":10,"key":"REST"},{"data":"Footwork","floor":12,"key":"SMITH"},{"floor":15,"key":"REST"},{"data":"Backflip","floor":23,"key":"SMITH"}],"neow_cost":"NONE","seed_source_timestamp":1500085824280300,"circlet_count":0,"master_deck":["Defend_G","Defend_G+1","Defend_G","Defend_G","Defend_G","Strike_G","Strike_G","Strike_G","Strike_G","Strike_G","Survivor","Neutralize","After Image","Acrobatics","Footwork+1","Backflip","Outmaneuver","Footwork","Deflect","Deadly Poison","Backflip+1","Die Die Die","Escape Plan","Blur+1","Deflect"],"relics":["Ring of the Snake","Golden Idol","Dodecahedron","NlothsMask","Tiny House","TheAbacus","Red Mask"],"potions_floor_usage":[6,16,16,16,21,21],"damage_taken":[{"damage":7,"enemies":"Jaw Worm","floor":1,"turns":12},{"damage":0,"enemies":"Small Slimes","floor":3,"turns":5},{"damage":0,"enemies":"Cultist","floor":5,"turns":7},{"damage":3,"enemies":"Red Slaver","floor":6,"turns":7},{"damage":3,"enemies":"3 Louse","floor":8,"turns":7},{"damage":13,"enemies":"Lots of Slimes","floor":14,"turns":8},{"damage":62,"enemies":"Hexaghost","floor":16,"turns":19},{"damage":0,"enemies":"2 Thieves","floor":18,"turns":4},{"damage":64,"enemies":"Masked Bandits","floor":21,"turns":10},{"damage":100,"enemies":"Gremlin Leader","floor":24,"turns":16}],"seed_played":"6966523466683852705","potions_obtained":[{"floor":3,"key":"LiquidBronze"},{"floor":4,"key":"Swift Potion"},{"floor":4,"key":"FearPotion"},{"floor":8,"key":"Strength Potion"},{"floor":17,"key":"GhostInAJar"},{"floor":18,"key":"Energy Potion"}],"is_trial":false,"path_per_floor":["M","?","M","?","M","M","$","M","T","R","?","R","$","M","R","B",null,"M","$","?","?","?","R","E"],"character_chosen":"THE_SILENT","items_purchased":["Outmaneuver","Footwork","Deflect","TheAbacus"],"campfire_rested":2,"item_purchase_floors":[7,7,7,19],"current_hp_per_floor":[63,46,46,46,46,43,43,40,40,61,61,61,61,48,69,7,75,75,75,75,11,75,75,0],"gold":61,"neow_bonus":"ONE_RANDOM_RARE_CARD","is_prod":false,"is_daily":false,"chose_seed":false,"campfire_upgraded":2,"win_rate":0.0,"timestamp":1559805314,"path_taken":["M","?","M","?","?","M","?","M","T","R","?","R","$","M","R","BOSS","M","$","?","?","?","R","E"],"build_version":"2019-01-23","purchased_purges":0,"victory":false,"max_hp_per_floor":[70,70,70,70,70,70,70,70,70,70,70,70,70,70,70,70,75,75,75,75,75,75,75,75],"card_choices":[{"not_picked":["Outmaneuver","Sucker Punch"],"picked":"Acrobatics","floor":1},{"not_picked":["PiercingWail","Dagger Spray","Blade Dance"],"picked":"SKIP","floor":3},{"not_picked":["Sucker Punch","Flying Knee"],"picked":"Footwork","floor":5},{"not_picked":["Flying Knee","Deadly Poison"],"picked":"Backflip","floor":6},{"not_picked":["Leg Sweep","Footwork"],"picked":"Deadly Poison","floor":8},{"not_picked":["Heel Hook","Bane"],"picked":"Backflip","floor":14},{"not_picked":["Unload","Phantasmal Killer"],"picked":"Die Die Die","floor":16},{"not_picked":["Prepared","Slice"],"picked":"Escape Plan","floor":17},{"not_picked":["Deadly Poison","Bane"],"picked":"Blur+1","floor":18}],"player_experience":74497,"relics_obtained":[{"floor":9,"key":"Dodecahedron"},{"floor":21,"key":"Red Mask"}],"event_choices":[{"damage_healed":0,"gold_gain":0,"player_choice":"Take Damage","damage_taken":17,"relics_obtained":["Golden Idol"],"max_hp_gain":0,"max_hp_loss":0,"event_name":"Golden Idol","floor":2,"gold_loss":0},{"damage_healed":0,"gold_gain":0,"player_choice":"Got Potions","damage_taken":0,"max_hp_gain":0,"max_hp_loss":0,"event_name":"Lab","floor":4,"gold_loss":0},{"damage_healed":0,"gold_gain":0,"player_choice":"Trade","damage_taken":0,"relics_obtained":["NlothsMask"],"max_hp_gain":0,"max_hp_loss":0,"event_name":"FaceTrader","floor":11,"gold_loss":0},{"damage_healed":0,"gold_gain":0,"player_choice":"Read","damage_taken":0,"max_hp_gain":0,"max_hp_loss":0,"event_name":"The Library","floor":20,"gold_loss":0,"cards_obtained":["Deflect"]},{"damage_healed":0,"gold_gain":0,"player_choice":"Fought Bandits","damage_taken":0,"max_hp_gain":0,"max_hp_loss":0,"event_name":"Masked Bandits","floor":21,"gold_loss":0},{"damage_healed":64,"gold_gain":0,"player_choice":"Full Heal","damage_taken":0,"max_hp_gain":0,"max_hp_loss":0,"event_name":"Wheel of Change","floor":22,"gold_loss":0}],"is_beta":false,"boss_relics":[{"not_picked":["Empty Cage","WristBlade"],"picked":"Tiny House"}],"items_purged_floors":[],"is_endless":false,"potions_floor_spawned":[3,8,18],"killed_by":"Gremlin Leader","ascension_level":0}