{"gold_per_floor":[116,84,84,104,121,121,148,148,148,160,160,160,185,185,185,280,280,293,3,102,116,127,159,159,176,176,176,176,191,222,235,235,331,331,342,342,342,342,136,136,167,183,183,183,193,245,261,275,275,275],"floor_reached":51,"playtime":4101,"items_purged":["Strike_G"],"score":1085,"play_id":"f3af50ba-c356-4998-acb7-0a33efe4e66e","local_time":"20180916120642","is_ascension_mode":true,"campfire_choices":[{"data":"Neutralize","floor":6,"key":"SMITH"},{"floor":8,"key":"REST"},{"data":"Leg Sweep","floor":11,"key":"SMITH"},{"data":"Dagger Spray","floor":15,"key":"SMITH"},{"floor":24,"key":"REST"},{"data":"A Thousand Cuts","floor":28,"key":"SMITH"},{"floor":32,"key":"REST"},{"data":"A Thousand Cuts","floor":40,"key":"SMITH"},{"data":"Infinite Blades","floor":44,"key":"SMITH"},{"floor":49,"key":"REST"}],"neow_cost":"","seed_source_timestamp":294607882792596,"circlet_count":0,"master_deck":["Defend_G","Defend_G","Defend_G","Defend_G","Defend_G","Strike_G","Strike_G","Strike_G","Survivor","Neutralize+1","AscendersBane","Dagger Spray+1","Leg Sweep+1","Escape Plan","A Thousand Cuts+1","Dagger Spray+1","Cloak And Dagger+1","Storm of Steel+1","Flechettes","Cloak And Dagger+1","Endless Agony+1","PiercingWail+1","Backstab+1","Dodge and Roll+1","Infinite Blades+1","A Thousand Cuts+1","Calculated Gamble+1","Madness+1","Madness+1","Accuracy","Concentrate+1","Prepared+1","Tactician+1"],"relics":["Ring of the Snake","Gremlin Horn","Mercury Hourglass","Strawberry","Question Card","Dream Catcher","Runic Pyramid","Toxic Egg 2","Blood Vial","Vajra","Lantern","Mummified Hand","Busted Crown","Peace Pipe","Bag of Preparation","Kunai","FossilizedHelix"],"potions_floor_usage":[13,16,23,23,33,33,50,50],"damage_taken":[{"damage":0,"enemies":"2 Louse","floor":1,"turns":3},{"damage":0,"enemies":"Cultist","floor":4,"turns":3},{"damage":0,"enemies":"Jaw Worm","floor":5,"turns":5},{"damage":35,"enemies":"Gremlin Nob","floor":7,"turns":6},{"damage":0,"enemies":"Blue Slaver","floor":10,"turns":3},{"damage":2,"enemies":"3 Sentries","floor":13,"turns":6},{"damage":45,"enemies":"Slime Boss","floor":16,"turns":11},{"damage":9,"enemies":"3 Byrds","floor":18,"turns":5},{"damage":9,"enemies":"Shell Parasite","floor":21,"turns":8},{"damage":2,"enemies":"3 Cultists","floor":22,"turns":4},{"damage":26,"enemies":"Slavers","floor":23,"turns":4},{"damage":0,"enemies":"Sentry and Sphere","floor":25,"turns":3},{"damage":0,"enemies":"Chosen and Byrds","floor":29,"turns":4},{"damage":0,"enemies":"Gremlin Leader","floor":30,"turns":3},{"damage":10,"enemies":"Centurion and Healer","floor":31,"turns":4},{"damage":39,"enemies":"Champ","floor":33,"turns":11},{"damage":1,"enemies":"Orb Walker","floor":35,"turns":3},{"damage":0,"enemies":"Mind Bloom Boss Battle","floor":36,"turns":6},{"damage":19,"enemies":"Giant Head","floor":41,"turns":7},{"damage":0,"enemies":"3 Darklings","floor":42,"turns":3},{"damage":0,"enemies":"Reptomancer","floor":45,"turns":3},{"damage":0,"enemies":"Mysterious Sphere","floor":46,"turns":2},{"damage":0,"enemies":"Transient","floor":47,"turns":5},{"damage":0,"enemies":"Spire Growth","floor":48,"turns":4},{"damage":66,"enemies":"Time Eater","floor":50,"turns":12}],"seed_played":"2837332894550876969","potions_obtained":[{"floor":1,"key":"SkillPotion"},{"floor":13,"key":"SteroidPotion"},{"floor":16,"key":"GamblersBrew"},{"floor":18,"key":"AttackPotion"},{"floor":23,"key":"Regen Potion"},{"floor":29,"key":"PowerPotion"},{"floor":35,"key":"Ancient Potion"}],"is_trial":false,"path_per_floor":["M","?","?","M","M","R","E","R","T","M","R","?","E","T","R","B",null,"M","$","?","M","M","E","R","M","T","T","R","M","E","M","R","B",null,"M","?","?","?","$","R","E","M","T","R","M","?","M","M","R","B"],"character_chosen":"THE_SILENT","items_purchased":["Toxic Egg 2","Cloak And Dagger+1","Accuracy","PowerPotion"],"campfire_rested":4,"item_purchase_floors":[19,19,39,39],"current_hp_per_floor":[63,63,45,45,45,45,10,31,38,38,38,63,61,61,61,16,62,53,53,53,44,42,16,39,41,41,41,41,43,45,37,60,38,67,68,70,60,60,60,60,43,45,45,45,47,49,51,53,76,11],"gold":275,"neow_bonus":"","is_prod":false,"is_daily":false,"chose_seed":false,"campfire_upgraded":6,"win_rate":0,"timestamp":1537114002,"path_taken":["M","?","?","?","M","R","E","R","T","M","R","?","E","?","R","BOSS","M","$","?","M","?","E","R","M","T","?","R","?","E","M","R","BOSS","M","?","?","?","$","R","E","M","T","R","M","?","?","M","R","BOSS"],"build_version":"2018-09-06","purchased_purges":1,"victory":true,"max_hp_per_floor":[70,70,70,70,70,70,70,70,77,77,77,77,77,77,77,77,77,77,77,77,77,77,77,77,77,77,77,77,77,77,77,77,77,77,77,77,77,77,77,77,77,77,77,77,77,77,77,77,77,77],"card_choices":[{"not_picked":["Deflect","Bouncing Flask"],"picked":"Dagger Spray","floor":1},{"not_picked":["Dagger Throw","Quick Slash"],"picked":"Leg Sweep","floor":4},{"not_picked":["Dagger Spray","Acrobatics","Accuracy"],"picked":"SKIP","floor":5},{"not_picked":["Accuracy","Poisoned Stab","Venomology"],"picked":"SKIP","floor":7},{"not_picked":["Poisoned Stab","Bane","Underhanded Strike"],"picked":"SKIP","floor":10},{"not_picked":["Tactician","Dagger Throw"],"picked":"Escape Plan","floor":13},{"not_picked":["Phantasmal Killer","Glass Knife","Grand Finale"],"picked":"A Thousand Cuts","floor":16},{"not_picked":["Setup","Acrobatics","Deadly Poison"],"picked":"Dagger Spray+1","floor":18},{"not_picked":["Blade Dance+1","Cloak And Dagger+1","Accuracy"],"picked":"Storm of Steel+1","floor":21},{"not_picked":["All Out Attack","Dagger Throw+1","Noxious Fumes"],"picked":"Flechettes","floor":22},{"not_picked":["Prepared+1","Flying Knee","Outmaneuver+1"],"picked":"Cloak And Dagger+1","floor":23},{"not_picked":["Bane+1","Dagger Spray","PiercingWail+1"],"picked":"Endless Agony+1","floor":25},{"not_picked":["Underhanded Strike","Dagger Throw","Choke"],"picked":"PiercingWail+1","floor":29},{"not_picked":["Underhanded Strike","Reflex+1","Outmaneuver+1"],"picked":"Backstab+1","floor":30},{"not_picked":["Dash","Reflex+1","Doppelganger+1"],"picked":"Dodge and Roll+1","floor":31},{"not_picked":["Bane","Flying Knee+1","Well Laid Plans"],"picked":"Infinite Blades","floor":32},{"not_picked":["Doppelganger+1","Corpse Explosion+1","Wraith Form v2"],"picked":"A Thousand Cuts","floor":33},{"not_picked":["Dagger Spray","Skewer+1"],"picked":"SKIP","floor":35},{"not_picked":["Flying Knee+1"],"picked":"Calculated Gamble+1","floor":36},{"not_picked":["Corpse Explosion+1","Dagger Throw+1"],"picked":"SKIP","floor":41},{"not_picked":["Riddle With Holes","Bane"],"picked":"SKIP","floor":42},{"not_picked":["Dagger Throw+1"],"picked":"Concentrate+1","floor":45},{"not_picked":["Heel Hook","Backflip+1"],"picked":"SKIP","floor":47},{"not_picked":["Corpse Explosion+1"],"picked":"Prepared+1","floor":48},{"not_picked":["Heel Hook+1"],"picked":"Tactician+1","floor":49}],"player_experience":403802,"relics_obtained":[{"floor":7,"key":"Mercury Hourglass"},{"floor":9,"key":"Strawberry"},{"floor":13,"key":"Question Card"},{"floor":14,"key":"Dream Catcher"},{"floor":23,"key":"Blood Vial"},{"floor":26,"key":"Vajra"},{"floor":27,"key":"Lantern"},{"floor":30,"key":"Mummified Hand"},{"floor":36,"key":"Peace Pipe"},{"floor":41,"key":"Bag of Preparation"},{"floor":43,"key":"Kunai"},{"floor":46,"key":"FossilizedHelix"}],"event_choices":[{"event_name":"World of Goop","player_choice":"Left","floor":2,"damage_taken":0},{"event_name":"Scrap Ooze","player_choice":"success","floor":3,"damage_taken":18},{"event_name":"Big Fish","player_choice":"Banana","floor":12,"damage_taken":0},{"event_name":"Nest","player_choice":"Stole From Cult","floor":20,"damage_taken":0},{"event_name":"MindBloom","player_choice":"Fight","floor":36,"damage_taken":0},{"event_name":"Winding Halls","player_choice":"Embrace Madness","floor":37,"damage_taken":0},{"event_name":"Falling","player_choice":"Removed Attack","floor":38,"damage_taken":0},{"event_name":"Mysterious Sphere","player_choice":"Fight","floor":46,"damage_taken":0}],"is_beta":false,"boss_relics":[{"not_picked":["Tiny House","Velvet Choker"],"picked":"Runic Pyramid"},{"not_picked":["Empty Cage","Pandora\u0027s Box"],"picked":"Busted Crown"}],"items_purged_floors":[39],"is_endless":false,"potions_floor_spawned":[1,13,16,18,22,23,29,30,35,41,47],"ascension_level":11}