{"gold_per_floor":[109,109,109,122,122,122,177,177,177,207,207,238,253,265,265,342,342,361,386,412,443,469,481,528,557,569,615,644,656,668,680,692,704],"floor_reached":33,"playtime":1493,"items_purged":[],"score":606,"play_id":"24a3adb8-8fff-44d0-8299-7af13381697c","local_time":"20190614184818","is_ascension_mode":true,"campfire_choices":[{"data":"Neutralize","floor":6.0,"key":"SMITH"},{"floor":8.0,"key":"REST"},{"floor":11.0,"key":"REST"},{"data":"Malaise","floor":15.0,"key":"SMITH"},{"floor":23.0,"key":"REST"},{"data":"Glass Knife","floor":29.0,"key":"SMITH"},{"floor":32.0,"key":"REST"}],"neow_cost":"NONE","seed_source_timestamp":220103201134999,"circlet_count":0,"master_deck":["AscendersBane","Defend_G+1","Defend_G","Defend_G","Defend_G","Defend_G","Strike_G","Strike_G+1","Strike_G","Survivor","Neutralize+1","Flechettes+1","Leg Sweep","Malaise+1","Terror","Escape Plan","Calculated Gamble","Glass Knife+1","Backflip","Escape Plan","Deflect","Predator","Flechettes+1","Wraith Form v2","PiercingWail"],"special_seed":0,"relics":["Ring of the Snake","Regal Pillow","Tiny Chest","Centennial Puzzle","Blue Candle","Letter Opener","Empty Cage","Red Mask","MawBank","Mercury Hourglass","Singing Bowl","MutagenicStrength","Nloth\u0027s Gift"],"potions_floor_usage":[33],"damage_taken":[{"damage":0.0,"enemies":"2 Louse","floor":1.0,"turns":3.0},{"damage":1.0,"enemies":"Jaw Worm","floor":4.0,"turns":3.0},{"damage":26.0,"enemies":"Lagavulin","floor":7.0,"turns":9.0},{"damage":32.0,"enemies":"3 Sentries","floor":10.0,"turns":11.0},{"damage":3.0,"enemies":"Lagavulin","floor":12.0,"turns":6.0},{"damage":0.0,"enemies":"Small Slimes","floor":13.0,"turns":3.0},{"damage":4.0,"enemies":"Blue Slaver","floor":14.0,"turns":3.0},{"damage":28.0,"enemies":"Hexaghost","floor":16.0,"turns":15.0},{"damage":20.0,"enemies":"Spheric Guardian","floor":18.0,"turns":9.0},{"damage":23.0,"enemies":"Masked Bandits","floor":19.0,"turns":4.0},{"damage":0.0,"enemies":"2 Thieves","floor":21.0,"turns":5.0},{"damage":0.0,"enemies":"Centurion and Healer","floor":22.0,"turns":10.0},{"damage":9.0,"enemies":"Slavers","floor":24.0,"turns":7.0},{"damage":5.0,"enemies":"Snecko","floor":25.0,"turns":4.0},{"damage":2.0,"enemies":"Book of Stabbing","floor":27.0,"turns":3.0},{"damage":3.0,"enemies":"Snake Plant","floor":28.0,"turns":5.0},{"damage":59,"enemies":"Collector","floor":33,"turns":11}],"seed_played":"-6811833948349647514","potions_obtained":[{"floor":1.0,"key":"Poison Potion"},{"floor":7.0,"key":"LiquidBronze"},{"floor":10.0,"key":"EntropicBrew"},{"floor":16.0,"key":"Explosive Potion"},{"floor":19.0,"key":"Energy Potion"},{"floor":21.0,"key":"Strength Potion"},{"floor":24.0,"key":"EssenceOfSteel"},{"floor":25.0,"key":"FearPotion"},{"floor":27.0,"key":"EssenceOfSteel"}],"is_trial":false,"path_per_floor":["M","?","?","M","?","R","E","R","T","E","R","E","M","M","R","B",null,"M","?","T","M","M","R","E","M","T","E","M","R","?","?","R","B"],"character_chosen":"THE_SILENT","items_purchased":[],"campfire_rested":4,"item_purchase_floors":[],"current_hp_per_floor":[59,39,39,38,38,38,12,46,46,14,48,45,45,41,41,13,53,33,10,10,10,10,44,35,30,30,28,25,25,25,25,59,0],"gold":704,"neow_bonus":"RANDOM_COMMON_RELIC","is_prod":false,"is_daily":false,"chose_seed":false,"campfire_upgraded":3,"win_rate":0,"timestamp":1560552498,"path_taken":["M","?","?","M","?","R","E","R","T","E","R","E","M","M","R","BOSS","M","?","?","?","M","R","E","M","T","E","M","R","?","?","R","BOSS"],"build_version":"2019-01-23","purchased_purges":0,"victory":false,"max_hp_per_floor":[66,66,66,66,66,66,66,66,66,66,66,66,66,66,66,66,66,66,66,66,66,66,66,66,66,66,66,66,66,66,66,66,66],"card_choices":[{"not_picked":["Tactician","Blade Dance"],"picked":"Flechettes","floor":1.0},{"not_picked":["Masterful Stab","Slice"],"picked":"Leg Sweep","floor":4.0},{"not_picked":["Cloak And Dagger","PiercingWail"],"picked":"Malaise","floor":7.0},{"not_picked":["Dagger Spray","Slice"],"picked":"Terror","floor":10.0},{"not_picked":["Heel Hook","Concentrate"],"picked":"Escape Plan","floor":12.0},{"not_picked":["Sucker Punch","Heel Hook"],"picked":"Calculated Gamble","floor":13.0},{"not_picked":["Reflex","Heel Hook","Slice"],"picked":"SKIP","floor":14.0},{"not_picked":["Venomology","Doppelganger"],"picked":"Glass Knife","floor":16.0},{"not_picked":["Distraction","Quick Slash+1"],"picked":"Backflip","floor":18.0},{"not_picked":["Setup","Bane"],"picked":"Escape Plan","floor":21.0},{"not_picked":["Poisoned Stab","Night Terror"],"picked":"Deflect","floor":22.0},{"not_picked":["Slice","Sucker Punch"],"picked":"Predator","floor":24.0},{"not_picked":["Blade Dance","Deflect"],"picked":"Flechettes+1","floor":25.0},{"not_picked":["Flechettes","Poisoned Stab+1"],"picked":"Wraith Form v2","floor":27.0},{"not_picked":["Blade Dance","Dodge and Roll"],"picked":"PiercingWail","floor":28.0}],"player_experience":1520676,"relics_obtained":[{"floor":7.0,"key":"Tiny Chest"},{"floor":9.0,"key":"Centennial Puzzle"},{"floor":10.0,"key":"Blue Candle"},{"floor":12.0,"key":"Letter Opener"},{"floor":19.0,"key":"Red Mask"},{"floor":20.0,"key":"MawBank"},{"floor":24.0,"key":"Mercury Hourglass"},{"floor":26.0,"key":"Singing Bowl"},{"floor":27.0,"key":"Juzu Bracelet"}],"event_choices":[{"damage_healed":0.0,"max_hp_gain":0.0,"max_hp_loss":0.0,"gold_gain":0.0,"event_name":"Shining Light","player_choice":"Entered Light","floor":2.0,"gold_loss":0.0,"damage_taken":20.0,"cards_upgraded":["Defend_G","Strike_G"]},{"damage_healed":0.0,"max_hp_gain":0.0,"max_hp_loss":0.0,"gold_gain":0.0,"event_name":"Living Wall","player_choice":"Grow","floor":3.0,"gold_loss":0.0,"damage_taken":0.0,"cards_upgraded":["Flechettes"]},{"damage_healed":0.0,"max_hp_gain":0.0,"max_hp_loss":0.0,"gold_gain":0.0,"event_name":"Liars Game","player_choice":"Ignored","floor":5.0,"gold_loss":0.0,"damage_taken":0.0},{"damage_healed":0.0,"max_hp_gain":0.0,"max_hp_loss":0.0,"gold_gain":0.0,"event_name":"Masked Bandits","player_choice":"Fought Bandits","floor":19.0,"gold_loss":0.0,"damage_taken":0.0},{"damage_healed":0.0,"max_hp_gain":0.0,"max_hp_loss":0.0,"gold_gain":0.0,"event_name":"Drug Dealer","player_choice":"Inject Mutagens","floor":30.0,"gold_loss":0.0,"damage_taken":0.0,"relics_obtained":["MutagenicStrength"]},{"damage_healed":0.0,"max_hp_gain":0.0,"max_hp_loss":0.0,"gold_gain":0.0,"event_name":"N\u0027loth","player_choice":"Traded Relic","floor":31.0,"relics_lost":["Juzu Bracelet"],"gold_loss":0.0,"damage_taken":0.0,"relics_obtained":["Nloth\u0027s Gift"]}],"is_beta":false,"boss_relics":[{"not_picked":["Tiny House","WristBlade"],"picked":"Empty Cage"}],"items_purged_floors":[],"is_endless":false,"potions_floor_spawned":[1,7,10,16,19,21,24,25,27],"killed_by":"Collector","ascension_level":20}