{"gold_per_floor":[364,375,106,33,49,49,5,35,58,58,78,89,89,106,106,205,205,225,27,39,56,1,1,1],"floor_reached":24,"playtime":1494,"items_purged":["Strike_G","Strike_G"],"score":307,"play_id":"88d6b8e1-847b-404c-b809-b90c316be16d","local_time":"20180915171146","is_ascension_mode":true,"campfire_choices":[{"data":"Infinite Blades","floor":6,"key":"SMITH"},{"data":"Neutralize","floor":10,"key":"SMITH"},{"data":"Finisher","floor":15,"key":"SMITH"},{"data":"Cloak And Dagger","floor":23,"key":"SMITH"}],"neow_cost":"TEN_PERCENT_HP_LOSS","seed_source_timestamp":229119575200822,"circlet_count":0,"master_deck":["Defend_G","Defend_G","Defend_G","Defend_G","Defend_G","Strike_G","Strike_G","Strike_G","Survivor","Neutralize+1","AscendersBane","Dodge and Roll","Blur","Infinite Blades+1","Cloak And Dagger","Finisher+1","Infinite Blades","Backstab","Cloak And Dagger","Bullet Time","Backflip","Acrobatics","Cloak And Dagger+1"],"relics":["Ring of the Snake","Strawberry","Art of War","Boot","HoveringKite","Smiling Mask"],"potions_floor_usage":[16,16],"damage_taken":[{"damage":2,"enemies":"Cultist","floor":1,"turns":5},{"damage":2,"enemies":"Jaw Worm","floor":2,"turns":4},{"damage":0,"enemies":"Small Slimes","floor":5,"turns":2},{"damage":24,"enemies":"Lagavulin","floor":8,"turns":7},{"damage":0,"enemies":"Blue Slaver","floor":11,"turns":4},{"damage":4,"enemies":"Red Slaver","floor":12,"turns":5},{"damage":5,"enemies":"Exordium Thugs","floor":14,"turns":4},{"damage":26,"enemies":"Slime Boss","floor":16,"turns":11},{"damage":6,"enemies":"Chosen","floor":18,"turns":6},{"damage":19,"enemies":"3 Byrds","floor":20,"turns":6},{"damage":8,"enemies":"Centurion and Healer","floor":21,"turns":10},{"damage":27,"enemies":"Cultist and Chosen","floor":24,"turns":5}],"seed_played":"-6030079073477714874","potions_obtained":[{"floor":12,"key":"Swift Potion"},{"floor":14,"key":"FearPotion"}],"is_trial":false,"path_per_floor":["M","M","$","$","M","R","?","E","T","R","M","M","T","M","R","B",null,"M","$","M","M","?","R"],"character_chosen":"THE_SILENT","items_purchased":["Infinite Blades","Cloak And Dagger","Finisher","Infinite Blades","Backflip","Acrobatics"],"campfire_rested":0,"item_purchase_floors":[3,3,3,4,19,19],"current_hp_per_floor":[61,59,59,59,59,59,59,42,42,42,42,38,38,33,33,7,54,48,48,29,21,21,21,0],"gold":1,"neow_bonus":"TWO_FIFTY_GOLD","is_prod":false,"is_daily":false,"chose_seed":false,"campfire_upgraded":4,"win_rate":0,"timestamp":1537045906,"path_taken":["M","M","?","$","M","R","?","E","T","R","M","M","?","?","R","BOSS","M","$","M","M","?","R","M"],"build_version":"2018-09-06","purchased_purges":2,"victory":false,"max_hp_per_floor":[63,63,63,63,63,63,63,70,70,70,70,70,70,70,70,70,70,70,70,70,70,70,70,70],"card_choices":[{"not_picked":["PiercingWail","Concentrate"],"picked":"Dodge and Roll","floor":1},{"not_picked":["Predator","Slice"],"picked":"Blur","floor":2},{"not_picked":["Dagger Throw","Caltrops","Quick Slash"],"picked":"SKIP","floor":5},{"not_picked":["Underhanded Strike","Bane"],"picked":"Backstab","floor":8},{"not_picked":["Sucker Punch","Concentrate","Bane"],"picked":"SKIP","floor":11},{"not_picked":["Quick Slash","Caltrops","Bane"],"picked":"SKIP","floor":12},{"not_picked":["Flying Knee","Sucker Punch"],"picked":"Cloak And Dagger","floor":14},{"not_picked":["Phantasmal Killer","Wraith Form v2"],"picked":"Bullet Time","floor":16},{"not_picked":["Dodge and Roll","Calculated Gamble+1","Slice"],"picked":"SKIP","floor":18},{"not_picked":["Heel Hook","Infinite Blades","Dagger Throw+1"],"picked":"SKIP","floor":20},{"not_picked":["Leg Sweep","Quick Slash"],"picked":"Cloak And Dagger","floor":21}],"player_experience":387186,"relics_obtained":[{"floor":8,"key":"Strawberry"},{"floor":9,"key":"Art of War"},{"floor":13,"key":"Boot"}],"event_choices":[{"event_name":"World of Goop","player_choice":"Left","floor":7,"damage_taken":0},{"event_name":"WeMeetAgain","player_choice":"Gold","floor":22,"damage_taken":0}],"is_beta":false,"boss_relics":[{"not_picked":["White Beast Statue","Coffee Dripper"],"picked":"HoveringKite"}],"items_purged_floors":[3,19],"is_endless":false,"potions_floor_spawned":[12,14],"killed_by":"Cultist and Chosen","ascension_level":11}