{"gold_per_floor":[113,127,127,0,0,0,17,17,17,51,51,51,63,82,82,187,187,202,221,421,435,435,435,454,454,484,584,597,616,643,658,658,756,756,767,767,165,165,183,183,199,199,224,224,224,243,256,0,0,0],"floor_reached":51,"playtime":2455,"items_purged":["Strike_G","Regret"],"score":719,"play_id":"31261665-9dc7-49f7-8fb3-e97b3e760dfe","local_time":"20190719185715","is_ascension_mode":false,"campfire_choices":[{"floor":12,"key":"REST"},{"data":"Deadly Poison","floor":15,"key":"SMITH"},{"data":"A Thousand Cuts","floor":23,"key":"SMITH"},{"data":"Skewer","floor":25,"key":"SMITH"},{"floor":32,"key":"REST"},{"data":"After Image","floor":40,"key":"SMITH"},{"data":"Crippling Poison","floor":42,"key":"SMITH"},{"data":"Footwork","floor":45,"key":"SMITH"},{"floor":49,"key":"REST"}],"neow_cost":"NONE","seed_source_timestamp":8458988590232,"circlet_count":0,"master_deck":["Survivor","Neutralize","Deadly Poison+1","Dagger Spray","Dodge and Roll","After Image+1","PiercingWail","A Thousand Cuts+1","Skewer+1","Noxious Fumes+1","Footwork+1","Backflip","Die Die Die","Infinite Blades+1","Malaise+1","Die Die Die","Accuracy","Tactician+1","Skewer","Envenom","Sucker Punch","Poisoned Stab","Endless Agony","Decay","Crippling Poison+1","Backflip+1","Decay","Dodge and Roll"],"relics":["Ring of the Snake","Strawberry","Oddly Smooth Stone","Singing Bowl","Snake Skull","Matryoshka","Cursed Key","Tiny Chest","Prayer Wheel","Vajra","Pandora\u0027s Box","Mercury Hourglass","War Paint","TwistedFunnel","Bag of Marbles","Happy Flower","Centennial Puzzle","Red Mask"],"potions_floor_usage":[10,16,28,30,33,50,50,50],"damage_taken":[{"damage":0,"enemies":"Small Slimes","floor":1,"turns":3},{"damage":0,"enemies":"2 Louse","floor":2,"turns":3},{"damage":3,"enemies":"Jaw Worm","floor":7,"turns":4},{"damage":22,"enemies":"Lagavulin","floor":10,"turns":9},{"damage":2,"enemies":"3 Louse","floor":13,"turns":3},{"damage":0,"enemies":"2 Fungi Beasts","floor":14,"turns":4},{"damage":17,"enemies":"Hexaghost","floor":16,"turns":11},{"damage":2,"enemies":"Shell Parasite","floor":18,"turns":7},{"damage":10,"enemies":"Spheric Guardian","floor":19,"turns":5},{"damage":7,"enemies":"Snake Plant","floor":21,"turns":6},{"damage":7,"enemies":"Centurion and Healer","floor":24,"turns":9},{"damage":10,"enemies":"Shelled Parasite and Fungi","floor":28,"turns":5},{"damage":8,"enemies":"3 Cultists","floor":29,"turns":4},{"damage":21,"enemies":"Slavers","floor":30,"turns":5},{"damage":2,"enemies":"Snake Plant","floor":31,"turns":4},{"damage":35,"enemies":"Collector","floor":33,"turns":8},{"damage":16,"enemies":"Orb Walker","floor":35,"turns":4},{"damage":18,"enemies":"3 Darklings","floor":39,"turns":3},{"damage":1,"enemies":"Jaw Worm Horde","floor":41,"turns":4},{"damage":0,"enemies":"4 Shapes","floor":46,"turns":2},{"damage":10,"enemies":"Writhing Mass","floor":47,"turns":5},{"damage":49,"enemies":"Donu and Deca","floor":50,"turns":8}],"seed_played":"4813199256747374268","potions_obtained":[{"floor":1,"key":"SpeedPotion"},{"floor":7,"key":"Ancient Potion"},{"floor":10,"key":"Energy Potion"},{"floor":14,"key":"Weak Potion"},{"floor":18,"key":"Regen Potion"},{"floor":28,"key":"Block Potion"},{"floor":31,"key":"AttackPotion"},{"floor":35,"key":"Poison Potion"}],"is_trial":false,"path_per_floor":["M","M","?","$","?","$","M","?","T","E","?","R","M","M","R","B",null,"M","M","?","M","?","R","M","R","T","?","M","M","E","M","R","B",null,"M","T","$","?","M","R","M","R","T","?","R","M","M","?","R","B",null],"character_chosen":"THE_SILENT","items_purchased":["Backflip","TwistedFunnel","Bag of Marbles","Happy Flower"],"campfire_rested":3,"item_purchase_floors":[4,37,37,37],"current_hp_per_floor":[77,77,70,70,70,70,67,67,67,45,38,61,59,61,61,44,79,77,69,69,64,64,64,57,57,57,57,62,58,37,37,63,28,89,77,77,77,77,63,63,62,62,62,62,62,64,58,58,88,39],"gold":0,"neow_bonus":"RANDOM_COMMON_RELIC","is_prod":false,"is_daily":false,"chose_seed":false,"campfire_upgraded":6,"win_rate":0,"timestamp":1563577035,"path_taken":["M","M","?","$","?","?","M","?","T","E","?","R","M","M","R","BOSS","M","M","?","?","?","R","M","R","T","?","M","M","E","M","R","BOSS","M","?","$","?","M","R","M","R","T","?","R","?","M","?","R","BOSS"],"build_version":"2019-07-17","purchased_purges":2,"victory":true,"max_hp_per_floor":[77,77,77,77,77,77,77,77,77,77,77,77,77,79,79,79,79,79,81,81,83,83,83,83,83,83,83,83,87,87,89,89,89,89,93,93,93,93,97,97,97,97,97,97,97,99,103,103,103,103],"card_choices":[{"not_picked":["Well Laid Plans","Distraction"],"picked":"Deadly Poison","floor":1},{"not_picked":["Backstab","Acrobatics"],"picked":"Dagger Spray","floor":2},{"not_picked":["Riddle With Holes","Quick Slash"],"picked":"Dodge and Roll","floor":7},{"not_picked":["Calculated Gamble","Adrenaline"],"picked":"After Image","floor":10},{"not_picked":["Tactician","Eviscerate"],"picked":"PiercingWail","floor":13},{"not_picked":["Quick Slash","Predator","Dodge and Roll"],"picked":"Singing Bowl","floor":14},{"not_picked":["Wraith Form v2","Night Terror"],"picked":"A Thousand Cuts","floor":16},{"not_picked":["Dagger Spray","PiercingWail"],"picked":"Skewer","floor":18},{"not_picked":["Quick Slash","Acrobatics","Underhanded Strike"],"picked":"Singing Bowl","floor":19},{"not_picked":["Cloak And Dagger","Dagger Throw","Sucker Punch"],"picked":"Singing Bowl","floor":21},{"not_picked":["Doppelganger","Dagger Spray"],"picked":"Noxious Fumes+1","floor":24},{"not_picked":["Masterful Stab","Quick Slash"],"picked":"Footwork","floor":28},{"not_picked":["Dodge and Roll","Cloak And Dagger"],"picked":"Backflip","floor":28},{"not_picked":["Bullet Time","Dodge and Roll","Outmaneuver"],"picked":"Singing Bowl","floor":29},{"not_picked":["Dodge and Roll","Deflect+1","Prepared+1"],"picked":"Singing Bowl","floor":29},{"not_picked":["After Image","Prepared"],"picked":"Die Die Die","floor":30},{"not_picked":["Distraction","Deflect+1","Prepared+1"],"picked":"Singing Bowl","floor":31},{"not_picked":["Slice","Reflex"],"picked":"Infinite Blades+1","floor":31},{"not_picked":["Doppelganger","Glass Knife"],"picked":"Malaise","floor":33},{"not_picked":["Masterful Stab","Tactician+1","All Out Attack"],"picked":"Singing Bowl","floor":35},{"not_picked":["Skewer+1","Predator+1","Finisher+1"],"picked":"Singing Bowl","floor":35},{"not_picked":["Prepared","Deadly Poison+1","All Out Attack"],"picked":"Singing Bowl","floor":39},{"not_picked":["Predator","Bane+1","Sucker Punch+1"],"picked":"Singing Bowl","floor":39},{"not_picked":["Distraction+1","Quick Slash+1"],"picked":"Crippling Poison","floor":41},{"not_picked":["Underhanded Strike+1","All Out Attack+1"],"picked":"Backflip+1","floor":41},{"not_picked":["Choke","Riddle With Holes+1","Phantasmal Killer"],"picked":"Singing Bowl","floor":46},{"not_picked":["PiercingWail","Escape Plan+1"],"picked":"Dodge and Roll","floor":46},{"not_picked":["Flying Knee+1","Skewer+1","Infinite Blades"],"picked":"Singing Bowl","floor":47},{"not_picked":["Escape Plan","Acrobatics+1","Crippling Poison"],"picked":"Singing Bowl","floor":47}],"player_experience":91871,"relics_obtained":[{"floor":9,"key":"Singing Bowl"},{"floor":10,"key":"Snake Skull"},{"floor":26,"key":"Tiny Chest"},{"floor":26,"key":"Prayer Wheel"},{"floor":30,"key":"Vajra"},{"floor":36,"key":"Mercury Hourglass"},{"floor":36,"key":"War Paint"},{"floor":43,"key":"Centennial Puzzle"}],"event_choices":[{"cards_removed":["Strike_G"],"damage_healed":0,"gold_gain":0,"player_choice":"Card Removal","damage_taken":7,"max_hp_gain":0,"max_hp_loss":0,"event_name":"Golden Wing","floor":3,"gold_loss":0},{"damage_healed":0,"gold_gain":0,"player_choice":"Left Gold","damage_taken":0,"max_hp_gain":0,"max_hp_loss":0,"event_name":"World of Goop","floor":5,"gold_loss":0},{"damage_healed":0,"gold_gain":0,"player_choice":"Searched \u00271\u0027 times","damage_taken":0,"relics_obtained":["Oddly Smooth Stone"],"max_hp_gain":0,"max_hp_loss":0,"event_name":"Dead Adventurer","floor":8,"gold_loss":0},{"damage_healed":0,"gold_gain":0,"player_choice":"Success","damage_taken":7,"relics_obtained":["Matryoshka"],"max_hp_gain":0,"max_hp_loss":0,"event_name":"Scrap Ooze","floor":11,"gold_loss":0},{"damage_healed":0,"gold_gain":200,"player_choice":"Gold","damage_taken":0,"max_hp_gain":0,"max_hp_loss":0,"event_name":"Wheel of Change","floor":20,"gold_loss":0},{"damage_healed":0,"gold_gain":0,"player_choice":"Ignored","damage_taken":0,"max_hp_gain":0,"max_hp_loss":0,"event_name":"Vampires","floor":22,"gold_loss":0},{"damage_healed":0,"gold_gain":100,"player_choice":"Pray","damage_taken":0,"max_hp_gain":0,"max_hp_loss":0,"event_name":"Golden Shrine","floor":27,"gold_loss":0},{"cards_removed":["Backflip"],"damage_healed":0,"gold_gain":0,"player_choice":"Removed Skill","damage_taken":0,"max_hp_gain":0,"max_hp_loss":0,"event_name":"Falling","floor":38,"gold_loss":0},{"damage_healed":0,"gold_gain":0,"player_choice":"Got Potions","damage_taken":0,"max_hp_gain":0,"max_hp_loss":0,"event_name":"Lab","floor":44,"gold_loss":0},{"damage_healed":0,"gold_gain":0,"player_choice":"Paid","damage_taken":0,"relics_obtained":["Red Mask"],"max_hp_gain":0,"max_hp_loss":0,"event_name":"Tomb of Lord Red Mask","floor":48,"gold_loss":256}],"is_beta":false,"boss_relics":[{"not_picked":["Fusion Hammer","Ring of the Serpent"],"picked":"Cursed Key"},{"not_picked":["Orrery","White Beast Statue"],"picked":"Pandora\u0027s Box"}],"items_purged_floors":[4,37],"is_endless":false,"potions_floor_spawned":[1,7,10,14,18,19,28,29,31,35],"ascension_level":0}