{"gold_per_floor":[111,111,127,144,163,183,183,200,200,214,241,241,2,12,12,107,107,120,120,132,10,10,10,10,10,36,50,50,62,62,78,78,78],"floor_reached":33,"playtime":1755,"items_purged":["Strike_R"],"score":289,"play_id":"11dae6d2-2de8-4a02-8a72-55c674ff6d97","local_time":"20190624025259","is_ascension_mode":true,"campfire_choices":[{"floor":7,"key":"RECALL"},{"floor":15,"key":"REST"},{"data":"Fiend Fire","floor":23,"key":"SMITH"},{"floor":28,"key":"REST"},{"floor":32,"key":"REST"}],"neow_cost":"PERCENT_DAMAGE","seed_source_timestamp":41620875346700,"circlet_count":0,"master_deck":["Strike_R","Strike_R+1","Strike_R","Defend_R","Defend_R","Defend_R","Defend_R","Bash","Anger+1","Body Slam","Body Slam","Power Through","Cleave","Fiend Fire+1","Armaments","Whirlwind","Rampage","Metallicize","Armaments","Heavy Blade","Metallicize","Cleave","Rampage","Uppercut","Seeing Red","Clash","Flex","Bloodletting+1","Inflame","Reckless Charge+1"],"relics":["Burning Blood","Singing Bowl","Blood Vial","Orrery","MutagenicStrength","Oddly Smooth Stone","StoneCalendar"],"potions_floor_usage":[6,8,8,8,10,10,16,29,33],"damage_taken":[{"damage":2,"enemies":"Small Slimes","floor":1,"turns":5},{"damage":1,"enemies":"Cultist","floor":3,"turns":3},{"damage":6,"enemies":"Jaw Worm","floor":4,"turns":4},{"damage":17,"enemies":"3 Louse","floor":5,"turns":3},{"damage":13,"enemies":"2 Fungi Beasts","floor":6,"turns":3},{"damage":0,"enemies":"Looter","floor":8,"turns":4},{"damage":13,"enemies":"Red Slaver","floor":10,"turns":2},{"damage":32,"enemies":"3 Sentries","floor":11,"turns":10},{"damage":1,"enemies":"2 Fungi Beasts","floor":14,"turns":2},{"damage":43,"enemies":"Slime Boss","floor":16,"turns":13},{"damage":30,"enemies":"Chosen","floor":18,"turns":8},{"damage":7,"enemies":"Shell Parasite","floor":20,"turns":8},{"damage":34,"enemies":"Centurion and Healer","floor":27,"turns":8},{"damage":23,"enemies":"Snake Plant","floor":29,"turns":4},{"damage":40,"enemies":"Snecko","floor":31,"turns":6},{"damage":87,"enemies":"Automaton","floor":33,"turns":6}],"seed_played":"-1283835065340197855","potions_obtained":[{"floor":1,"key":"Energy Potion"},{"floor":3,"key":"EntropicBrew"},{"floor":4,"key":"SteroidPotion"},{"floor":14,"key":"Explosive Potion"},{"floor":27,"key":"Ancient Potion"},{"floor":31,"key":"FearPotion"}],"is_trial":false,"path_per_floor":["M","?","M","M","M","M","R","M","T","M","E","?","$","M","R","B",null,"M","?","M","$","?","R","?","$","T","M","R","M","T","M","R","B"],"character_chosen":"IRONCLAD","items_purchased":["Blood Vial","Rampage","Clash"],"campfire_rested":3,"item_purchase_floors":[13,13,21],"current_hp_per_floor":[76,76,81,81,70,63,63,69,69,67,41,22,22,29,57,24,98,74,74,75,75,75,75,75,75,75,49,78,63,63,31,60,0],"gold":78,"neow_bonus":"TWENTY_PERCENT_HP_BONUS","is_prod":false,"is_daily":false,"chose_seed":false,"campfire_upgraded":1,"win_rate":0,"timestamp":1561359179,"path_taken":["M","?","?","M","M","M","R","M","T","M","E","?","$","M","R","BOSS","M","?","M","$","?","R","?","$","T","M","R","M","?","M","R","BOSS"],"build_version":"2019-01-23","purchased_purges":1,"victory":false,"max_hp_per_floor":[96,96,96,96,96,96,96,96,96,96,96,96,96,96,96,98,98,98,98,98,98,98,98,98,98,98,98,98,98,98,98,98,98],"card_choices":[{"not_picked":["Clash","True Grit"],"picked":"Anger","floor":1},{"not_picked":["Twin Strike","Bloodletting"],"picked":"Body Slam","floor":3},{"not_picked":["True Grit","Reckless Charge"],"picked":"Body Slam","floor":4},{"not_picked":["Havoc","Warcry"],"picked":"Power Through","floor":5},{"not_picked":["Wild Strike","Heavy Blade"],"picked":"Cleave","floor":6},{"not_picked":["Burning Pact","Twin Strike"],"picked":"Fiend Fire","floor":8},{"not_picked":["Clothesline","Spot Weakness"],"picked":"Armaments","floor":10},{"not_picked":["Intimidate","Carnage"],"picked":"Whirlwind","floor":11},{"not_picked":["Perfected Strike","Burning Pact"],"picked":"Metallicize","floor":14},{"not_picked":["Berserk","Feed","Brutality"],"picked":"Singing Bowl","floor":16},{"not_picked":["Sword Boomerang","Second Wind"],"picked":"Armaments","floor":17},{"not_picked":["Feel No Pain","Searing Blow"],"picked":"Heavy Blade","floor":17},{"not_picked":["Warcry","True Grit"],"picked":"Metallicize","floor":17},{"not_picked":["Flame Barrier","True Grit"],"picked":"Cleave","floor":17},{"not_picked":["Berserk","Anger"],"picked":"Rampage","floor":17},{"not_picked":["Infernal Blade+1","True Grit"],"picked":"Uppercut","floor":18},{"not_picked":["Twin Strike","Power Through"],"picked":"Seeing Red","floor":20},{"not_picked":["True Grit","Rupture+1"],"picked":"Bloodletting+1","floor":27},{"not_picked":["Heavy Blade+1","Burning Pact"],"picked":"Inflame","floor":29},{"not_picked":["Wild Strike+1","Hemokinesis"],"picked":"Reckless Charge+1","floor":31}],"player_experience":120974,"relics_obtained":[{"floor":11,"key":"Singing Bowl"},{"floor":26,"key":"Oddly Smooth Stone"},{"floor":30,"key":"StoneCalendar"}],"event_choices":[{"cards_removed":["Strike_R"],"damage_healed":0,"gold_gain":0,"player_choice":"Purged","damage_taken":0,"max_hp_gain":0,"max_hp_loss":0,"event_name":"Purifier","floor":2,"gold_loss":0},{"damage_healed":0,"gold_gain":0,"player_choice":"Entered Light","damage_taken":19,"max_hp_gain":0,"max_hp_loss":0,"event_name":"Shining Light","floor":12,"gold_loss":0,"cards_upgraded":["Strike_R","Anger"]},{"damage_healed":0,"gold_gain":0,"player_choice":"Inject Mutagens","damage_taken":0,"relics_obtained":["MutagenicStrength"],"max_hp_gain":0,"max_hp_loss":0,"event_name":"Drug Dealer","floor":19,"gold_loss":0},{"damage_healed":0,"gold_gain":0,"player_choice":"Read","damage_taken":0,"max_hp_gain":0,"max_hp_loss":0,"event_name":"The Library","floor":22,"gold_loss":0,"cards_obtained":["Flex"]},{"damage_healed":0,"gold_gain":0,"player_choice":"Ignored","damage_taken":0,"max_hp_gain":0,"max_hp_loss":0,"event_name":"Beggar","floor":24,"gold_loss":0}],"is_beta":false,"boss_relics":[{"not_picked":["Runic Dome","Busted Crown"],"picked":"Orrery"}],"items_purged_floors":[21],"is_endless":false,"potions_floor_spawned":[1,3,4,14,27,31],"killed_by":"Automaton","ascension_level":1}