{"gold_per_floor":[117,117,135,146,166,194,194,223,246,246,301,149,163,194,194,294,294,314,314,314,327,154,154,181,56,56,71,71,71,105,123,123,227,227,244,244,259,274,355,355,355,355,355,355,369,0,17,35,35,35],"floor_reached":50,"playtime":3600,"items_purged":["Strike_B","Strike_B","Strike_B"],"score":535,"play_id":"d7faeead-5df2-43de-b7a4-d325a48d636d","local_time":"20190710222534","is_ascension_mode":false,"campfire_choices":[{"data":"Double Energy","floor":7.0,"key":"SMITH"},{"floor":10.0,"key":"REST"},{"data":"Echo Form","floor":15.0,"key":"SMITH"},{"data":"Capacitor","floor":23.0,"key":"SMITH"},{"floor":32.0,"key":"REST"},{"floor":40.0,"key":"REST"},{"data":"Defragment","floor":42.0,"key":"SMITH"},{"floor":44.0,"key":"REST"},{"floor":49.0,"key":"REST"}],"neow_cost":"NONE","seed_source_timestamp":208669938651287,"circlet_count":0,"master_deck":["Defend_B","Defend_B","Defend_B","Defend_B","Zap","Dualcast+1","Double Energy+1","Doom and Gloom","Cold Snap","Hologram","Chill","Echo Form+1","Sunder","Cold Snap+1","Amplify","Defragment+1","Skim","Reprogram+1","Capacitor+1","Turbo+1","Leap","Reboot","Rebound+1","Capacitor+1","Redo+1","Writhe","FTL+1","Rainbow","Ball Lightning+1"],"special_seed":0,"relics":["Cracked Core","Pantograph","Boot","Art of War","Tiny Chest","Molten Egg 2","Sozu","Pear","Gremlin Horn","Mercury Hourglass","Dream Catcher","Dodecahedron","Unceasing Top","Red Mask"],"potions_floor_usage":[],"damage_taken":[{"damage":0.0,"enemies":"2 Louse","floor":1.0,"turns":2.0},{"damage":1.0,"enemies":"Small Slimes","floor":3.0,"turns":3.0},{"damage":1.0,"enemies":"Jaw Worm","floor":4.0,"turns":4.0},{"damage":0.0,"enemies":"Blue Slaver","floor":5.0,"turns":4.0},{"damage":20.0,"enemies":"Lagavulin","floor":6.0,"turns":6.0},{"damage":14.0,"enemies":"3 Sentries","floor":8.0,"turns":7.0},{"damage":10.0,"enemies":"Lagavulin","floor":11.0,"turns":6.0},{"damage":10.0,"enemies":"Looter","floor":13.0,"turns":3.0},{"damage":2.0,"enemies":"3 Sentries","floor":14.0,"turns":5.0},{"damage":4.0,"enemies":"The Guardian","floor":16.0,"turns":9.0},{"damage":6.0,"enemies":"Spheric Guardian","floor":18.0,"turns":5.0},{"damage":3.0,"enemies":"Chosen","floor":21.0,"turns":4.0},{"damage":43.0,"enemies":"Book of Stabbing","floor":24.0,"turns":6.0},{"damage":6.0,"enemies":"Centurion and Healer","floor":27.0,"turns":5.0},{"damage":15.0,"enemies":"Slavers","floor":30.0,"turns":6.0},{"damage":16.0,"enemies":"Snake Plant","floor":31.0,"turns":4.0},{"damage":18.0,"enemies":"Automaton","floor":33.0,"turns":11.0},{"damage":17.0,"enemies":"Orb Walker","floor":35.0,"turns":5.0},{"damage":3.0,"enemies":"3 Shapes","floor":37.0,"turns":6.0},{"damage":57.0,"enemies":"Transient","floor":38.0,"turns":5.0},{"damage":12.0,"enemies":"Sphere and 2 Shapes","floor":45.0,"turns":5.0},{"damage":23.0,"enemies":"Writhing Mass","floor":47.0,"turns":4.0},{"damage":14.0,"enemies":"3 Darklings","floor":48.0,"turns":4.0},{"damage":91,"enemies":"Donu and Deca","floor":50,"turns":9}],"seed_played":"7528746098415133782","potions_obtained":[{"floor":1.0,"key":"PowerPotion"},{"floor":4.0,"key":"SkillPotion"},{"floor":6.0,"key":"Ancient Potion"},{"floor":8.0,"key":"Fruit Juice"},{"floor":13.0,"key":"FocusPotion"}],"is_trial":false,"path_per_floor":["M","?","M","M","M","E","R","E","T","R","E","$","M","E","R","B",null,"M","?","?","M","$","R","E","$","T","M","T","$","E","M","R","B",null,"M","?","M","M","T","R","?","R","T","R","M","?","M","M","R","B"],"character_chosen":"DEFECT","items_purchased":["Sunder","Capacitor"],"campfire_rested":5,"item_purchase_floors":[12,22],"current_hp_per_floor":[75,75,74,73,73,53,53,39,39,61,56,56,46,44,44,65,80,74,74,74,71,71,71,38,38,38,32,32,32,17,1,28,35,90,73,73,70,13,13,40,63,63,63,90,78,78,55,41,68,0],"gold":35,"neow_bonus":"UPGRADE_CARD","is_prod":false,"is_daily":false,"chose_seed":false,"campfire_upgraded":4,"win_rate":0.0,"timestamp":1562811934,"path_taken":["M","?","M","M","M","E","R","E","T","R","E","$","M","E","R","BOSS","M","?","?","M","?","R","E","$","T","M","?","?","E","?","R","BOSS","M","?","?","M","?","R","?","R","T","R","M","?","?","M","R","BOSS"],"build_version":"2019-07-05","purchased_purges":3,"victory":false,"max_hp_per_floor":[75,75,75,75,75,75,75,75,75,75,80,80,80,80,80,80,80,80,80,80,80,80,80,90,90,90,90,90,90,90,90,90,90,90,90,90,90,90,90,90,90,90,90,90,90,90,90,90,90,90],"card_choices":[{"not_picked":["Redo","Force Field"],"picked":"Double Energy","floor":1.0},{"not_picked":["Conserve Battery","Consume"],"picked":"Doom and Gloom","floor":3.0},{"not_picked":["Beam Cell","Compile Driver"],"picked":"Cold Snap","floor":4.0},{"not_picked":["Coolheaded","Beam Cell"],"picked":"Hologram","floor":5.0},{"not_picked":["Reinforced Body","Rip and Tear"],"picked":"Chill","floor":6.0},{"not_picked":["Static Discharge","Stack","Consume"],"picked":"SKIP","floor":8.0},{"not_picked":["Coolheaded","Streamline"],"picked":"Echo Form","floor":11.0},{"not_picked":["Go for the Eyes","Static Discharge","Lockon"],"picked":"SKIP","floor":13.0},{"not_picked":["Sweeping Beam","Conserve Battery"],"picked":"Cold Snap","floor":14.0},{"not_picked":["Machine Learning","Reboot"],"picked":"Amplify","floor":16.0},{"not_picked":["Hologram","Conserve Battery"],"picked":"Defragment","floor":18.0},{"not_picked":["BootSequence","Coolheaded"],"picked":"Reprogram+1","floor":21.0},{"not_picked":["Reboot","Genetic Algorithm+1"],"picked":"Turbo+1","floor":24.0},{"not_picked":["Stack","Gash+1","Barrage+1"],"picked":"SKIP","floor":27.0},{"not_picked":["Genetic Algorithm+1","Steam","Turbo+1"],"picked":"SKIP","floor":30.0},{"not_picked":["Doom and Gloom+1","Turbo"],"picked":"Leap","floor":31.0},{"not_picked":["Echo Form","Thunder Strike+1"],"picked":"Reboot","floor":33.0},{"not_picked":["Redo","Chaos+1"],"picked":"Rebound+1","floor":35.0},{"not_picked":["Turbo+1","Coolheaded"],"picked":"Redo+1","floor":37.0},{"not_picked":["Turbo","Ball Lightning+1","Hologram+1"],"picked":"SKIP","floor":38.0},{"not_picked":["Double Energy+1","Steam+1"],"picked":"FTL+1","floor":44.0},{"not_picked":["Cold Snap+1","Gash+1"],"picked":"Rainbow","floor":45.0},{"not_picked":["Hologram","Go for the Eyes+1","Rip and Tear+1"],"picked":"SKIP","floor":47.0},{"not_picked":["Chill+1","Compile Driver+1","Barrage+1"],"picked":"SKIP","floor":48.0},{"not_picked":["Streamline+1","Coolheaded+1"],"picked":"Ball Lightning+1","floor":49.0}],"player_experience":84316,"relics_obtained":[{"floor":6.0,"key":"Pantograph"},{"floor":8.0,"key":"Boot"},{"floor":9.0,"key":"Art of War"},{"floor":11.0,"key":"Tiny Chest"},{"floor":14.0,"key":"Molten Egg 2"},{"floor":24.0,"key":"Pear"},{"floor":26.0,"key":"Gremlin Horn"},{"floor":28.0,"key":"Mercury Hourglass"},{"floor":30.0,"key":"Dream Catcher"},{"floor":39.0,"key":"Dodecahedron"},{"floor":43.0,"key":"Unceasing Top"}],"event_choices":[{"cards_removed":["Strike_B"],"damage_healed":0.0,"max_hp_gain":0.0,"max_hp_loss":0.0,"gold_gain":0.0,"event_name":"Living Wall","player_choice":"Forget","floor":2.0,"gold_loss":0.0,"damage_taken":0.0},{"damage_healed":0.0,"max_hp_gain":0.0,"max_hp_loss":0.0,"gold_gain":0.0,"event_name":"The Library","player_choice":"Read","floor":19.0,"gold_loss":0.0,"damage_taken":0.0,"cards_obtained":["Skim"]},{"damage_healed":0.0,"max_hp_gain":0.0,"max_hp_loss":0.0,"gold_gain":0.0,"event_name":"Cursed Tome","player_choice":"Ignored","floor":20.0,"gold_loss":0.0,"damage_taken":0.0},{"damage_healed":0.0,"max_hp_gain":0.0,"max_hp_loss":0.0,"gold_gain":0.0,"event_name":"Duplicator","player_choice":"Copied","floor":36.0,"gold_loss":0.0,"damage_taken":0.0,"cards_obtained":["Capacitor"]},{"damage_healed":23.0,"max_hp_gain":0.0,"max_hp_loss":0.0,"gold_gain":0.0,"event_name":"Winding Halls","player_choice":"Writhe","floor":41.0,"gold_loss":0.0,"damage_taken":0.0,"cards_obtained":["Writhe"]},{"damage_healed":0.0,"max_hp_gain":0.0,"max_hp_loss":0.0,"gold_gain":0.0,"event_name":"Tomb of Lord Red Mask","player_choice":"Paid","floor":46.0,"gold_loss":369.0,"damage_taken":0.0,"relics_obtained":["Red Mask"]}],"is_beta":false,"boss_relics":[{"not_picked":["Nuclear Battery","Ectoplasm"],"picked":"Sozu"},{"not_picked":["Velvet Choker","Runic Dome","Fusion Hammer"]}],"items_purged_floors":[12,22,25],"is_endless":false,"potions_floor_spawned":[1,4,5,6,8,13,21,30,31,35,47,48],"killed_by":"Donu and Deca","ascension_level":0}