{"gold_per_floor":[109,120,138,149,161,161,190,27,27,57,57,86,86,98,98,172,172,184,218,218],"floor_reached":20,"playtime":867,"items_purged":[],"score":413,"play_id":"44a77f63-5e2c-4e9c-aec0-ad48d1243553","local_time":"20190627191107","is_ascension_mode":true,"campfire_choices":[{"data":"Whirlwind","floor":6,"key":"SMITH"},{"data":"Feed","floor":11,"key":"SMITH"},{"data":"Combust","floor":15,"key":"SMITH"}],"neow_cost":"NONE","seed_source_timestamp":1057920652237287,"circlet_count":0,"master_deck":["AscendersBane","Strike_R","Strike_R","Strike_R+1","Strike_R","Strike_R","Defend_R","Defend_R","Defend_R","Defend_R","Bash","Shockwave","Sword Boomerang","Shrug It Off","Headbutt+1","Whirlwind+1","Feed+1","Combust+1","Metallicize","Reaper","Battle Trance","Battle Trance"],"relics":["Burning Blood","Whetstone","PreservedInsect","Bag of Preparation","Strawberry","Blue Candle","Turnip","Black Star","Red Mask"],"potions_floor_usage":[4,7,16,18,20],"damage_taken":[{"damage":2,"enemies":"Cultist","floor":1,"turns":4},{"damage":14,"enemies":"Small Slimes","floor":2,"turns":5},{"damage":5,"enemies":"2 Louse","floor":3,"turns":3},{"damage":36,"enemies":"Exordium Wildlife","floor":4,"turns":8},{"damage":3,"enemies":"Red Slaver","floor":5,"turns":5},{"damage":16,"enemies":"3 Sentries","floor":7,"turns":4},{"damage":6,"enemies":"Gremlin Nob","floor":10,"turns":3},{"damage":25,"enemies":"Lagavulin","floor":12,"turns":5},{"damage":12,"enemies":"Blue Slaver","floor":14,"turns":4},{"damage":25,"enemies":"Slime Boss","floor":16,"turns":7},{"damage":34,"enemies":"Chosen","floor":18,"turns":7},{"damage":55,"enemies":"Masked Bandits","floor":19,"turns":4},{"damage":13,"enemies":"Shell Parasite","floor":20,"turns":4}],"seed_played":"1372035000305980104","potions_obtained":[{"floor":2,"key":"EssenceOfSteel"},{"floor":3,"key":"Explosive Potion"},{"floor":4,"key":"EssenceOfSteel"},{"floor":14,"key":"Regen Potion"},{"floor":16,"key":"AttackPotion"}],"is_trial":false,"path_per_floor":["M","M","M","M","M","R","E","$","T","E","R","E","T","M","R","B",null,"M","?","M"],"character_chosen":"IRONCLAD","items_purchased":["PreservedInsect"],"campfire_rested":0,"item_purchase_floors":[8],"current_hp_per_floor":[79,71,72,42,45,45,35,35,35,42,42,27,27,25,25,21,78,53,8,0],"gold":218,"neow_bonus":"TEN_PERCENT_HP_BONUS","is_prod":false,"is_daily":false,"chose_seed":false,"campfire_upgraded":3,"win_rate":0,"timestamp":1561677067,"path_taken":["M","M","?","?","M","R","E","$","T","E","R","E","?","M","R","BOSS","M","?","M"],"build_version":"2019-01-23","purchased_purges":0,"victory":false,"max_hp_per_floor":[82,82,82,82,82,82,82,82,82,89,89,93,93,97,97,97,97,97,101,101],"card_choices":[{"not_picked":["Shrug It Off","Cleave"],"picked":"Shockwave","floor":1},{"not_picked":["Clash","Headbutt"],"picked":"Sword Boomerang","floor":2},{"not_picked":["Perfected Strike","Warcry"],"picked":"Shrug It Off","floor":3},{"not_picked":["Wild Strike","Sword Boomerang"],"picked":"Headbutt","floor":4},{"not_picked":["Fire Breathing","Clothesline"],"picked":"Whirlwind","floor":5},{"not_picked":["Sever Soul","Entrench"],"picked":"Feed","floor":7},{"not_picked":["Infernal Blade","Pummel","Clothesline"],"picked":"SKIP","floor":10},{"not_picked":["Heavy Blade","Clash"],"picked":"Combust","floor":12},{"not_picked":["True Grit","Perfected Strike"],"picked":"Metallicize","floor":14},{"not_picked":["Limit Break","Juggernaut"],"picked":"Reaper","floor":16},{"not_picked":["Searing Blow","Pummel"],"picked":"Battle Trance","floor":18},{"not_picked":["Wild Strike","Warcry"],"picked":"Battle Trance","floor":19}],"player_experience":1563874,"relics_obtained":[{"floor":7,"key":"Whetstone"},{"floor":9,"key":"Bag of Preparation"},{"floor":10,"key":"Strawberry"},{"floor":12,"key":"Blue Candle"},{"floor":13,"key":"Turnip"},{"floor":19,"key":"Red Mask"}],"event_choices":[{"damage_healed":0,"gold_gain":0,"player_choice":"Fought Bandits","damage_taken":0,"max_hp_gain":0,"max_hp_loss":0,"event_name":"Masked Bandits","floor":19,"gold_loss":0}],"is_beta":false,"boss_relics":[{"not_picked":["Eternal Feather","Busted Crown"],"picked":"Black Star"}],"items_purged_floors":[],"is_endless":false,"potions_floor_spawned":[2,3,4,14,16],"killed_by":"Shell Parasite","ascension_level":20}