{"gold_per_floor":[110,110,37,37,53,84,94,94,94,94,94,19,63,87,87,87],"floor_reached":16,"playtime":609,"items_purged":["Strike_G"],"score":153,"play_id":"8e5a28d3-dd4d-463c-8bf9-bb594bb5772c","local_time":"20190712061950","is_ascension_mode":true,"campfire_choices":[{"data":"Infinite Blades","floor":10,"key":"SMITH"},{"floor":15,"key":"REST"}],"neow_cost":"NONE","seed_source_timestamp":66339380997832,"circlet_count":0,"master_deck":["Strike_G","Strike_G","Strike_G","Strike_G","Defend_G","Defend_G","Defend_G","Defend_G","Defend_G","Survivor","Neutralize+1","Cloak And Dagger","Infinite Blades+1","Well Laid Plans"],"relics":["Ring of the Snake","NeowsBlessing","Orichalcum","Golden Idol","Nunchaku"],"potions_floor_usage":[13,16],"damage_taken":[{"damage":0,"enemies":"Small Slimes","floor":1,"turns":1},{"damage":0,"enemies":"Cultist","floor":5,"turns":1},{"damage":0,"enemies":"Lagavulin","floor":6,"turns":1},{"damage":2,"enemies":"Jaw Worm","floor":7,"turns":4},{"damage":39,"enemies":"Gremlin Nob","floor":13,"turns":6},{"damage":10,"enemies":"3 Louse","floor":14,"turns":6},{"damage":38,"enemies":"The Guardian","floor":16,"turns":17}],"seed_played":"-1074693888371033313","potions_obtained":[{"floor":7,"key":"Weak Potion"},{"floor":14,"key":"LiquidBronze"}],"is_trial":false,"path_per_floor":["M","?","$","$","M","E","M","?","T","R","?","$","E","M","R","B"],"character_chosen":"THE_SILENT","items_purchased":["Infinite Blades"],"campfire_rested":1,"item_purchase_floors":[3],"current_hp_per_floor":[70,70,70,70,70,70,68,73,73,73,55,55,16,6,28,0],"gold":87,"neow_bonus":"THREE_ENEMY_KILL","is_prod":false,"is_daily":false,"chose_seed":false,"campfire_upgraded":1,"win_rate":0,"timestamp":1562926790,"path_taken":["M","?","?","$","?","E","M","?","T","R","?","$","E","M","R","BOSS"],"build_version":"2019-07-05","purchased_purges":1,"victory":false,"max_hp_per_floor":[70,70,70,70,70,70,70,75,75,75,75,75,75,75,75,75],"card_choices":[{"not_picked":["Sucker Punch","Slice"],"picked":"Cloak And Dagger","floor":1},{"not_picked":["Dash","Infinite Blades","Distraction"],"picked":"SKIP","floor":5},{"not_picked":["Bane","Dagger Spray"],"picked":"Well Laid Plans","floor":6},{"not_picked":["Heel Hook","Underhanded Strike","Poisoned Stab"],"picked":"SKIP","floor":7},{"not_picked":["Riddle With Holes","Endless Agony","Predator"],"picked":"SKIP","floor":13},{"not_picked":["Flying Knee","Reflex","Slice"],"picked":"SKIP","floor":14}],"player_experience":117551,"relics_obtained":[{"floor":6,"key":"Orichalcum"},{"floor":13,"key":"Nunchaku"}],"event_choices":[{"damage_healed":0,"gold_gain":0,"player_choice":"Forge","damage_taken":0,"max_hp_gain":0,"max_hp_loss":0,"event_name":"Accursed Blacksmith","floor":2,"gold_loss":0,"cards_upgraded":["Neutralize"]},{"damage_healed":0,"gold_gain":0,"player_choice":"Donut","damage_taken":0,"max_hp_gain":5,"max_hp_loss":0,"event_name":"Big Fish","floor":8,"gold_loss":0},{"damage_healed":0,"gold_gain":0,"player_choice":"Take Damage","damage_taken":18,"relics_obtained":["Golden Idol"],"max_hp_gain":0,"max_hp_loss":0,"event_name":"Golden Idol","floor":11,"gold_loss":0}],"is_beta":false,"boss_relics":[],"items_purged_floors":[12],"is_endless":false,"potions_floor_spawned":[7,14],"killed_by":"The Guardian","ascension_level":3}