{"gold_per_floor":[114,114,83,83,7,7,32,48,75,75,87,87,87,107,107,210,210,229,229,229,241,166,166,12,28,80,99,99,113,113,131,131,231,231,244,244,260,271,62,62,75,95,120,120],"floor_reached":44,"playtime":2054,"items_purged":["Strike_G"],"score":431,"play_id":"63a064e5-0365-4cdf-ad4e-24153f89119d","local_time":"20190717172411","is_ascension_mode":true,"campfire_choices":[{"floor":6,"key":"REST"},{"floor":10,"key":"REST"},{"data":"Storm of Steel","floor":12,"key":"SMITH"},{"data":"Terror","floor":15,"key":"SMITH"},{"data":"After Image","floor":23,"key":"SMITH"},{"data":"Venomology","floor":28,"key":"SMITH"},{"floor":32,"key":"REST"},{"floor":40,"key":"REST"}],"neow_cost":"NONE","seed_source_timestamp":91639516085424,"circlet_count":0,"master_deck":["Strike_G+1","Strike_G+1","Defend_G","Defend_G","Defend_G","Defend_G","Defend_G","Survivor","Neutralize","Storm of Steel+1","Poisoned Stab","Infinite Blades","Backflip","Terror+1","Venomology+1","Poisoned Stab","After Image+1","Noxious Fumes","Blur","Writhe","Footwork","Die Die Die","Deadly Poison","Injury","Choke+1","Glass Knife","Outmaneuver","Blade Dance+1","Accuracy+1","Impatience","Night Terror","Flying Knee","Bane+1","Writhe"],"relics":["Ring of the Snake","Mercury Hourglass","Blood Vial","Bag of Marbles","Cursed Key","Paper Crane","Potion Belt","Whetstone","Orrery","Medical Kit","Centennial Puzzle"],"potions_floor_usage":[16,18,25,25,25,27,31,33,33,33,37,38,41,42,42,42,44,44],"damage_taken":[{"damage":8,"enemies":"Jaw Worm","floor":1,"turns":3},{"damage":16,"enemies":"Lagavulin","floor":7,"turns":8},{"damage":0,"enemies":"Small Slimes","floor":8,"turns":3},{"damage":2,"enemies":"2 Louse","floor":11,"turns":3},{"damage":7,"enemies":"2 Fungi Beasts","floor":14,"turns":3},{"damage":21,"enemies":"Slime Boss","floor":16,"turns":8},{"damage":0,"enemies":"Chosen","floor":18,"turns":4},{"damage":1,"enemies":"Shell Parasite","floor":21,"turns":5},{"damage":9,"enemies":"Centurion and Healer","floor":25,"turns":4},{"damage":11,"enemies":"Shelled Parasite and Fungi","floor":27,"turns":6},{"damage":9,"enemies":"Sentry and Sphere","floor":29,"turns":4},{"damage":10,"enemies":"Centurion and Healer","floor":31,"turns":6},{"damage":11,"enemies":"Champ","floor":33,"turns":13},{"damage":24,"enemies":"3 Darklings","floor":35,"turns":6},{"damage":7,"enemies":"Orb Walker","floor":37,"turns":5},{"damage":29,"enemies":"Jaw Worm Horde","floor":38,"turns":4},{"damage":0,"enemies":"Transient","floor":41,"turns":5},{"damage":44,"enemies":"3 Darklings","floor":42,"turns":4},{"damage":32,"enemies":"Writhing Mass","floor":44,"turns":3}],"seed_played":"7283514508839979123","potions_obtained":[{"floor":7,"key":"Fire Potion"},{"floor":14,"key":"Weak Potion"},{"floor":18,"key":"FairyPotion"},{"floor":25,"key":"GhostInAJar"},{"floor":37,"key":"EssenceOfSteel"},{"floor":42,"key":"Regen Potion"}],"is_trial":false,"path_per_floor":["M","?","?","?","$","R","E","M","T","R","M","R","?","M","R","B",null,"M","?","?","M","?","R","$","M","T","M","R","M","?","M","R","B",null,"M","?","M","M","$","R","M","M","T","M"],"character_chosen":"THE_SILENT","items_purchased":["Infinite Blades","Die Die Die","Medical Kit"],"campfire_rested":4,"item_purchase_floors":[5,24,39],"current_hp_per_floor":[62,29,29,29,29,50,34,36,36,57,57,57,57,52,52,33,70,70,70,70,69,69,69,69,61,61,52,52,45,45,37,58,49,70,46,46,41,26,26,47,49,7,7,0],"gold":120,"neow_bonus":"ONE_RANDOM_RARE_CARD","is_prod":false,"is_daily":false,"chose_seed":false,"campfire_upgraded":4,"win_rate":0,"timestamp":1563398651,"path_taken":["M","?","?","?","$","R","E","?","T","R","M","R","?","M","R","BOSS","M","?","?","M","?","R","$","M","T","?","R","M","?","M","R","BOSS","M","?","?","M","$","R","M","M","T","M"],"build_version":"2019-07-05","purchased_purges":1,"victory":false,"max_hp_per_floor":[70,70,70,70,70,70,70,70,70,70,70,70,70,70,70,70,70,70,70,70,70,70,70,70,70,70,70,70,70,70,70,70,70,70,70,70,70,70,70,70,70,70,70,70],"card_choices":[{"not_picked":["Blade Dance","Crippling Poison"],"picked":"Poisoned Stab","floor":1},{"not_picked":["Prepared","Finisher"],"picked":"Backflip","floor":7},{"not_picked":["Eviscerate","Dagger Throw"],"picked":"Terror","floor":8},{"not_picked":["Acrobatics","Blade Dance"],"picked":"Venomology","floor":11},{"not_picked":["Outmaneuver","Catalyst"],"picked":"Poisoned Stab","floor":14},{"not_picked":["Doppelganger","Die Die Die"],"picked":"After Image","floor":16},{"not_picked":["Sucker Punch","Dagger Spray"],"picked":"Noxious Fumes","floor":18},{"not_picked":["Prepared","Outmaneuver+1"],"picked":"Footwork","floor":21},{"not_picked":["Blade Dance","Acrobatics"],"picked":"Deadly Poison","floor":25},{"not_picked":["Glass Knife","Acrobatics"],"picked":"Choke+1","floor":27},{"not_picked":["Dagger Spray+1","Choke+1","Poisoned Stab+1"],"picked":"SKIP","floor":29},{"not_picked":["Poisoned Stab","Dagger Spray","Cloak And Dagger"],"picked":"SKIP","floor":31},{"not_picked":["Doppelganger","Venomology"],"picked":"Glass Knife","floor":33},{"not_picked":["Dagger Spray+1","Dagger Throw+1"],"picked":"Outmaneuver","floor":34},{"not_picked":["Quick Slash","Poisoned Stab+1"],"picked":"Blade Dance+1","floor":34},{"not_picked":["Acrobatics+1","Dodge and Roll"],"picked":"Accuracy+1","floor":35},{"not_picked":["Quick Slash+1","Eviscerate+1"],"picked":"Flying Knee","floor":37},{"not_picked":["Bane","Finisher","All Out Attack+1"],"picked":"SKIP","floor":38},{"not_picked":["Poisoned Stab+1","Die Die Die"],"picked":"Bane+1","floor":41},{"not_picked":["Tactician","Skewer","Flying Knee+1"],"picked":"SKIP","floor":42}],"player_experience":83543,"relics_obtained":[{"floor":7,"key":"Blood Vial"},{"floor":9,"key":"Bag of Marbles"},{"floor":26,"key":"Whetstone"},{"floor":43,"key":"Centennial Puzzle"}],"event_choices":[{"damage_healed":0,"gold_gain":0,"player_choice":"Success","damage_taken":33,"relics_obtained":["Mercury Hourglass"],"max_hp_gain":0,"max_hp_loss":0,"event_name":"Scrap Ooze","floor":2,"gold_loss":0},{"damage_healed":0,"gold_gain":0,"player_choice":"Left Gold","damage_taken":0,"max_hp_gain":0,"max_hp_loss":0,"event_name":"World of Goop","floor":3,"gold_loss":31},{"damage_healed":0,"gold_gain":0,"player_choice":"Ignored","damage_taken":0,"max_hp_gain":0,"max_hp_loss":0,"event_name":"Shining Light","floor":4,"gold_loss":0},{"cards_removed":["Strike_G"],"damage_healed":0,"gold_gain":0,"player_choice":"Forget","damage_taken":0,"max_hp_gain":0,"max_hp_loss":0,"event_name":"Living Wall","floor":13,"gold_loss":0},{"damage_healed":0,"gold_gain":0,"player_choice":"Read","damage_taken":0,"max_hp_gain":0,"max_hp_loss":0,"event_name":"The Library","floor":19,"gold_loss":0,"cards_obtained":["Blur"]},{"damage_healed":0,"gold_gain":0,"player_choice":"Opened","damage_taken":0,"relics_obtained":["Paper Crane"],"max_hp_gain":0,"max_hp_loss":0,"event_name":"The Mausoleum","floor":20,"gold_loss":0,"cards_obtained":["Writhe"]},{"damage_healed":0,"gold_gain":0,"player_choice":"Paid Gold","damage_taken":0,"relics_obtained":["Potion Belt"],"max_hp_gain":0,"max_hp_loss":0,"event_name":"WeMeetAgain","floor":22,"gold_loss":75},{"cards_removed":["Strike_G"],"damage_healed":0,"gold_gain":0,"player_choice":"Elegance","damage_taken":0,"max_hp_gain":0,"max_hp_loss":0,"event_name":"Back to Basics","floor":30,"gold_loss":0},{"damage_healed":0,"gold_gain":0,"player_choice":"2 cards matched","damage_taken":0,"max_hp_gain":0,"max_hp_loss":0,"event_name":"Match and Keep!","floor":36,"gold_loss":0,"cards_obtained":["Impatience","Night Terror"]}],"is_beta":false,"boss_relics":[{"not_picked":["Calling Bell","Velvet Choker"],"picked":"Cursed Key"},{"not_picked":["Empty Cage","Astrolabe"],"picked":"Orrery"}],"items_purged_floors":[24],"is_endless":false,"potions_floor_spawned":[7,14,16,18,21,25,29,37,38,41,42],"killed_by":"Writhing Mass","ascension_level":1}