{"gold_per_floor":[113,113,129,129,142,170,170,199,253,253,103,103,103,103,103,103],"floor_reached":16,"playtime":698,"items_purged":["Strike_G"],"score":154,"play_id":"bf70c00a-5fdc-4247-93e9-f90bf1ca91c3","local_time":"20180830212826","is_ascension_mode":true,"campfire_choices":[{"floor":7,"key":"REST"},{"data":"Cloak And Dagger","floor":10,"key":"SMITH"},{"data":"Footwork","floor":13,"key":"SMITH"},{"data":"Neutralize","floor":15,"key":"SMITH"}],"neow_cost":"NONE","seed_source_timestamp":1275009775814480,"circlet_count":0,"master_deck":["Defend_G","Defend_G","Defend_G","Defend_G","Defend_G","Strike_G","Strike_G","Strike_G","Survivor","Neutralize+1","Finisher","Cloak And Dagger","Dagger Spray","Cloak And Dagger+1","Footwork+1"],"relics":["Ring of the Snake","Matryoshka","Vajra","Regal Pillow","Bottled Lightning","Shovel","GremlinMask"],"potions_floor_usage":[6,8],"damage_taken":[{"damage":1,"enemies":"Jaw Worm","floor":1,"turns":5},{"damage":1,"enemies":"Cultist","floor":3,"turns":3},{"damage":1,"enemies":"2 Louse","floor":5,"turns":3},{"damage":25,"enemies":"Lagavulin","floor":6,"turns":8},{"damage":16,"enemies":"3 Sentries","floor":8,"turns":10},{"damage":44,"enemies":"Slime Boss","floor":16,"turns":15}],"seed_played":"1181463557344018417","potions_obtained":[{"floor":1,"key":"Block Potion"},{"floor":3,"key":"GhostInAJar"},{"floor":5,"key":"LiquidBronze"},{"floor":8,"key":"Strength Potion"}],"is_trial":false,"path_per_floor":["M","?","M","?","M","E","R","E","T","R","$","?","R","?","R"],"character_chosen":"THE_SILENT","items_purchased":["Footwork"],"campfire_rested":1,"item_purchase_floors":[11],"current_hp_per_floor":[62,62,61,61,60,35,56,40,40,40,40,40,40,40,40,0],"gold":103,"neow_bonus":"REMOVE_CARD","is_prod":false,"is_daily":false,"chose_seed":false,"campfire_upgraded":3,"win_rate":0,"timestamp":1535678906,"path_taken":["M","?","M","?","M","E","R","E","T","R","$","?","R","?","R","BOSS"],"build_version":"2018-08-23v2","purchased_purges":1,"victory":false,"max_hp_per_floor":[70,70,70,70,70,70,70,70,70,70,70,70,70,70,70,70],"card_choices":[{"not_picked":["Heel Hook","Catalyst"],"picked":"Finisher","floor":1},{"not_picked":["All Out Attack","Dash"],"picked":"Cloak And Dagger","floor":3},{"not_picked":["Reflex","Underhanded Strike"],"picked":"Dagger Spray","floor":5},{"not_picked":["Expertise","Choke","Tactician"],"picked":"SKIP","floor":6},{"not_picked":["Backflip","Flying Knee"],"picked":"Cloak And Dagger","floor":8}],"player_experience":317568,"relics_obtained":[{"floor":6,"key":"Matryoshka"},{"floor":8,"key":"Vajra"},{"floor":9,"key":"Regal Pillow"},{"floor":9,"key":"Bottled Lightning"}],"event_choices":[{"event_name":"Match and Keep!","player_choice":"0 cards matched","floor":2,"damage_taken":0},{"event_name":"Liars Game","player_choice":"disagreed","floor":4,"damage_taken":0},{"event_name":"Dead Adventurer","player_choice":"Searched \u00271\u0027 times","floor":12,"damage_taken":0},{"event_name":"FaceTrader","player_choice":"Trade","floor":14,"damage_taken":0}],"is_beta":false,"boss_relics":[],"items_purged_floors":[11],"is_endless":false,"potions_floor_spawned":[1,3,5,8],"killed_by":"Slime Boss","ascension_level":9}