{"gold_per_floor":[111,127,127,142,154,154,188,188,212,212,54,85,100,113,113,190,190,190],"floor_reached":18,"playtime":632,"items_purged":[],"score":344,"play_id":"da1b0369-b422-440c-a3dc-a21087cebdda","local_time":"20190621122057","is_ascension_mode":true,"campfire_choices":[{"data":"Whirlwind","floor":6,"key":"SMITH"},{"floor":8,"key":"REST"},{"data":"Thunderclap","floor":15,"key":"SMITH"}],"neow_cost":"NONE","seed_source_timestamp":515160201773988,"circlet_count":0,"master_deck":["AscendersBane","Strike_R","Strike_R","Strike_R","Strike_R","Defend_R","Defend_R","Defend_R","Defend_R","Bash","Thunderclap+1","Flame Barrier","Whirlwind+1","Heavy Blade","Shrug It Off","Feel No Pain","Reaper"],"relics":["Burning Blood","Regal Pillow","Happy Flower","Anchor","PreservedInsect","Red Skull","Runic Pyramid"],"potions_floor_usage":[7,16],"damage_taken":[{"damage":6,"enemies":"Cultist","floor":1,"turns":4},{"damage":9,"enemies":"2 Louse","floor":2,"turns":4},{"damage":7,"enemies":"Small Slimes","floor":4,"turns":4},{"damage":11,"enemies":"2 Fungi Beasts","floor":5,"turns":5},{"damage":45,"enemies":"Lagavulin","floor":7,"turns":6},{"damage":5,"enemies":"3 Sentries","floor":12,"turns":3},{"damage":1,"enemies":"Looter","floor":13,"turns":4},{"damage":9,"enemies":"Exordium Thugs","floor":14,"turns":4},{"damage":36,"enemies":"Slime Boss","floor":16,"turns":7},{"damage":15,"enemies":"Shell Parasite","floor":18,"turns":6}],"seed_played":"4993575787609669742","potions_obtained":[{"floor":0,"key":"Regen Potion"},{"floor":0,"key":"Dexterity Potion"},{"floor":1,"key":"Fire Potion"},{"floor":2,"key":"SteroidPotion"},{"floor":14,"key":"Strength Potion"}],"is_trial":false,"path_per_floor":["M","M","?","M","M","R","E","R","T","?","$","E","M","M","R","B",null,"M"],"character_chosen":"IRONCLAD","items_purchased":["PreservedInsect"],"campfire_rested":1,"item_purchase_floors":[11],"current_hp_per_floor":[68,65,54,53,48,48,9,46,46,46,46,47,52,49,49,19,61,46],"gold":190,"neow_bonus":"THREE_SMALL_POTIONS","is_prod":false,"is_daily":false,"chose_seed":false,"campfire_upgraded":2,"win_rate":0,"timestamp":1561134057,"path_taken":["M","?","?","M","M","R","E","R","T","?","$","E","M","M","R","BOSS","M"],"build_version":"2019-01-23","purchased_purges":0,"victory":false,"max_hp_per_floor":[75,75,75,75,75,75,75,75,75,75,75,75,75,75,75,75,75,75],"card_choices":[{"not_picked":["Entrench","Twin Strike"],"picked":"Thunderclap","floor":1},{"not_picked":["Seeing Red","Wild Strike"],"picked":"Flame Barrier","floor":2},{"not_picked":["Flame Barrier","Thunderclap"],"picked":"Whirlwind","floor":4},{"not_picked":["Body Slam","Warcry","Clash"],"picked":"SKIP","floor":5},{"not_picked":["Entrench","Clash"],"picked":"Heavy Blade","floor":7},{"not_picked":["Body Slam","Exhume","Heavy Blade"],"picked":"SKIP","floor":12},{"not_picked":["Combust","Pummel"],"picked":"Shrug It Off","floor":13},{"not_picked":["True Grit","Uppercut"],"picked":"Feel No Pain","floor":14},{"not_picked":["Brutality","Impervious"],"picked":"Reaper","floor":16}],"player_experience":1534587,"relics_obtained":[{"floor":7,"key":"Happy Flower"},{"floor":9,"key":"Anchor"},{"floor":12,"key":"Red Skull"}],"event_choices":[{"damage_healed":0,"gold_gain":0,"player_choice":"Success","damage_taken":11,"relics_obtained":["Regal Pillow"],"max_hp_gain":0,"max_hp_loss":0,"event_name":"Scrap Ooze","floor":3,"gold_loss":0},{"cards_removed":["Strike_R"],"damage_healed":0,"gold_gain":0,"player_choice":"Purged","damage_taken":0,"max_hp_gain":0,"max_hp_loss":0,"event_name":"Purifier","floor":10,"gold_loss":0}],"is_beta":false,"boss_relics":[{"not_picked":["Empty Cage","Pandora\u0027s Box"],"picked":"Runic Pyramid"}],"items_purged_floors":[],"is_endless":false,"potions_floor_spawned":[1,2,4,14],"killed_by":"Shell Parasite","ascension_level":20}