{"gold_per_floor":[110,35,35,53,80,114,114,25,49,49,75,87,87,149,149,224,254,274,303,319,54,67,67,119,151,233,233,233,233,94,120,120,199,199,211,228,228,228,228,228,241,258,258,284,301,330,45,77,77,77,77],"floor_reached":52,"playtime":4849,"items_purged":[],"score":2164,"play_id":"9372c9e7-3faa-4cea-98a9-33c8b70e7607","local_time":"20190309140929","is_ascension_mode":true,"campfire_choices":[{"data":"Zap","floor":7.0,"key":"SMITH"},{"floor":10.0,"key":"REST"},{"data":"Loop","floor":15,"key":"SMITH"},{"floor":23,"key":"REST"},{"floor":28,"key":"REST"},{"data":"Defragment","floor":32,"key":"SMITH"},{"data":"Coolheaded","floor":40,"key":"SMITH"},{"data":"Biased Cognition","floor":49,"key":"SMITH"}],"neow_cost":"NONE","seed_source_timestamp":60767836447716,"circlet_count":0,"master_deck":["AscendersBane","Strike_B","Strike_B","Defend_B","Defend_B","Defend_B+1","Defend_B","Zap+1","Dualcast+1","Cold Snap","Doom and Gloom","Gash","Loop+1","Hologram","Coolheaded+1","Echo Form","Doubt","Self Repair","Conserve Battery","Steam","Static Discharge+1","Creative AI","Defragment+1","Reboot","Biased Cognition+1","Panacea","Magnetism","Self Repair","Cold Snap","Coolheaded","Coolheaded+1"],"special_seed":0,"relics":["Cracked Core","DataDisk","Potion Belt","Mango","Omamori","Anchor","Calling Bell","Tiny Chest","Dodecahedron","Incense Burner","Red Mask","Mummified Hand","Dream Catcher","Gambling Chip","Pantograph","Happy Flower","Orichalcum","Snecko Eye","Girya","Bag of Marbles","Torii","OrangePellets","Smiling Mask"],"potions_floor_usage":[14,19,36,46],"damage_taken":[{"damage":4.0,"enemies":"2 Louse","floor":1.0,"turns":2.0},{"damage":7.0,"enemies":"Small Slimes","floor":4.0,"turns":4.0},{"damage":8.0,"enemies":"3 Sentries","floor":6.0,"turns":5.0},{"damage":25,"enemies":"Gremlin Nob","floor":11,"turns":4},{"damage":4,"enemies":"Jaw Worm","floor":12,"turns":3},{"damage":10,"enemies":"Lagavulin Event","floor":14,"turns":3},{"damage":0,"enemies":"The Guardian","floor":16,"turns":8},{"damage":10,"enemies":"Shell Parasite","floor":18,"turns":7},{"damage":30,"enemies":"Masked Bandits","floor":19,"turns":6},{"damage":23,"enemies":"3 Byrds","floor":20,"turns":5},{"damage":11,"enemies":"Snake Plant","floor":22,"turns":9},{"damage":52,"enemies":"Slavers","floor":25,"turns":8},{"damage":18,"enemies":"Book of Stabbing","floor":31,"turns":4},{"damage":29,"enemies":"Collector","floor":33,"turns":8},{"damage":0,"enemies":"3 Shapes","floor":35,"turns":4},{"damage":0,"enemies":"3 Darklings","floor":36,"turns":4},{"damage":24,"enemies":"Spire Growth","floor":41,"turns":3},{"damage":11,"enemies":"Writhing Mass","floor":42,"turns":6},{"damage":0,"enemies":"Nemesis","floor":44,"turns":7},{"damage":0,"enemies":"Sphere and 2 Shapes","floor":45,"turns":6},{"damage":52,"enemies":"Reptomancer","floor":46,"turns":7},{"damage":1,"enemies":"Nemesis","floor":48,"turns":9},{"damage":0,"enemies":"Donu and Deca","floor":50,"turns":7},{"damage":37,"enemies":"Awakened One","floor":51,"turns":24}],"seed_played":"9175371654434124121","potions_obtained":[{"floor":1.0,"key":"SkillPotion"},{"floor":11,"key":"AttackPotion"},{"floor":14,"key":"Weak Potion"},{"floor":19,"key":"SpeedPotion"},{"floor":31,"key":"Dexterity Potion"},{"floor":33,"key":"Dexterity Potion"},{"floor":35,"key":"Block Potion"},{"floor":42,"key":"Ancient Potion"},{"floor":46,"key":"Regen Potion"}],"is_trial":false,"path_per_floor":["M","?","?","M","T","E","R","$","T","R","E","M","?","?","R","B",null,"M","?","M","$","M","R","T","E","T","T","R","?","$","E","R","B",null,"M","M","?","?","?","R","M","M","T","E","M","E","$","E","R","B","B",null],"character_chosen":"DEFECT","items_purchased":["Loop","Mummified Hand","Defragment","Energy Potion","Coolheaded","OrangePellets"],"campfire_rested":3,"item_purchase_floors":[8,21,30,30,47,47],"current_hp_per_floor":[60,60,39,32,32,38,38,38,38,63,38,34,34,24,24,24,70,60,44,28,28,31,56,56,18,18,18,43,43,43,32,32,42,74,81,85,85,81,71,71,54,57,57,71,81,50,50,70,70,81,65],"gold":77,"neow_bonus":"RANDOM_COMMON_RELIC","is_prod":false,"is_daily":false,"chose_seed":false,"campfire_upgraded":5,"win_rate":0,"timestamp":1552158569,"path_taken":["M","?","?","M","?","E","R","?","T","R","E","M","?","?","R","BOSS","M","?","M","$","M","R","?","E","T","?","R","?","$","E","R","BOSS","M","M","?","?","?","R","M","M","T","E","M","E","$","E","R","BOSS","BOSS"],"build_version":"2019-01-23","purchased_purges":0,"victory":true,"max_hp_per_floor":[71,71,71,71,71,85,85,85,85,85,85,85,85,85,85,85,85,85,85,85,85,85,85,85,85,85,85,85,85,85,85,85,85,85,85,85,85,81,81,81,81,81,81,81,81,81,81,81,81,81,81],"card_choices":[{"not_picked":["Undo","Reprogram"],"picked":"Cold Snap","floor":1.0},{"not_picked":["Go for the Eyes","Chill"],"picked":"Doom and Gloom","floor":4.0},{"not_picked":["Barrage","Streamline"],"picked":"Gash","floor":6.0},{"not_picked":["Rebound","Heatsinks"],"picked":"Hologram","floor":11},{"not_picked":["Skim","Barrage"],"picked":"Coolheaded","floor":12},{"not_picked":["Rainbow","Biased Cognition"],"picked":"Echo Form","floor":16},{"not_picked":["Compile Driver","Redo"],"picked":"Self Repair","floor":18},{"not_picked":["Darkness","Stack"],"picked":"Conserve Battery","floor":19},{"not_picked":["Conserve Battery","Stack"],"picked":"Steam","floor":20},{"not_picked":["Scrape","Barrage","Streamline"],"picked":"SKIP","floor":22},{"not_picked":["Ball Lightning","Turbo"],"picked":"Static Discharge+1","floor":25},{"not_picked":["Barrage","Redo"],"picked":"Creative AI","floor":28},{"not_picked":["Ball Lightning","Scrape"],"picked":"Reboot","floor":31},{"not_picked":["Meteor Strike","Thunder Strike"],"picked":"Biased Cognition","floor":33},{"not_picked":["Sweeping Beam","Static Discharge","Turbo"],"picked":"SKIP","floor":35},{"not_picked":["Redo","Streamline","Beam Cell"],"picked":"SKIP","floor":36},{"not_picked":["Impatience","PanicButton"],"picked":"Panacea","floor":39},{"not_picked":["Trip","Swift Strike"],"picked":"Magnetism","floor":39},{"not_picked":["Hologram","Sweeping Beam","Turbo"],"picked":"SKIP","floor":41},{"not_picked":["Beam Cell+1","Sunder+1"],"picked":"Self Repair","floor":42},{"not_picked":["Streamline","Conserve Battery","Redo"],"picked":"SKIP","floor":44},{"not_picked":["Thunder Strike","Turbo"],"picked":"Cold Snap","floor":45},{"not_picked":["Doom and Gloom","Cold Snap","Rebound+1"],"picked":"SKIP","floor":46},{"not_picked":["Rebound","Glacier"],"picked":"Coolheaded+1","floor":48}],"player_experience":828597,"relics_obtained":[{"floor":5.0,"key":"Potion Belt"},{"floor":6.0,"key":"Mango"},{"floor":11,"key":"Omamori"},{"floor":14,"key":"Anchor"},{"floor":17,"key":"Tiny Chest"},{"floor":17,"key":"Dodecahedron"},{"floor":17,"key":"Incense Burner"},{"floor":19,"key":"Red Mask"},{"floor":24,"key":"Dream Catcher"},{"floor":25,"key":"Gambling Chip"},{"floor":26,"key":"Pantograph"},{"floor":27,"key":"Happy Flower"},{"floor":31,"key":"Orichalcum"},{"floor":43,"key":"Girya"},{"floor":44,"key":"Bag of Marbles"},{"floor":46,"key":"Torii"},{"floor":48,"key":"Smiling Mask"}],"event_choices":[{"cards_removed":["Strike_B"],"damage_healed":0.0,"max_hp_gain":0.0,"max_hp_loss":0.0,"gold_gain":0.0,"event_name":"The Cleric","player_choice":"Card Removal","floor":2.0,"gold_loss":75.0,"damage_taken":0.0},{"damage_healed":0.0,"max_hp_gain":0.0,"max_hp_loss":0.0,"gold_gain":0.0,"event_name":"Shining Light","player_choice":"Entered Light","floor":3.0,"gold_loss":0.0,"damage_taken":21.0,"cards_upgraded":["Defend_B","Dualcast"]},{"damage_healed":0,"gold_gain":0,"cards_transformed":["Strike_B"],"player_choice":"Change","damage_taken":0,"max_hp_gain":0,"max_hp_loss":0,"event_name":"Living Wall","floor":13,"gold_loss":0,"cards_obtained":["FTL"]},{"damage_healed":0,"gold_gain":0,"player_choice":"Searched \u00271\u0027 times","damage_taken":0,"max_hp_gain":0,"max_hp_loss":0,"event_name":"Dead Adventurer","floor":14,"gold_loss":0},{"damage_healed":0,"gold_gain":0,"player_choice":"Fought Bandits","damage_taken":0,"max_hp_gain":0,"max_hp_loss":0,"event_name":"Masked Bandits","floor":19,"gold_loss":0},{"damage_healed":0,"gold_gain":0,"player_choice":"Ignored","damage_taken":0,"max_hp_gain":0,"max_hp_loss":0,"event_name":"Cursed Tome","floor":29,"gold_loss":0},{"cards_removed":["FTL"],"damage_healed":0,"gold_gain":0,"player_choice":"Removed Attack","damage_taken":0,"max_hp_gain":0,"max_hp_loss":0,"event_name":"Falling","floor":37,"gold_loss":0},{"damage_healed":0,"gold_gain":0,"player_choice":"Max HP","damage_taken":0,"max_hp_gain":0,"max_hp_loss":4,"event_name":"Winding Halls","floor":38,"gold_loss":0},{"damage_healed":0,"gold_gain":0,"player_choice":"Memory 3","damage_taken":10,"max_hp_gain":0,"max_hp_loss":0,"event_name":"SensoryStone","floor":39,"gold_loss":0}],"is_beta":false,"boss_relics":[{"not_picked":["Philosopher\u0027s Stone","Nuclear Battery"],"picked":"Calling Bell"},{"not_picked":["Black Star","Empty Cage"],"picked":"Snecko Eye"}],"items_purged_floors":[],"is_endless":false,"potions_floor_spawned":[1,11,14,19,31,33,35,42,46,48],"ascension_level":20}