{"gold_per_floor":[109,121,133,133,8,8,8,28,28,28,28,47,47,61,61,162,162,179,197,210,229,229,263,263,279,279,314,158,185,197,227,239,347,359,390,457,488,800,827,839,864,387,410,410,438,438,438,448,448,448],"floor_reached":50,"playtime":5683,"items_purged":[],"score":553,"play_id":"63d58f8e-04b4-4966-949c-c34d525a90a5","local_time":"20180817110335","is_ascension_mode":false,"campfire_choices":[{"data":"Infernal Blade","floor":6,"key":"SMITH"},{"data":"Flex","floor":11,"key":"SMITH"},{"data":"Rage","floor":13,"key":"SMITH"},{"data":"Bloodletting","floor":15,"key":"SMITH"},{"floor":24,"key":"REST"},{"floor":30,"key":"REST"},{"data":"Bloodletting","floor":32,"key":"SMITH"},{"floor":40,"key":"REST"},{"floor":44,"key":"REST"},{"floor":47,"key":"REST"},{"floor":49,"key":"REST"}],"neow_cost":"CURSE","seed_source_timestamp":109228727297460,"circlet_count":0,"master_deck":["Strike_R+1","Strike_R+1","Strike_R+1","Strike_R+1","Strike_R+1","Defend_R+1","Defend_R+1","Defend_R+1","Bash","Sever Soul","Headbutt+1","Infernal Blade+1","Flex+1","Finesse+1","Ghostly Armor","Rage+1","Bloodletting+1","Reaper+1","Battle Trance","Pommel Strike","Infernal Blade+1","Cleave+1","Impervious","Twin Strike+1","Bloodletting+1","Ghostly Armor","Power Through","Impervious","Armaments+1","Rage","Reckless Charge","Anger","Burning Pact","Jack Of All Trades","Mayhem","Anger+1","Heavy Blade"],"relics":["Burning Blood","Champion Belt","Shuriken","Lizard Tail","Gremlin Horn","Bottled Lightning","Whetstone","MawBank","Mark of Pain","Gambling Chip","Toolbox","Ancient Tea Set"],"potions_floor_usage":[33,33,33,39],"damage_taken":[{"damage":4,"enemies":"Small Slimes","floor":1,"turns":4},{"damage":3,"enemies":"Cultist","floor":2,"turns":3},{"damage":8,"enemies":"Jaw Worm","floor":3,"turns":3},{"damage":2,"enemies":"Exordium Wildlife","floor":8,"turns":4},{"damage":9,"enemies":"Blue Slaver","floor":12,"turns":3},{"damage":2,"enemies":"Large Slime","floor":14,"turns":5},{"damage":48,"enemies":"The Guardian","floor":16,"turns":11},{"damage":20,"enemies":"Spheric Guardian","floor":18,"turns":5},{"damage":7,"enemies":"3 Byrds","floor":19,"turns":8},{"damage":32,"enemies":"3 Cultists","floor":20,"turns":6},{"damage":34,"enemies":"Snake Plant","floor":21,"turns":5},{"damage":14,"enemies":"Book of Stabbing","floor":23,"turns":5},{"damage":26,"enemies":"Centurion and Healer","floor":25,"turns":6},{"damage":3,"enemies":"Gremlin Leader","floor":27,"turns":4},{"damage":5,"enemies":"Snecko","floor":29,"turns":5},{"damage":17,"enemies":"Chosen and Byrds","floor":31,"turns":5},{"damage":42,"enemies":"Collector","floor":33,"turns":10},{"damage":6,"enemies":"Flame Bruiser 1 Orb","floor":35,"turns":5},{"damage":65,"floor":36,"turns":8},{"damage":16,"enemies":"3 Shapes","floor":37,"turns":4},{"damage":37,"enemies":"Maw","floor":39,"turns":9},{"damage":41,"enemies":"3 Darklings","floor":41,"turns":5},{"damage":26,"enemies":"Flame Bruiser 2 Orb","floor":45,"turns":5},{"damage":2,"enemies":"Spire Growth","floor":48,"turns":5},{"damage":160,"enemies":"Time Eater","floor":50,"turns":11}],"seed_played":"307408925832791842","potions_obtained":[{"floor":1,"key":"Swift Potion"},{"floor":8,"key":"Energy Potion"},{"floor":12,"key":"SteroidPotion"},{"floor":23,"key":"Regen Potion"},{"floor":31,"key":"Block Potion"},{"floor":35,"key":"SkillPotion"},{"floor":36,"key":"Fire Potion"},{"floor":37,"key":"SkillPotion"},{"floor":45,"key":"Weak Potion"},{"floor":46,"key":"Energy Potion"},{"floor":46,"key":"SpeedPotion"}],"is_trial":false,"path_per_floor":["M","M","M","?","$","R","?","M","T","?","R","M","R","M","R","B",null,"M","M","M","M","?","E","R","M","T","E","$","M","R","M","R","B",null,"M","?","M","?","M","R","M","$","T","R","M","?","R","M","R"],"character_chosen":"IRONCLAD","items_purchased":["Flex","Finesse","MawBank","Toolbox","Jack Of All Trades","Mayhem"],"campfire_rested":6,"item_purchase_floors":[5,5,28,42,42,42],"current_hp_per_floor":[80,80,78,78,78,78,78,83,83,76,76,73,73,77,77,35,83,74,82,56,28,28,29,53,33,33,45,45,51,75,71,71,56,83,83,24,29,29,7,31,11,11,11,35,39,39,63,67,83,0],"gold":448,"neow_bonus":"ONE_RARE_RELIC","is_prod":false,"is_daily":false,"chose_seed":false,"campfire_upgraded":5,"win_rate":0.0,"timestamp":1534518215,"path_taken":["M","M","M","?","$","R","?","M","T","?","R","M","R","M","R","BOSS","M","M","M","M","?","E","R","M","T","E","$","M","R","M","R","BOSS","M","?","M","?","M","R","M","?","T","R","M","?","R","M","R","BOSS"],"build_version":"2018-08-16","purchased_purges":0,"victory":false,"max_hp_per_floor":[80,80,80,80,80,80,80,83,83,83,83,83,83,83,83,83,83,83,83,83,83,83,83,83,83,83,83,83,83,83,83,83,83,83,83,83,83,83,83,83,83,83,83,83,83,83,83,83,83,83],"card_choices":[{"not_picked":["Anger","Pommel Strike"],"picked":"Sever Soul","floor":1},{"not_picked":["Cleave","Second Wind"],"picked":"Headbutt","floor":2},{"not_picked":["Body Slam","Fire Breathing"],"picked":"Infernal Blade","floor":3},{"not_picked":["Reaper","Perfected Strike"],"picked":"Ghostly Armor","floor":8},{"not_picked":["Twin Strike","Thunderclap"],"picked":"Rage","floor":12},{"not_picked":["Headbutt","Armaments"],"picked":"Bloodletting","floor":14},{"not_picked":["Fiend Fire","Double Tap"],"picked":"Reaper","floor":16},{"not_picked":["Ghostly Armor","Whirlwind+1"],"picked":"Battle Trance","floor":18},{"not_picked":["Blood for Blood","Power Through"],"picked":"Pommel Strike","floor":19},{"not_picked":["Searing Blow","Thunderclap"],"picked":"Infernal Blade+1","floor":20},{"not_picked":["Headbutt+1","Sword Boomerang"],"picked":"Cleave+1","floor":21},{"not_picked":["Flex+1","Whirlwind"],"picked":"Impervious","floor":23},{"not_picked":["Thunderclap","Cleave"],"picked":"Twin Strike+1","floor":25},{"not_picked":["Sever Soul","Sword Boomerang"],"picked":"Bloodletting","floor":27},{"not_picked":["Headbutt","Iron Wave"],"picked":"Ghostly Armor","floor":29},{"not_picked":["Clothesline","Shockwave"],"picked":"Power Through","floor":31},{"not_picked":["Bludgeon","Reaper"],"picked":"Impervious","floor":33},{"not_picked":["Iron Wave+1","Dropkick+1"],"picked":"Armaments+1","floor":35},{"not_picked":["Thunderclap","Feel No Pain"],"picked":"Rage","floor":36},{"not_picked":["Carnage","Ghostly Armor+1"],"picked":"Reckless Charge","floor":37},{"not_picked":["Body Slam","Uppercut"],"picked":"Anger","floor":39},{"not_picked":["Clash+1","Iron Wave"],"picked":"Burning Pact","floor":41},{"not_picked":["Rampage+1","Carnage+1"],"picked":"Anger+1","floor":45},{"not_picked":["Flex","Juggernaut"],"picked":"Heavy Blade","floor":48}],"player_experience":14579,"relics_obtained":[{"floor":9,"key":"Shuriken"},{"floor":23,"key":"Gremlin Horn"},{"floor":26,"key":"Bottled Lightning"},{"floor":27,"key":"Whetstone"},{"floor":36,"key":"Gambling Chip"},{"floor":43,"key":"Ancient Tea Set"}],"event_choices":[{"event_name":"Fountain of Cleansing","player_choice":"Removed Curse","floor":4,"damage_taken":0},{"event_name":"Living Wall","player_choice":"Grow","floor":7,"damage_taken":0},{"event_name":"Golden Wing","player_choice":"Card Removal","floor":10,"damage_taken":0},{"event_name":"Back to Basics","player_choice":"Simplicity","floor":22,"damage_taken":0},{"event_name":"Mysterious Sphere","player_choice":"Fight","floor":36,"damage_taken":0},{"event_name":"Wheel of Change","player_choice":"Gold","floor":38,"damage_taken":0},{"event_name":"The Lab","player_choice":"Got Potions","floor":46,"damage_taken":0}],"is_beta":false,"boss_relics":[{"not_picked":["Runic Dome","Tiny House"],"picked":"Lizard Tail"},{"not_picked":["Busted Crown","Orrery"],"picked":"Mark of Pain"}],"items_purged_floors":[],"is_endless":false,"potions_floor_spawned":[1,8,12,16,19,21,23,25,31,35,36,37,45],"killed_by":"Time Eater","ascension_level":0}