{"gold_per_floor":[112,126,0,0,20,51,51,51,51,119,145,145,145,145,145,223,223,243,263,263,188,198,198,15,15,15,27,47,47],"floor_reached":29,"playtime":1234,"items_purged":["Strike_R","Strike_R"],"score":487,"play_id":"64ea1619-a6a1-4174-8d14-134b04e4560e","local_time":"20190517233354","is_ascension_mode":true,"campfire_choices":[{"data":"1","floor":7,"key":"LIFT"},{"data":"2","floor":13,"key":"LIFT"},{"data":"3","floor":15,"key":"LIFT"},{"data":"True Grit","floor":23,"key":"SMITH"},{"data":"Metallicize","floor":25,"key":"SMITH"}],"neow_cost":"NONE","seed_source_timestamp":187433263776279,"circlet_count":0,"master_deck":["AscendersBane","Strike_R","Strike_R","Defend_R","Defend_R","Defend_R","Defend_R","Bash+1","Perfected Strike","Shrug It Off","Twin Strike","Shockwave","Twin Strike","Reaper","True Grit+1","Warcry+1","Metallicize+1","Pummel"],"special_seed":0,"relics":["Burning Blood","NeowsBlessing","Girya","Pocketwatch","Mango","Velvet Choker","Enchiridion","Blue Candle"],"potions_floor_usage":[],"damage_taken":[{"damage":0.0,"enemies":"Cultist","floor":1.0,"turns":1.0},{"damage":0.0,"enemies":"Small Slimes","floor":2.0,"turns":1.0},{"damage":0,"enemies":"Jaw Worm","floor":5,"turns":1},{"damage":46,"enemies":"3 Sentries","floor":6,"turns":11},{"damage":9,"enemies":"Lagavulin","floor":11,"turns":6},{"damage":23,"enemies":"Slime Boss","floor":16,"turns":6},{"damage":16,"enemies":"3 Byrds","floor":18,"turns":5},{"damage":28,"enemies":"Shell Parasite","floor":19,"turns":4},{"damage":8,"enemies":"Centurion and Healer","floor":22,"turns":7},{"damage":20,"enemies":"Cultist and Chosen","floor":27,"turns":6},{"damage":32,"enemies":"Shelled Parasite and Fungi","floor":28,"turns":4},{"damage":48,"enemies":"Book of Stabbing","floor":29,"turns":7}],"seed_played":"-8820392833218632106","potions_obtained":[{"floor":2.0,"key":"Weak Potion"},{"floor":6,"key":"Energy Potion"},{"floor":27,"key":"Strength Potion"}],"is_trial":false,"path_per_floor":["M","M","$","$","M","E","R","?","T","T","E","?","R","?","R","B",null,"M","M","?","?","M","R","$","R","T","M","M","E"],"character_chosen":"IRONCLAD","items_purchased":["Twin Strike","Metallicize"],"campfire_rested":0,"item_purchase_floors":[3,24],"current_hp_per_floor":[74,75,75,75,75,35,35,40,40,40,51,51,51,104,104,87,100,98,86,65,65,83,83,83,83,83,76,70,32],"gold":47,"neow_bonus":"THREE_ENEMY_KILL","is_prod":false,"is_daily":false,"chose_seed":false,"campfire_upgraded":2,"win_rate":0,"timestamp":1558150434,"path_taken":["M","M","?","$","?","E","R","?","T","?","E","?","R","?","R","BOSS","M","M","?","?","M","R","$","R","T","M","?","E"],"build_version":"2019-01-23","purchased_purges":2,"victory":false,"max_hp_per_floor":[75,75,75,75,75,75,75,80,80,80,94,94,94,104,104,104,104,104,104,104,104,104,104,104,104,104,104,104,104],"card_choices":[{"not_picked":["Heavy Blade","Headbutt"],"picked":"Perfected Strike","floor":1.0},{"not_picked":["Blood for Blood","Twin Strike"],"picked":"Shrug It Off","floor":2.0},{"not_picked":["Metallicize","Pummel"],"picked":"Shockwave","floor":5},{"not_picked":["Anger","Seeing Red"],"picked":"Exhume","floor":6},{"not_picked":["Pommel Strike","Iron Wave"],"picked":"Twin Strike","floor":11},{"not_picked":["Barricade","Brutality"],"picked":"Reaper","floor":16},{"not_picked":["Rampage","Hemokinesis","Second Wind"],"picked":"SKIP","floor":18},{"not_picked":["Havoc","Twin Strike+1"],"picked":"True Grit","floor":19},{"not_picked":["Wild Strike","Cleave"],"picked":"Warcry+1","floor":22},{"not_picked":["Wild Strike","Iron Wave","Clothesline"],"picked":"SKIP","floor":27},{"not_picked":["Body Slam","Burning Pact"],"picked":"Pummel","floor":28}],"player_experience":1382874,"relics_obtained":[{"floor":6,"key":"Girya"},{"floor":9,"key":"Pocketwatch"},{"floor":11,"key":"Mango"},{"floor":20,"key":"Enchiridion"},{"floor":26,"key":"Blue Candle"}],"event_choices":[{"damage_healed":0,"gold_gain":0,"player_choice":"Donut","damage_taken":0,"max_hp_gain":5,"max_hp_loss":0,"event_name":"Big Fish","floor":8,"gold_loss":0},{"damage_healed":0,"gold_gain":0,"player_choice":"Grow","damage_taken":0,"max_hp_gain":0,"max_hp_loss":0,"event_name":"Living Wall","floor":12,"gold_loss":0,"cards_upgraded":["Bash"]},{"cards_removed":["Exhume"],"damage_healed":43,"gold_gain":0,"player_choice":"Offered Rare","damage_taken":0,"max_hp_gain":10,"max_hp_loss":0,"event_name":"Bonfire Elementals","floor":14,"gold_loss":0},{"damage_healed":0,"gold_gain":0,"player_choice":"Obtained Book","damage_taken":21,"max_hp_gain":0,"max_hp_loss":0,"event_name":"Cursed Tome","floor":20,"gold_loss":0},{"cards_removed":["Strike_R"],"damage_healed":0,"gold_gain":0,"player_choice":"Single Remove","damage_taken":0,"max_hp_gain":0,"max_hp_loss":0,"event_name":"Designer","floor":21,"gold_loss":75}],"is_beta":false,"boss_relics":[{"not_picked":["Calling Bell","Runic Cube"],"picked":"Velvet Choker"}],"items_purged_floors":[3,24],"is_endless":false,"potions_floor_spawned":[2,6,27,28],"killed_by":"Book of Stabbing","ascension_level":20}