{"gold_per_floor":[118,148,161,174,187,187,204,204,204,39,54,54,83,99,99,171,171,187,187,201,213,213,213,226,226,226,236,236,249,274,274,274,345,345,358,114,114,126,126,126,145,165,191,211,225,32,32,48,48,48],"floor_reached":51,"playtime":5640,"items_purged":["Strike_G","Dash"],"score":1228,"play_id":"d2859f4a-7ae5-444f-97f4-02a2df2ffc0f","local_time":"20181008225107","is_ascension_mode":true,"campfire_choices":[{"data":"Neutralize","floor":6,"key":"SMITH"},{"floor":8,"key":"REST"},{"data":"Tools of the Trade","floor":12,"key":"SMITH"},{"floor":15,"key":"REST"},{"floor":23,"key":"REST"},{"floor":25,"key":"REST"},{"floor":28,"key":"REST"},{"floor":32,"key":"REST"},{"data":"Footwork","floor":40,"key":"SMITH"},{"floor":47,"key":"REST"},{"floor":49,"key":"REST"}],"neow_cost":"NONE","seed_source_timestamp":2232730584942904,"circlet_count":0,"master_deck":["Defend_G","Defend_G","Defend_G","Defend_G","Survivor","Neutralize+1","AscendersBane","Tools of the Trade+1","Sucker Punch","Cloak And Dagger","Leg Sweep","Masterful Stab","Well Laid Plans","Reflex+1","Backflip+1","Malaise+1","Well Laid Plans+1","Riddle With Holes+1","Backstab+1","Blur+1","Backflip+1","Underhanded Strike","Blade Dance+1","Reflex+1","Calculated Gamble+1","Crippling Poison+1","Bullet Time+1","Endless Agony","Bullet Time+1","Footwork+1","Night Terror+1","Endless Agony","Prepared+1","Phantasmal Killer+1","Calculated Gamble+1"],"relics":["Ring of the Snake","Tiny Chest","Toxic Egg 2","Dead Branch","Astrolabe","Nilry\u0027s Codex","Calipers","Mercury Hourglass","Philosopher\u0027s Stone","Happy Flower"],"potions_floor_usage":[16,16,30,30,42,50],"damage_taken":[{"damage":4,"enemies":"2 Louse","floor":1,"turns":5},{"damage":11,"enemies":"Cultist","floor":3,"turns":4},{"damage":5,"enemies":"Small Slimes","floor":4,"turns":3},{"damage":4,"enemies":"2 Fungi Beasts","floor":5,"turns":5},{"damage":5,"enemies":"Exordium Thugs","floor":7,"turns":8},{"damage":3,"enemies":"3 Louse","floor":11,"turns":5},{"damage":19,"enemies":"3 Sentries","floor":13,"turns":10},{"damage":0,"enemies":"Looter","floor":14,"turns":3},{"damage":23,"enemies":"Slime Boss","floor":16,"turns":12},{"damage":8,"enemies":"Shell Parasite","floor":18,"turns":7},{"damage":0,"enemies":"Chosen","floor":20,"turns":6},{"damage":5,"enemies":"Centurion and Healer","floor":21,"turns":9},{"damage":35,"enemies":"Shelled Parasite and Fungi","floor":24,"turns":8},{"damage":9,"enemies":"Snecko","floor":27,"turns":5},{"damage":0,"enemies":"3 Cultists","floor":29,"turns":5},{"damage":18,"enemies":"Gremlin Leader","floor":30,"turns":9},{"damage":32,"enemies":"Collector","floor":33,"turns":10},{"damage":2,"enemies":"3 Shapes","floor":35,"turns":3},{"damage":0,"enemies":"Orb Walker","floor":38,"turns":3},{"damage":0,"enemies":"Reptomancer","floor":41,"turns":5},{"damage":11,"enemies":"4 Shapes","floor":42,"turns":3},{"damage":0,"enemies":"Maw","floor":44,"turns":8},{"damage":11,"enemies":"Reptomancer","floor":45,"turns":4},{"damage":0,"enemies":"4 Shapes","floor":48,"turns":4},{"damage":17,"enemies":"Awakened One","floor":50,"turns":12}],"seed_played":"1000654961790983099","potions_obtained":[{"floor":1,"key":"FearPotion"},{"floor":3,"key":"Explosive Potion"},{"floor":16,"key":"Explosive Potion"},{"floor":18,"key":"LiquidBronze"},{"floor":29,"key":"Explosive Potion"},{"floor":33,"key":"SpeedPotion"},{"floor":41,"key":"Explosive Potion"},{"floor":44,"key":"Fire Potion"}],"is_trial":false,"path_per_floor":["M","?","M","M","M","R","M","R","T","$","M","R","E","M","R","B",null,"M","?","M","M","?","R","M","R","T","M","R","M","E","?","R","B",null,"M","$","?","M","?","R","M","M","T","M","M","$","R","M","R","B"],"character_chosen":"THE_SILENT","items_purchased":["Well Laid Plans","Bullet Time+1","Footwork","Calculated Gamble+1"],"campfire_rested":8,"item_purchase_floors":[10,36,36,46],"current_hp_per_floor":[55,50,39,34,30,30,25,44,44,44,41,41,22,22,41,18,54,46,25,25,20,20,39,4,23,23,14,33,33,15,15,34,2,50,48,48,48,48,48,48,48,37,37,37,26,26,44,44,62,45],"gold":48,"neow_bonus":"ONE_RANDOM_RARE_CARD","is_prod":false,"is_daily":false,"chose_seed":false,"campfire_upgraded":3,"win_rate":0,"timestamp":1539053467,"path_taken":["M","?","?","M","M","R","M","R","T","$","M","R","E","M","R","BOSS","M","?","M","?","?","R","M","R","T","M","R","M","E","?","R","BOSS","M","$","?","?","?","R","M","M","T","M","?","?","R","M","R","BOSS"],"build_version":"2018-10-04v2","purchased_purges":2,"victory":true,"max_hp_per_floor":[66,66,66,66,66,66,66,66,66,66,66,66,66,66,66,66,66,66,66,66,66,66,66,66,66,66,66,66,66,66,66,66,66,66,66,66,66,66,63,63,63,63,63,63,63,63,63,63,63,63],"card_choices":[{"not_picked":["Finisher","Blade Dance"],"picked":"Poisoned Stab","floor":1},{"not_picked":["Quick Slash","Catalyst"],"picked":"Sucker Punch","floor":3},{"not_picked":["Prepared","Caltrops"],"picked":"Cloak And Dagger","floor":4},{"not_picked":["Caltrops","Slice"],"picked":"Leg Sweep","floor":5},{"not_picked":["Prepared","Outmaneuver"],"picked":"Masterful Stab","floor":7},{"not_picked":["Slice","Dodge and Roll+1"],"picked":"Flying Knee","floor":11},{"not_picked":["All Out Attack","After Image"],"picked":"Reflex+1","floor":13},{"not_picked":["Flechettes","Poisoned Stab"],"picked":"Backflip+1","floor":14},{"not_picked":["Wraith Form v2","Die Die Die"],"picked":"Malaise+1","floor":16},{"not_picked":["Deadly Poison+1","Flying Knee"],"picked":"Blur+1","floor":18},{"not_picked":["Bane","Prepared+1"],"picked":"Backflip+1","floor":20},{"not_picked":["Flechettes","Outmaneuver+1"],"picked":"Underhanded Strike","floor":21},{"not_picked":["Quick Slash","Crippling Poison+1"],"picked":"Blade Dance+1","floor":24},{"not_picked":["Finisher","Expertise+1"],"picked":"Reflex+1","floor":27},{"not_picked":["Catalyst+1","Predator"],"picked":"Calculated Gamble+1","floor":29},{"not_picked":["Bane","Well Laid Plans+1","Quick Slash+1"],"picked":"SKIP","floor":30},{"not_picked":["Doppelganger+1","Storm of Steel+1"],"picked":"Bullet Time+1","floor":33},{"not_picked":["Eviscerate","Slice+1"],"picked":"Endless Agony","floor":35},{"not_picked":["Poisoned Stab","Expertise+1","Accuracy+1"],"picked":"SKIP","floor":38},{"not_picked":["Backflip+1","Dagger Spray"],"picked":"Endless Agony","floor":41},{"not_picked":["Bouncing Flask+1","All Out Attack"],"picked":"Prepared+1","floor":42},{"not_picked":["Quick Slash","Well Laid Plans"],"picked":"Phantasmal Killer+1","floor":44},{"not_picked":["Expertise+1","Deadly Poison+1","Finisher+1"],"picked":"SKIP","floor":45},{"not_picked":["Well Laid Plans","Footwork","Acrobatics+1"],"picked":"SKIP","floor":48}],"player_experience":581400,"relics_obtained":[{"floor":9,"key":"Toxic Egg 2"},{"floor":13,"key":"Dead Branch"},{"floor":19,"key":"Nilry\u0027s Codex"},{"floor":26,"key":"Calipers"},{"floor":30,"key":"Mercury Hourglass"},{"floor":43,"key":"Happy Flower"}],"event_choices":[{"event_name":"Scrap Ooze","player_choice":"success","floor":2,"damage_taken":5},{"event_name":"Cursed Tome","player_choice":"Obtained Book","floor":19,"damage_taken":0},{"event_name":"Back to Basics","player_choice":"Elegance","floor":22,"damage_taken":0},{"event_name":"Drug Dealer","player_choice":"Became Test Subject","floor":31,"damage_taken":0},{"event_name":"Transmorgrifier","player_choice":"Transform","floor":37,"damage_taken":0},{"event_name":"Winding Halls","player_choice":"Max HP","floor":39,"damage_taken":0}],"is_beta":false,"boss_relics":[{"not_picked":["Tiny House","White Beast Statue"],"picked":"Astrolabe"},{"not_picked":["WristBlade","Coffee Dripper"],"picked":"Philosopher\u0027s Stone"}],"items_purged_floors":[10,46],"is_endless":false,"potions_floor_spawned":[1,3,5,16,18,29,33,41,44,45],"ascension_level":17}