{"gold_per_floor":[118,133,34,46,46,73,73,90,90,153,153,163,163,88,88,88],"floor_reached":16,"playtime":1133,"items_purged":["Strike_R"],"score":100,"play_id":"7fa7490c-f990-4eb2-aa2d-512e1eb6bca4","local_time":"20190709014751","is_ascension_mode":false,"campfire_choices":[{"floor":7,"key":"REST"},{"floor":11,"key":"REST"},{"floor":15,"key":"REST"}],"neow_cost":"NONE","seed_source_timestamp":52086326688653,"circlet_count":0,"master_deck":["Strike_R","Strike_R","Strike_R","Defend_R","Defend_R","Defend_R","Defend_R","Bash","Dropkick","Body Slam","Armaments","Heavy Blade","Shrug It Off+1","Iron Wave","True Grit+1","Second Wind+1","Metallicize"],"relics":["Burning Blood","Toxic Egg 2","Shuriken","Letter Opener"],"potions_floor_usage":[],"damage_taken":[{"damage":0,"enemies":"Small Slimes","floor":1,"turns":4},{"damage":4,"enemies":"Jaw Worm","floor":2,"turns":7},{"damage":0,"enemies":"2 Louse","floor":4,"turns":3},{"damage":50,"enemies":"Lagavulin","floor":6,"turns":7},{"damage":12,"enemies":"Blue Slaver","floor":8,"turns":5},{"damage":48,"enemies":"3 Sentries","floor":10,"turns":9},{"damage":21,"enemies":"Large Slime","floor":12,"turns":8},{"damage":53,"enemies":"Hexaghost","floor":16,"turns":16}],"seed_played":"4287191311391665433","potions_obtained":[{"floor":4,"key":"Fire Potion"},{"floor":8,"key":"Fire Potion"}],"is_trial":false,"path_per_floor":["M","M","$","M","$","E","R","M","T","?","R","M","?","$","R","B"],"character_chosen":"IRONCLAD","items_purchased":["Armaments","Metallicize"],"campfire_rested":3,"item_purchase_floors":[3,14],"current_hp_per_floor":[88,88,88,88,88,44,70,64,64,22,48,33,26,26,52,0],"gold":88,"neow_bonus":"TEN_PERCENT_HP_BONUS","is_prod":false,"is_daily":false,"chose_seed":false,"campfire_upgraded":0,"win_rate":0.0,"timestamp":1562651271,"path_taken":["M","M","$","M","$","E","R","M","T","?","R","M","?","?","R","BOSS"],"build_version":"2019-07-05","purchased_purges":1,"victory":false,"max_hp_per_floor":[88,88,88,88,88,88,88,88,88,88,88,88,88,88,88,88],"card_choices":[{"not_picked":["Warcry","Flex"],"picked":"Dropkick","floor":1},{"not_picked":["True Grit","Anger"],"picked":"Body Slam","floor":2},{"not_picked":["Headbutt","Carnage"],"picked":"Heavy Blade","floor":4},{"not_picked":["Second Wind","Thunderclap"],"picked":"Shrug It Off","floor":6},{"not_picked":["Dropkick","Seeing Red+1"],"picked":"Iron Wave","floor":8},{"not_picked":["Pommel Strike","Clothesline"],"picked":"True Grit+1","floor":10},{"not_picked":["Shockwave+1","Disarm+1"],"picked":"Second Wind+1","floor":12}],"player_experience":35621,"relics_obtained":[{"floor":6,"key":"Toxic Egg 2"},{"floor":9,"key":"Shuriken"}],"event_choices":[{"damage_healed":0,"gold_gain":0,"player_choice":"Searched \u00272\u0027 times","damage_taken":0,"relics_obtained":["Letter Opener"],"max_hp_gain":0,"max_hp_loss":0,"event_name":"Dead Adventurer","floor":10,"gold_loss":0},{"cards_removed":["Strike_R"],"damage_healed":0,"gold_gain":0,"player_choice":"Card Removal","damage_taken":7,"max_hp_gain":0,"max_hp_loss":0,"event_name":"Golden Wing","floor":13,"gold_loss":0}],"is_beta":false,"boss_relics":[],"items_purged_floors":[3],"is_endless":false,"potions_floor_spawned":[4,8],"killed_by":"Hexaghost","ascension_level":0}