{"gold_per_floor":[118,130,38,138,149,149,177,187,187,200,233,233,253,272,272,370,370,387,85,85,95,109,109,135,135,162,174,6,19,31,50,50,50],"floor_reached":33,"playtime":2028,"items_purged":[],"score":322,"play_id":"ec19e5a2-d2b1-48b2-92f7-b18f877c2147","local_time":"20190623033756","is_ascension_mode":true,"campfire_choices":[{"floor":6,"key":"RECALL"},{"data":"Flex","floor":15,"key":"SMITH"},{"floor":23,"key":"REST"},{"floor":25,"key":"REST"},{"floor":32,"key":"REST"}],"neow_cost":"NONE","seed_source_timestamp":253350284270400,"circlet_count":0,"master_deck":["Strike_R","Strike_R","Strike_R","Strike_R","Strike_R","Defend_R","Defend_R","Defend_R","Bash","Inflame","Anger","Uppercut","Hemokinesis","Armaments","Rage","Immolate","Flex+1","Clash","Cleave","Perfected Strike","Fiend Fire","Bludgeon","Flex+1","Heavy Blade","Battle Trance","Flex+1","Whirlwind","Dropkick+1","Battle Trance+1","Anger","Enlightenment+1","Armaments+1","Thunderclap","Armaments+1","Power Through+1"],"relics":["Burning Blood","Matryoshka","Question Card","Regal Pillow","Fusion Hammer","ClockworkSouvenir","Toxic Egg 2","Smiling Mask","Centennial Puzzle"],"potions_floor_usage":[10,16,16,22,27,27,33],"damage_taken":[{"damage":6,"enemies":"Cultist","floor":1,"turns":3},{"damage":1,"enemies":"Jaw Worm","floor":2,"turns":3},{"damage":0,"enemies":"Small Slimes","floor":5,"turns":3},{"damage":37,"enemies":"Gremlin Nob","floor":7,"turns":5},{"damage":10,"enemies":"Exordium Thugs","floor":8,"turns":3},{"damage":3,"enemies":"Gremlin Gang","floor":10,"turns":3},{"damage":28,"enemies":"Lagavulin","floor":11,"turns":5},{"damage":9,"enemies":"2 Fungi Beasts","floor":13,"turns":2},{"damage":0,"enemies":"3 Louse","floor":14,"turns":3},{"damage":32,"enemies":"Slime Boss","floor":16,"turns":8},{"damage":11,"enemies":"Shell Parasite","floor":18,"turns":2},{"damage":13,"enemies":"3 Byrds","floor":21,"turns":3},{"damage":17,"enemies":"Centurion and Healer","floor":22,"turns":3},{"damage":12,"enemies":"Gremlin Leader","floor":24,"turns":4},{"damage":3,"enemies":"Snake Plant","floor":27,"turns":2},{"damage":14,"enemies":"Shelled Parasite and Fungi","floor":29,"turns":3},{"damage":8,"enemies":"Snecko","floor":30,"turns":3},{"damage":10,"enemies":"Centurion and Healer","floor":31,"turns":3},{"damage":82,"enemies":"Automaton","floor":33,"turns":8}],"seed_played":"-4558608991391395458","potions_obtained":[{"floor":2,"key":"EntropicBrew"},{"floor":5,"key":"SteroidPotion"},{"floor":7,"key":"SkillPotion"},{"floor":13,"key":"Weak Potion"},{"floor":14,"key":"EssenceOfSteel"},{"floor":18,"key":"Dexterity Potion"},{"floor":21,"key":"Dexterity Potion"},{"floor":30,"key":"SkillPotion"},{"floor":31,"key":"SmokeBomb"}],"is_trial":false,"path_per_floor":["M","M","$","?","M","R","E","M","T","M","E","?","M","M","R","B",null,"M","$","?","M","M","R","E","R","T","M","$","M","M","M","R","B"],"character_chosen":"IRONCLAD","items_purchased":["Hemokinesis","Armaments","ClockworkSouvenir","Heavy Blade","Battle Trance","Anger","Enlightenment+1","Armaments+1"],"campfire_rested":3,"item_purchase_floors":[3,3,19,19,19,28,28,28],"current_hp_per_floor":[80,80,80,80,80,80,49,45,45,48,26,52,49,55,55,29,80,75,75,75,68,57,80,74,80,80,80,80,72,70,66,80,0],"gold":50,"neow_bonus":"THREE_CARDS","is_prod":false,"is_daily":false,"chose_seed":false,"campfire_upgraded":1,"win_rate":0,"timestamp":1561275476,"path_taken":["M","M","$","?","?","R","E","M","T","M","E","?","M","M","R","BOSS","M","$","?","M","M","R","E","R","T","M","?","M","M","?","R","BOSS"],"build_version":"2019-01-23","purchased_purges":0,"victory":false,"max_hp_per_floor":[80,80,80,80,80,80,80,80,80,80,80,80,80,80,80,80,80,80,80,80,80,80,80,80,80,80,80,80,80,80,80,80,80],"card_choices":[{"not_picked":["Thunderclap","Armaments"],"picked":"Inflame","floor":0},{"not_picked":["Iron Wave","Twin Strike"],"picked":"Anger","floor":1},{"not_picked":["Armaments","Power Through"],"picked":"Uppercut","floor":2},{"not_picked":["Spot Weakness","Sword Boomerang"],"picked":"Rage","floor":5},{"not_picked":["Battle Trance","Dark Embrace"],"picked":"Immolate","floor":7},{"not_picked":["Armaments","Intimidate"],"picked":"Flex","floor":8},{"not_picked":["True Grit","Pommel Strike","Shrug It Off"],"picked":"Clash","floor":10},{"not_picked":["Sentinel","Sword Boomerang","Barricade"],"picked":"Cleave","floor":11},{"not_picked":["Uppercut","Flex","Spot Weakness"],"picked":"Perfected Strike","floor":13},{"not_picked":["Body Slam","Cleave","Combust"],"picked":"Fiend Fire","floor":14},{"not_picked":["Impervious","Juggernaut","Feed"],"picked":"Bludgeon","floor":16},{"not_picked":["Flame Barrier+1","Twin Strike","Havoc"],"picked":"Flex+1","floor":18},{"not_picked":["Whirlwind","Body Slam","Rampage"],"picked":"Flex+1","floor":21},{"not_picked":["Sentinel","Headbutt","Iron Wave"],"picked":"Whirlwind","floor":22},{"not_picked":["Exhume","Feel No Pain","Battle Trance+1"],"picked":"Dropkick+1","floor":24},{"not_picked":["Second Wind+1","Corruption","Warcry+1"],"picked":"Battle Trance+1","floor":27},{"not_picked":["Body Slam","Pommel Strike","Perfected Strike"],"picked":"Thunderclap","floor":29},{"not_picked":["Headbutt+1","Dual Wield+1","Combust"],"picked":"Armaments+1","floor":30},{"not_picked":["Sword Boomerang","Entrench+1","Carnage"],"picked":"Power Through+1","floor":31}],"player_experience":117563,"relics_obtained":[{"floor":7,"key":"Matryoshka"},{"floor":9,"key":"Question Card"},{"floor":11,"key":"Regal Pillow"},{"floor":24,"key":"Toxic Egg 2"},{"floor":26,"key":"Smiling Mask"},{"floor":26,"key":"Centennial Puzzle"}],"event_choices":[{"damage_healed":0,"gold_gain":100,"player_choice":"Pray","damage_taken":0,"max_hp_gain":0,"max_hp_loss":0,"event_name":"Golden Shrine","floor":4,"gold_loss":0},{"damage_healed":26,"gold_gain":0,"player_choice":"Banana","damage_taken":0,"max_hp_gain":0,"max_hp_loss":0,"event_name":"Big Fish","floor":12,"gold_loss":0},{"cards_removed":["Defend_R"],"damage_healed":0,"gold_gain":0,"player_choice":"Card Removal","damage_taken":0,"max_hp_gain":0,"max_hp_loss":0,"event_name":"Wheel of Change","floor":20,"gold_loss":0}],"is_beta":false,"boss_relics":[{"not_picked":["Runic Dome","Ectoplasm"],"picked":"Fusion Hammer"}],"items_purged_floors":[],"is_endless":false,"potions_floor_spawned":[2,5,7,13,14,18,21,30,31],"killed_by":"Automaton","ascension_level":1}