{"gold_per_floor":[118,293,293,218,218,247,247,247,270,270,284,318,181,231,231,335,335,346,221,231,231,231,231,248,281,330,180,180,180,194,194,194,295,295,309,82,102,102,102,102,136,146,146,20,20,20,37,72,72,72],"floor_reached":50,"playtime":1971,"items_purged":["Doubt","Strike_R","Defend_R","Defend_R","Strike_R+1","Defend_R"],"score":625,"play_id":"b7d54c69-e3c7-4463-b824-b94543e5f3a9","local_time":"20190721124207","is_ascension_mode":true,"campfire_choices":[{"data":"Combust","floor":7.0,"key":"SMITH"},{"floor":15.0,"key":"REST"},{"floor":23.0,"key":"REST"},{"floor":32.0,"key":"REST"},{"floor":40.0,"key":"RECALL"},{"floor":49.0,"key":"REST"}],"neow_cost":"NONE","seed_source_timestamp":610819708539980,"circlet_count":0,"master_deck":["Defend_R","Bash","Combust+1","Headbutt","Blood for Blood+1","Shrug It Off","Pommel Strike+1","Seeing Red","Cleave","Shrug It Off","Combust+1","Dark Shackles","Dual Wield+1","Rupture","Seeing Red+1"],"special_seed":0,"relics":["Burning Blood","Red Skull","Sundial","Art of War","Incense Burner","Pen Nib","Black Star","Omamori","Orichalcum","Darkstone Periapt","Anchor","Sozu","Smiling Mask","Juzu Bracelet","Question Card","Shuriken","Paper Frog"],"potions_floor_usage":[],"damage_taken":[{"damage":1.0,"enemies":"Cultist","floor":1.0,"turns":3.0},{"damage":45.0,"enemies":"Gremlin Nob","floor":6.0,"turns":5.0},{"damage":2.0,"enemies":"Jaw Worm","floor":11.0,"turns":3.0},{"damage":20.0,"enemies":"3 Sentries","floor":12.0,"turns":5.0},{"damage":31.0,"enemies":"The Guardian","floor":16.0,"turns":8.0},{"damage":44.0,"enemies":"3 Byrds","floor":18.0,"turns":4.0},{"damage":25.0,"enemies":"2 Thieves","floor":20.0,"turns":3.0},{"damage":20.0,"enemies":"Snake Plant","floor":24.0,"turns":2.0},{"damage":24.0,"enemies":"Book of Stabbing","floor":25.0,"turns":4.0},{"damage":5.0,"enemies":"Centurion and Healer","floor":30.0,"turns":3.0},{"damage":29.0,"enemies":"Collector","floor":33.0,"turns":6.0},{"damage":29.0,"enemies":"3 Darklings","floor":35.0,"turns":4.0},{"damage":2.0,"enemies":"3 Shapes","floor":37.0,"turns":3.0},{"damage":36.0,"enemies":"Reptomancer","floor":41.0,"turns":4.0},{"damage":16.0,"enemies":"Spire Growth","floor":42.0,"turns":3.0},{"damage":9.0,"enemies":"4 Shapes","floor":47.0,"turns":5.0},{"damage":35.0,"enemies":"Nemesis","floor":48.0,"turns":3.0},{"damage":42,"enemies":"Awakened One","floor":50,"turns":5}],"seed_played":"-8699229760465580772","potions_obtained":[{"floor":1.0,"key":"GamblersBrew"},{"floor":16.0,"key":"SpeedPotion"},{"floor":20.0,"key":"Swift Potion"},{"floor":24.0,"key":"FearPotion"}],"is_trial":false,"path_per_floor":["M","?","T","$","?","E","R","?","T","?","M","E","$","T","R","B",null,"M","$","M","?","?","R","M","E","T","$","?","?","M","?","R","B",null,"M","$","M","?","?","R","E","M","T","$","?","$","M","E","R","B"],"character_chosen":"IRONCLAD","items_purchased":["Blood for Blood","Shrug It Off","Rupture"],"campfire_rested":4,"item_purchase_floors":[13,36,44],"current_hp_per_floor":[80,80,80,80,80,41,41,25,25,18,22,8,8,8,32,7,80,42,42,23,23,23,47,33,15,15,15,15,15,16,16,40,17,80,57,57,61,61,61,61,31,21,21,21,41,41,38,9,33,0],"gold":72,"neow_bonus":"RANDOM_COMMON_RELIC","is_prod":false,"is_daily":false,"chose_seed":false,"campfire_upgraded":1,"win_rate":0,"timestamp":1563727327,"path_taken":["M","?","?","$","?","E","R","?","T","?","?","E","$","?","R","BOSS","M","$","M","?","?","R","?","E","T","$","?","?","?","?","R","BOSS","M","$","M","?","?","R","E","M","T","?","?","$","M","E","R","BOSS"],"build_version":"2019-07-17","purchased_purges":6,"victory":false,"max_hp_per_floor":[80,80,80,80,80,80,80,80,80,80,80,80,80,80,80,80,80,80,80,80,80,80,80,80,80,80,80,80,80,80,80,80,80,80,80,80,80,80,80,80,80,80,80,80,80,80,80,80,80,80],"card_choices":[{"not_picked":["Twin Strike","Shrug It Off"],"picked":"Combust","floor":1.0},{"not_picked":["Shockwave","Seeing Red","Wild Strike"],"picked":"SKIP","floor":6.0},{"not_picked":["Wild Strike","Sword Boomerang"],"picked":"Headbutt","floor":11.0},{"not_picked":["Heavy Blade","Fire Breathing","Intimidate"],"picked":"SKIP","floor":12.0},{"not_picked":["Evolve+1","Heavy Blade+1","Clash"],"picked":"SKIP","floor":18.0},{"not_picked":["Shockwave","Clothesline","Searing Blow"],"picked":"SKIP","floor":20.0},{"not_picked":["Sever Soul","Heavy Blade"],"picked":"Shrug It Off","floor":24.0},{"not_picked":["Armaments","True Grit+1"],"picked":"Pommel Strike+1","floor":25.0},{"not_picked":["Intimidate","Anger"],"picked":"Seeing Red","floor":30.0},{"not_picked":["Anger+1","Twin Strike+1"],"picked":"Cleave","floor":35.0},{"not_picked":["Feel No Pain","Entrench+1"],"picked":"Combust+1","floor":37.0},{"not_picked":["Good Instincts","Panache"],"picked":"Dark Shackles","floor":38.0},{"not_picked":["True Grit+1","Rampage+1"],"picked":"Dual Wield+1","floor":41.0},{"not_picked":["Clothesline+1","Wild Strike+1","Corruption"],"picked":"SKIP","floor":42.0},{"not_picked":["Thunderclap+1","Carnage","Havoc+1","Spot Weakness+1"],"picked":"SKIP","floor":47.0},{"not_picked":["Dropkick+1","Whirlwind","Wild Strike+1"],"picked":"Seeing Red+1","floor":48.0}],"player_experience":142457,"relics_obtained":[{"floor":3.0,"key":"Sundial"},{"floor":6.0,"key":"Art of War"},{"floor":12.0,"key":"Incense Burner"},{"floor":14.0,"key":"Pen Nib"},{"floor":25.0,"key":"Orichalcum"},{"floor":25.0,"key":"Darkstone Periapt"},{"floor":26.0,"key":"Anchor"},{"floor":41.0,"key":"Smiling Mask"},{"floor":41.0,"key":"Juzu Bracelet"},{"floor":43.0,"key":"Question Card"},{"floor":48.0,"key":"Shuriken"},{"floor":48.0,"key":"Paper Frog"}],"event_choices":[{"damage_healed":0.0,"max_hp_gain":0.0,"max_hp_loss":0.0,"gold_gain":175.0,"event_name":"Liars Game","player_choice":"AGREE","floor":2.0,"gold_loss":0.0,"damage_taken":0.0,"cards_obtained":["Doubt"]},{"cards_removed":["Strike_R"],"damage_healed":0.0,"max_hp_gain":0.0,"max_hp_loss":0.0,"gold_gain":0.0,"event_name":"Living Wall","player_choice":"Forget","floor":5.0,"gold_loss":0.0,"damage_taken":0.0},{"damage_healed":0.0,"max_hp_gain":0.0,"max_hp_loss":0.0,"gold_gain":0.0,"event_name":"Shining Light","player_choice":"Entered Light","floor":8.0,"gold_loss":0.0,"damage_taken":16.0,"cards_upgraded":["Strike_R","Strike_R"]},{"cards_removed":["Strike_R"],"damage_healed":0.0,"max_hp_gain":0.0,"max_hp_loss":0.0,"gold_gain":0.0,"event_name":"Golden Wing","player_choice":"Card Removal","floor":10.0,"gold_loss":0.0,"damage_taken":7.0},{"damage_healed":0.0,"max_hp_gain":0.0,"max_hp_loss":0.0,"gold_gain":0.0,"event_name":"Cursed Tome","player_choice":"Ignored","floor":21.0,"gold_loss":0.0,"damage_taken":0.0},{"damage_healed":0.0,"max_hp_gain":0.0,"max_hp_loss":0.0,"gold_gain":0.0,"event_name":"The Mausoleum","player_choice":"Opened","floor":22.0,"gold_loss":0.0,"damage_taken":0.0,"relics_obtained":["Omamori"]},{"cards_removed":["Strike_R"],"damage_healed":0.0,"max_hp_gain":0.0,"max_hp_loss":0.0,"gold_gain":0.0,"event_name":"Back to Basics","player_choice":"Elegance","floor":28.0,"gold_loss":0.0,"damage_taken":0.0},{"damage_healed":0.0,"max_hp_gain":0.0,"max_hp_loss":0.0,"gold_gain":0.0,"event_name":"Accursed Blacksmith","player_choice":"Forge","floor":29.0,"gold_loss":0.0,"damage_taken":0.0,"cards_upgraded":["Blood for Blood"]},{"damage_healed":0.0,"max_hp_gain":0.0,"max_hp_loss":0.0,"gold_gain":0.0,"event_name":"Ghosts","player_choice":"Ignored","floor":31.0,"gold_loss":0.0,"damage_taken":0.0},{"damage_healed":0.0,"max_hp_gain":0.0,"max_hp_loss":0.0,"gold_gain":0.0,"event_name":"SensoryStone","player_choice":"Memory 1","floor":38.0,"gold_loss":0.0,"damage_taken":0.0},{"damage_healed":0.0,"max_hp_gain":0.0,"max_hp_loss":0.0,"gold_gain":0.0,"event_name":"Tomb of Lord Red Mask","player_choice":"Ignored","floor":39.0,"gold_loss":0.0,"damage_taken":0.0},{"damage_healed":20.0,"max_hp_gain":0.0,"max_hp_loss":0.0,"gold_gain":0.0,"event_name":"Winding Halls","player_choice":"Writhe","floor":45.0,"gold_loss":0.0,"damage_taken":0.0,"cards_obtained":["Writhe"]}],"is_beta":false,"boss_relics":[{"not_picked":["Ectoplasm","Philosopher\u0027s Stone"],"picked":"Black Star"},{"not_picked":["White Beast Statue","Black Blood"],"picked":"Sozu"}],"items_purged_floors":[4,13,19,27,36,44],"is_endless":false,"potions_floor_spawned":[1,16,20,24,41,42,47],"killed_by":"Awakened One","ascension_level":2}