{"gold_per_floor":[113,63,82,32,43,73,10,10,37,37,37,56,74,86,86,185,185,201,0,0,0,10,10,109,122,172,185,185,185,219,235,235,235],"floor_reached":33,"playtime":1436,"items_purged":["Strike_G"],"score":267,"play_id":"307930c8-02ab-47fb-8498-9de09bbd34fb","local_time":"20190716151833","is_ascension_mode":false,"campfire_choices":[{"floor":8.0,"key":"REST"},{"floor":15.0,"key":"REST"},{"data":"Noxious Fumes","floor":23,"key":"SMITH"},{"floor":29,"key":"REST"},{"floor":32,"key":"REST"}],"neow_cost":"NONE","seed_source_timestamp":188767742451371,"circlet_count":0,"master_deck":["Strike_G","Strike_G","Strike_G","Defend_G","Defend_G","Defend_G","Defend_G","Defend_G","Survivor","Neutralize+1","Deadly Poison","Acrobatics","Bouncing Flask","Catalyst","Decay","Noxious Fumes+1","Blur","Necronomicurse","Catalyst","Backflip+1"],"special_seed":0,"relics":["Ring of the Snake","MawBank","Lizard Tail","Necronomicon","Bag of Marbles","Pear"],"potions_floor_usage":[25,25,27,30,30,33],"damage_taken":[{"damage":0.0,"enemies":"Jaw Worm","floor":1.0,"turns":5.0},{"damage":0.0,"enemies":"Small Slimes","floor":3.0,"turns":4.0},{"damage":2.0,"enemies":"2 Louse","floor":5.0,"turns":3.0},{"damage":51.0,"enemies":"3 Sentries","floor":6.0,"turns":10.0},{"damage":8.0,"enemies":"Red Slaver","floor":12.0,"turns":4.0},{"damage":22.0,"enemies":"Gremlin Gang","floor":13.0,"turns":4.0},{"damage":2.0,"enemies":"Looter","floor":14.0,"turns":4.0},{"damage":10.0,"enemies":"The Guardian","floor":16.0,"turns":8.0},{"damage":9.0,"enemies":"Shell Parasite","floor":18.0,"turns":5.0},{"damage":2,"enemies":"Spheric Guardian","floor":22,"turns":3},{"damage":15,"enemies":"Chosen and Byrds","floor":25,"turns":7},{"damage":17,"enemies":"Snake Plant","floor":27,"turns":4},{"damage":67,"enemies":"Slavers","floor":30,"turns":7},{"damage":13,"enemies":"Snecko","floor":31,"turns":6},{"damage":56,"enemies":"Collector","floor":33,"turns":6}],"seed_played":"-1170467744484991419","potions_obtained":[{"floor":3.0,"key":"Block Potion"},{"floor":6.0,"key":"FearPotion"},{"floor":12.0,"key":"SkillPotion"},{"floor":13.0,"key":"GhostInAJar"},{"floor":22,"key":"EntropicBrew"},{"floor":25,"key":"Block Potion"},{"floor":30,"key":"PowerPotion"}],"is_trial":false,"path_per_floor":["M","$","M","?","M","E","$","R","T","?","?","M","M","M","R","B",null,"M","?","?","?","M","R","?","M","T","M","?","R","E","M","R","B"],"character_chosen":"THE_SILENT","items_purchased":["Deadly Poison"],"campfire_rested":4,"item_purchase_floors":[2],"current_hp_per_floor":[70,70,70,70,68,17,17,38,38,38,38,30,8,6,27,17,70,61,61,61,45,43,43,43,28,28,11,34,55,43,30,54,0],"gold":235,"neow_bonus":"UPGRADE_CARD","is_prod":false,"is_daily":false,"chose_seed":false,"campfire_upgraded":1,"win_rate":0,"timestamp":1563304713,"path_taken":["M","$","M","?","M","E","$","R","T","?","?","?","?","M","R","BOSS","M","?","?","?","M","R","?","M","T","?","?","R","E","M","R","BOSS"],"build_version":"2019-07-05","purchased_purges":1,"victory":false,"max_hp_per_floor":[70,70,70,70,70,70,70,70,70,70,70,70,70,70,70,70,70,70,70,70,70,70,70,70,70,70,70,70,70,80,80,80,80],"card_choices":[{"not_picked":["Dagger Throw","Choke","PiercingWail"],"picked":"SKIP","floor":1.0},{"not_picked":["Blade Dance","Crippling Poison"],"picked":"Acrobatics","floor":3.0},{"not_picked":["Flying Knee","Blur"],"picked":"Bouncing Flask","floor":5.0},{"not_picked":["Cloak And Dagger","Endless Agony"],"picked":"Catalyst","floor":6.0},{"not_picked":["Finisher","PiercingWail","Sucker Punch"],"picked":"SKIP","floor":12.0},{"not_picked":["Deflect","Caltrops"],"picked":"Noxious Fumes","floor":13.0},{"not_picked":["PiercingWail","Skewer"],"picked":"Blur","floor":14.0},{"not_picked":["Blade Dance","Backstab+1","Quick Slash+1"],"picked":"SKIP","floor":18.0},{"not_picked":["Slice","All Out Attack","Poisoned Stab+1"],"picked":"SKIP","floor":22},{"not_picked":["Quick Slash","Tactician"],"picked":"Catalyst","floor":25},{"not_picked":["Deadly Poison","Flying Knee"],"picked":"Backflip+1","floor":27},{"not_picked":["Choke","Cloak And Dagger+1","Reflex"],"picked":"SKIP","floor":30},{"not_picked":["All Out Attack","Quick Slash","Deflect"],"picked":"SKIP","floor":31}],"player_experience":131128,"relics_obtained":[{"floor":6.0,"key":"MawBank"},{"floor":21,"key":"Necronomicon"},{"floor":26,"key":"Bag of Marbles"},{"floor":30,"key":"Pear"}],"event_choices":[{"cards_removed":["Strike_G"],"damage_healed":0.0,"max_hp_gain":0.0,"max_hp_loss":0.0,"gold_gain":0.0,"event_name":"The Cleric","player_choice":"Card Removal","floor":4.0,"gold_loss":50.0,"damage_taken":0.0},{"damage_healed":0.0,"max_hp_gain":0.0,"max_hp_loss":0.0,"gold_gain":0.0,"event_name":"Golden Idol","player_choice":"Ignored","floor":10.0,"gold_loss":0.0,"damage_taken":0.0},{"damage_healed":0.0,"max_hp_gain":0.0,"max_hp_loss":0.0,"gold_gain":0.0,"event_name":"Wheel of Change","player_choice":"Cursed","floor":11.0,"gold_loss":0.0,"damage_taken":0.0,"cards_obtained":["Decay"]},{"damage_healed":0,"gold_gain":0,"player_choice":"Paid Fearfully","damage_taken":0,"max_hp_gain":0,"max_hp_loss":0,"event_name":"Masked Bandits","floor":19,"gold_loss":201},{"damage_healed":0,"gold_gain":0,"player_choice":"Obtained Book","damage_taken":16,"max_hp_gain":0,"max_hp_loss":0,"event_name":"Cursed Tome","floor":21,"gold_loss":0},{"damage_healed":0,"gold_gain":99,"player_choice":"Stole From Cult","damage_taken":0,"max_hp_gain":0,"max_hp_loss":0,"event_name":"Nest","floor":24,"gold_loss":0},{"damage_healed":23,"gold_gain":0,"player_choice":"Heal","damage_taken":0,"max_hp_gain":0,"max_hp_loss":0,"event_name":"The Library","floor":28,"gold_loss":0}],"is_beta":false,"boss_relics":[{"not_picked":["WristBlade","Fusion Hammer"],"picked":"Lizard Tail"}],"items_purged_floors":[7],"is_endless":false,"potions_floor_spawned":[3,6,12,13,22,25,30],"killed_by":"Collector","ascension_level":0}