{"gold_per_floor":[115,134,32,44,44,78,78,78,155,155,170,170,182,217,229,315,327,349,377,407,431,459,471,510,522,534,546,593,162,162,174,174,246,246,263,263,77,27,40,40,60,360,360,360,376,376,410,421,421,421],"floor_reached":51,"playtime":3327,"items_purged":["Strike_R","Strike_R"],"score":1445,"play_id":"621a2898-9884-4af2-9e08-75a0dcb19dad","local_time":"20181104232514","is_ascension_mode":true,"campfire_choices":[{"data":"True Grit","floor":7.0,"key":"SMITH"},{"data":"Clothesline","floor":10.0,"key":"SMITH"},{"floor":12.0,"key":"REST"},{"data":"Dark Embrace","floor":15.0,"key":"SMITH"},{"data":"Demon Form","floor":23.0,"key":"SMITH"},{"floor":27.0,"key":"REST"},{"data":"Armaments","floor":30.0,"key":"SMITH"},{"data":"Feel No Pain","floor":32,"key":"SMITH"},{"floor":40,"key":"REST"},{"data":"Berserk","floor":49,"key":"SMITH"}],"neow_cost":"NONE","seed_source_timestamp":891616654405997,"circlet_count":0,"master_deck":["AscendersBane","Strike_R","Strike_R","Defend_R+1","Defend_R","Defend_R","Defend_R","Bash+1","Twin Strike","Pommel Strike","True Grit+1","Shrug It Off","Iron Wave+1","Clothesline+1","Feed","Second Wind","Shrug It Off","Disarm+1","Dark Embrace+1","Demon Form+1","Carnage","Pummel","Disarm","Disarm","Armaments+1","Twin Strike","Feel No Pain+1","Perfected Strike","Fiend Fire","Heavy Blade+1","Feel No Pain","Shockwave","Flame Barrier","Demon Form+1","Berserk+1","Power Through+1"],"special_seed":0,"relics":["Burning Blood","Vajra","Tiny Chest","MawBank","Snecko Eye","Question Card","Pantograph","Incense Burner","Sundial","Runic Dome","Mummified Hand","Old Coin","Self Forming Clay","Pocketwatch"],"potions_floor_usage":[31,45,50],"damage_taken":[{"damage":4.0,"enemies":"2 Louse","floor":1.0,"turns":3.0},{"damage":9.0,"enemies":"Jaw Worm","floor":2.0,"turns":3.0},{"damage":1.0,"enemies":"Cultist","floor":4.0,"turns":3.0},{"damage":42.0,"enemies":"Lagavulin","floor":6.0,"turns":6.0},{"damage":24.0,"enemies":"Gremlin Gang","floor":11.0,"turns":7.0},{"damage":0.0,"enemies":"2 Fungi Beasts","floor":13.0,"turns":4.0},{"damage":7.0,"enemies":"Gremlin Nob","floor":14.0,"turns":3.0},{"damage":31.0,"enemies":"Slime Boss","floor":16.0,"turns":7.0},{"damage":7.0,"enemies":"Chosen","floor":18.0,"turns":5.0},{"damage":17.0,"enemies":"Shell Parasite","floor":19.0,"turns":4.0},{"damage":0.0,"enemies":"Centurion and Healer","floor":20.0,"turns":5.0},{"damage":9.0,"enemies":"Snake Plant","floor":21.0,"turns":5.0},{"damage":22.0,"enemies":"Sentry and Sphere","floor":22.0,"turns":5.0},{"damage":17.0,"enemies":"Book of Stabbing","floor":24.0,"turns":3.0},{"damage":21.0,"enemies":"Gremlin Leader","floor":28.0,"turns":7.0},{"damage":14,"enemies":"Chosen and Byrds","floor":31,"turns":5},{"damage":52,"enemies":"Collector","floor":33,"turns":9},{"damage":24,"enemies":"3 Darklings","floor":35,"turns":7},{"damage":27,"enemies":"3 Shapes","floor":39,"turns":4},{"damage":0,"enemies":"Maw","floor":41,"turns":5},{"damage":16,"enemies":"Transient","floor":45,"turns":6},{"damage":0,"enemies":"Giant Head","floor":47,"turns":6},{"damage":17,"enemies":"Jaw Worm Horde","floor":48,"turns":5},{"damage":1,"enemies":"Time Eater","floor":50,"turns":8}],"seed_played":"5353120059357113899","potions_obtained":[{"floor":2.0,"key":"EssenceOfSteel"},{"floor":13.0,"key":"Fire Potion"},{"floor":16.0,"key":"Explosive Potion"},{"floor":21.0,"key":"Poison Potion"},{"floor":22.0,"key":"LiquidBronze"},{"floor":28.0,"key":"Swift Potion"},{"floor":35,"key":"Poison Potion"}],"is_trial":false,"path_per_floor":["M","M","$","M","?","E","R","?","T","R","M","R","M","E","R","B",null,"M","M","M","M","M","R","E","?","T","R","E","$","R","M","R","B",null,"M","T","$","?","M","R","M","T","T","?","M","?","E","M","R","B",null],"character_chosen":"IRONCLAD","items_purchased":["True Grit","Shrug It Off","Sundial","Twin Strike","Feel No Pain","Feel No Pain"],"campfire_rested":3,"item_purchase_floors":[3,3,29,29,29,37],"current_hp_per_floor":[70,67,67,72,65,29,29,29,29,29,14,37,46,45,45,20,66,65,57,66,66,50,50,39,39,39,66,51,51,51,46,46,25,76,58,58,58,58,40,68,74,74,74,96,86,86,92,84,84,99],"gold":421,"neow_bonus":"UPGRADE_CARD","is_prod":false,"is_daily":false,"chose_seed":false,"campfire_upgraded":7,"win_rate":0,"timestamp":1541391914,"path_taken":["M","M","$","M","?","E","R","?","T","R","?","R","M","E","R","BOSS","M","M","?","M","M","R","E","?","T","R","E","$","R","M","R","BOSS","M","?","?","?","?","R","M","?","T","?","?","?","E","M","R","BOSS"],"build_version":"2018-11-01","purchased_purges":2,"victory":true,"max_hp_per_floor":[75,75,75,75,75,75,75,75,75,75,78,78,81,81,81,81,81,81,84,87,90,90,90,90,90,90,90,90,90,90,93,93,93,93,93,93,93,93,96,96,96,96,96,96,96,96,96,99,99,99],"card_choices":[{"not_picked":["Warcry","Clash"],"picked":"Twin Strike","floor":1.0},{"not_picked":["Headbutt","Perfected Strike"],"picked":"Pommel Strike","floor":2.0},{"not_picked":["Blood for Blood","Headbutt"],"picked":"Iron Wave","floor":4.0},{"not_picked":["Power Through","Headbutt"],"picked":"Clothesline","floor":6.0},{"not_picked":["Heavy Blade","Sever Soul"],"picked":"Shrug It Off","floor":11.0},{"not_picked":["Inflame","Pommel Strike"],"picked":"Disarm","floor":13.0},{"not_picked":["Carnage","Warcry"],"picked":"Dark Embrace","floor":14.0},{"not_picked":["Dark Embrace","Barricade"],"picked":"Demon Form","floor":16.0},{"not_picked":["Shrug It Off","Clash+1"],"picked":"Carnage","floor":18.0},{"not_picked":["Sever Soul","Combust","Spot Weakness"],"picked":"SKIP","floor":19.0},{"not_picked":["Warcry+1","Sword Boomerang"],"picked":"Pummel","floor":20.0},{"not_picked":["Bloodletting","Sentinel"],"picked":"Disarm","floor":21.0},{"not_picked":["Thunderclap","True Grit","Flex"],"picked":"SKIP","floor":22.0},{"not_picked":["Battle Trance","Intimidate+1"],"picked":"Disarm","floor":24.0},{"not_picked":["Inflame","Iron Wave","Dark Embrace"],"picked":"Armaments","floor":28.0},{"not_picked":["Twin Strike","Clash","Iron Wave"],"picked":"Perfected Strike","floor":31},{"not_picked":["Juggernaut","Impervious","Immolate"],"picked":"Fiend Fire","floor":33},{"not_picked":["Havoc","Iron Wave","Thunderclap"],"picked":"Heavy Blade+1","floor":35},{"not_picked":["Armaments","Wild Strike","Cleave+1"],"picked":"Shockwave","floor":39},{"not_picked":["Clothesline","Armaments","Perfected Strike","Warcry"],"picked":"SKIP","floor":41},{"not_picked":["True Grit","Heavy Blade","Flex"],"picked":"Flame Barrier","floor":45},{"not_picked":["Cleave+1","Shrug It Off","Wild Strike"],"picked":"Berserk","floor":47},{"not_picked":["Combust","Pommel Strike","Headbutt"],"picked":"Power Through+1","floor":48}],"player_experience":611459,"relics_obtained":[{"floor":6.0,"key":"Vajra"},{"floor":9.0,"key":"Tiny Chest"},{"floor":14.0,"key":"MawBank"},{"floor":24.0,"key":"Question Card"},{"floor":26.0,"key":"Pantograph"},{"floor":28.0,"key":"Incense Burner"},{"floor":36,"key":"Mummified Hand"},{"floor":42,"key":"Old Coin"},{"floor":43,"key":"Self Forming Clay"},{"floor":47,"key":"Pocketwatch"}],"event_choices":[{"cards_removed":["Strike_R"],"damage_healed":0.0,"max_hp_gain":0.0,"max_hp_loss":0.0,"gold_gain":0.0,"event_name":"Golden Wing","player_choice":"Card Removal","floor":5.0,"gold_loss":0.0,"damage_taken":7.0},{"damage_healed":0.0,"max_hp_gain":0.0,"max_hp_loss":0.0,"gold_gain":0.0,"event_name":"Match and Keep!","player_choice":"2 cards matched","floor":8.0,"gold_loss":0.0,"damage_taken":0.0,"cards_obtained":["Feed","Second Wind"]},{"damage_healed":0.0,"max_hp_gain":0.0,"max_hp_loss":0.0,"gold_gain":0.0,"event_name":"Accursed Blacksmith","player_choice":"Forge","floor":25.0,"gold_loss":0.0,"damage_taken":0.0,"cards_upgraded":["Disarm"]},{"damage_healed":0,"gold_gain":0,"player_choice":"Upgraded Two","damage_taken":0,"max_hp_gain":0,"max_hp_loss":0,"event_name":"Designer","floor":38,"gold_loss":50,"cards_upgraded":["Defend_R","Iron Wave"]},{"damage_healed":22,"gold_gain":0,"player_choice":"Full Heal","damage_taken":0,"max_hp_gain":0,"max_hp_loss":0,"event_name":"Wheel of Change","floor":44,"gold_loss":0},{"damage_healed":0,"gold_gain":0,"player_choice":"Copied","damage_taken":0,"max_hp_gain":0,"max_hp_loss":0,"event_name":"Duplicator","floor":46,"gold_loss":0,"cards_obtained":["Demon Form"]}],"is_beta":false,"boss_relics":[{"not_picked":["Black Star","Pandora\u0027s Box"],"picked":"Snecko Eye"},{"not_picked":["Black Blood","Astrolabe"],"picked":"Runic Dome"}],"items_purged_floors":[29,37],"is_endless":false,"potions_floor_spawned":[2,13,16,21,22,28,35],"ascension_level":17}