{"gold_per_floor":[111,111,111,111,130,130,166,91,91,91,241,12,46,71,71,71],"floor_reached":16,"playtime":479,"items_purged":["Strike_R","Doubt"],"score":212,"play_id":"c179166c-4c31-41b2-ba4f-9bcf1ce8379d","local_time":"20190502213343","is_ascension_mode":true,"campfire_choices":[{"data":"Bash","floor":6,"key":"SMITH"},{"data":"Thunderclap","floor":10,"key":"SMITH"},{"data":"Metallicize","floor":15,"key":"SMITH"}],"neow_cost":"NONE","seed_source_timestamp":242347095616330,"circlet_count":0,"master_deck":["AscendersBane","Strike_R","Strike_R","Strike_R","Strike_R","Defend_R+1","Defend_R","Defend_R","Defend_R","Bash+1","Rampage+1","Thunderclap+1","Metallicize","Metallicize+1","Armaments"],"relics":["Burning Blood","Oddly Smooth Stone","Golden Idol","Lantern","Bronze Scales","Omamori"],"potions_floor_usage":[7,13,14],"damage_taken":[{"damage":5,"enemies":"2 Louse","floor":1,"turns":3},{"damage":0,"enemies":"Jaw Worm","floor":5,"turns":3},{"damage":31,"enemies":"Lagavulin","floor":7,"turns":6},{"damage":8,"enemies":"Gremlin Nob","floor":13,"turns":3},{"damage":0,"enemies":"Small Slimes","floor":14,"turns":3},{"damage":26,"enemies":"Hexaghost","floor":16,"turns":9}],"seed_played":"195955326927568129","potions_obtained":[{"floor":0,"key":"FearPotion"},{"floor":0,"key":"Strength Potion"},{"floor":13,"key":"SteroidPotion"}],"is_trial":false,"path_per_floor":["M","?","?","?","M","R","E","$","T","R","?","$","E","M","R","B"],"character_chosen":"IRONCLAD","items_purchased":["Metallicize","SkillPotion"],"campfire_rested":0,"item_purchase_floors":[12,12],"current_hp_per_floor":[69,46,41,41,47,47,22,22,22,22,22,22,20,26,26,0],"gold":71,"neow_bonus":"THREE_SMALL_POTIONS","is_prod":false,"is_daily":false,"chose_seed":false,"campfire_upgraded":3,"win_rate":0,"timestamp":1556847223,"path_taken":["M","?","?","?","M","R","E","$","T","R","?","?","E","M","R","BOSS"],"build_version":"2019-01-23","purchased_purges":2,"victory":false,"max_hp_per_floor":[75,75,75,68,68,68,68,68,68,68,68,68,68,68,68,68],"card_choices":[{"not_picked":["Body Slam","Heavy Blade"],"picked":"Rampage","floor":1},{"not_picked":["Second Wind","Carnage"],"picked":"Thunderclap","floor":5},{"not_picked":["Twin Strike","Searing Blow","Fire Breathing"],"picked":"SKIP","floor":7},{"not_picked":["Shrug It Off","Dual Wield"],"picked":"Metallicize","floor":13},{"not_picked":["Feel No Pain","Cleave"],"picked":"Armaments","floor":14}],"player_experience":1133202,"relics_obtained":[{"floor":7,"key":"Lantern"},{"floor":9,"key":"Bronze Scales"},{"floor":13,"key":"Omamori"}],"event_choices":[{"damage_healed":0,"gold_gain":0,"player_choice":"Entered Light","damage_taken":23,"max_hp_gain":0,"max_hp_loss":0,"event_name":"Shining Light","floor":2,"gold_loss":0,"cards_upgraded":["Defend_R","Rampage"]},{"damage_healed":0,"gold_gain":0,"player_choice":"Success","damage_taken":5,"relics_obtained":["Oddly Smooth Stone"],"max_hp_gain":0,"max_hp_loss":0,"event_name":"Scrap Ooze","floor":3,"gold_loss":0},{"damage_healed":0,"gold_gain":0,"player_choice":"Lose Max HP","damage_taken":0,"relics_obtained":["Golden Idol"],"max_hp_gain":0,"max_hp_loss":7,"event_name":"Golden Idol","floor":4,"gold_loss":0},{"damage_healed":0,"gold_gain":150,"player_choice":"AGREE","damage_taken":0,"max_hp_gain":0,"max_hp_loss":0,"event_name":"Liars Game","floor":11,"gold_loss":0,"cards_obtained":["Doubt"]}],"is_beta":false,"boss_relics":[],"items_purged_floors":[8,12],"is_endless":false,"potions_floor_spawned":[1,5,13],"killed_by":"Hexaghost","ascension_level":20}