{"gold_per_floor":[117,27,27,27,27,60,77,102,125,125,125,125,166,182,182,271,271,294,294,258,276,276,276,299,333,356,356,400,400,418,418,418,516,516,530,455,473,103,103,103,123,123,123,123,154,154,174,212,212,212,212],"floor_reached":51,"playtime":3417,"items_purged":["Strike_G","Strike_G"],"score":1618,"play_id":"8f4629e9-dd62-4215-8b0b-0b5e96518fe6","local_time":"20190721170409","is_ascension_mode":true,"campfire_choices":[{"data":"Skewer","floor":10.0,"key":"SMITH"},{"floor":12.0,"key":"REST"},{"data":"Cloak And Dagger","floor":15.0,"key":"SMITH"},{"data":"Wraith Form v2","floor":23.0,"key":"SMITH"},{"floor":27.0,"key":"REST"},{"floor":29.0,"key":"REST"},{"floor":32.0,"key":"REST"},{"data":"Cloak And Dagger","floor":40.0,"key":"SMITH"},{"floor":42.0,"key":"DIG"},{"floor":46.0,"key":"RECALL"},{"floor":49.0,"key":"REST"}],"neow_cost":"NONE","seed_source_timestamp":267827291367814,"circlet_count":0,"master_deck":["AscendersBane","Strike_G","Strike_G+1","Strike_G+1","Defend_G","Defend_G","Defend_G","Defend_G","Survivor","Neutralize+1","Bouncing Flask+1","Skewer+1","Quick Slash","Cloak And Dagger+1","Wraith Form v2+1","Cloak And Dagger+1","PiercingWail","Envenom","Crippling Poison+1","PiercingWail+1","Storm of Steel","Escape Plan","Adrenaline","Deflect+1","Prepared+1","Corpse Explosion","Cloak And Dagger+1"],"special_seed":0,"relics":["Ring of the Snake","NeowsBlessing","Whetstone","Art of War","Vajra","Golden Idol","Kunai","Runic Pyramid","NlothsMask","Shovel","Ginger","Sozu","Shuriken","Dodecahedron","Oddly Smooth Stone","War Paint"],"potions_floor_usage":[51],"damage_taken":[{"damage":0.0,"enemies":"Small Slimes","floor":1.0,"turns":1.0},{"damage":0.0,"enemies":"Gremlin Nob","floor":6.0,"turns":1.0},{"damage":0.0,"enemies":"2 Louse","floor":7.0,"turns":1.0},{"damage":15.0,"enemies":"Lagavulin","floor":8.0,"turns":5.0},{"damage":24.0,"enemies":"Gremlin Nob","floor":13.0,"turns":4.0},{"damage":0.0,"enemies":"Cultist","floor":14.0,"turns":2.0},{"damage":18.0,"enemies":"Slime Boss","floor":16.0,"turns":11.0},{"damage":11.0,"enemies":"Shell Parasite","floor":18.0,"turns":8.0},{"damage":17.0,"enemies":"2 Thieves","floor":20.0,"turns":5.0},{"damage":0.0,"enemies":"Snecko","floor":21.0,"turns":6.0},{"damage":2.0,"enemies":"3 Cultists","floor":24.0,"turns":6.0},{"damage":25.0,"enemies":"Slavers","floor":25.0,"turns":8.0},{"damage":25.0,"enemies":"Book of Stabbing","floor":28.0,"turns":7.0},{"damage":8.0,"enemies":"Snake Plant","floor":30.0,"turns":4.0},{"damage":35.0,"enemies":"Automaton","floor":33.0,"turns":14.0},{"damage":8.0,"enemies":"3 Darklings","floor":35.0,"turns":5.0},{"damage":0.0,"enemies":"Orb Walker","floor":37.0,"turns":3.0},{"damage":0.0,"enemies":"3 Darklings","floor":41.0,"turns":4.0},{"damage":0.0,"enemies":"Nemesis","floor":45.0,"turns":7.0},{"damage":1.0,"enemies":"Sphere and 2 Shapes","floor":47.0,"turns":5.0},{"damage":0.0,"enemies":"Giant Head","floor":48.0,"turns":8.0},{"damage":31,"enemies":"Donu and Deca","floor":50,"turns":10},{"damage":42,"enemies":"Time Eater","floor":51,"turns":10}],"seed_played":"-7942855021819635376","potions_obtained":[{"floor":1.0,"key":"SkillPotion"},{"floor":6.0,"key":"Weak Potion"},{"floor":13.0,"key":"Fire Potion"},{"floor":20.0,"key":"Block Potion"},{"floor":25.0,"key":"Poison Potion"},{"floor":28.0,"key":"SneckoOil"},{"floor":31.0,"key":"SkillPotion"},{"floor":33.0,"key":"SpeedPotion"}],"is_trial":false,"path_per_floor":["M","$","?","$","?","E","M","E","T","R","?","R","E","M","R","B",null,"M","?","M","M","?","R","M","E","T","R","E","R","M","?","R","B",null,"M","$","M","$","?","R","M","R","T","$","E","R","M","E","R","B","B"],"character_chosen":"THE_SILENT","items_purchased":["Skewer","Shuriken"],"campfire_rested":5,"item_purchase_floors":[2,38],"current_hp_per_floor":[59,59,64,64,43,43,43,28,28,28,28,47,23,23,23,5,49,38,64,47,47,47,47,45,20,20,39,14,33,25,25,44,9,50,42,42,42,42,42,42,42,42,42,42,42,42,41,41,60,29,0],"gold":212,"neow_bonus":"THREE_ENEMY_KILL","is_prod":false,"is_daily":false,"chose_seed":false,"campfire_upgraded":4,"win_rate":0,"timestamp":1563743049,"path_taken":["M","$","?","$","?","E","M","E","T","R","?","R","E","M","R","BOSS","M","?","M","?","?","R","?","E","T","R","E","R","M","?","R","BOSS","M","$","M","$","?","R","M","R","T","$","E","R","M","E","R","BOSS","BOSS"],"build_version":"2019-07-17","purchased_purges":2,"victory":false,"max_hp_per_floor":[66,66,71,71,71,71,71,71,71,71,64,64,64,64,64,64,64,64,64,64,64,64,64,64,64,64,64,64,64,64,64,64,64,64,64,64,64,64,64,64,64,64,64,64,64,64,64,64,64,64,64],"card_choices":[{"not_picked":["Setup","Underhanded Strike"],"picked":"Bouncing Flask","floor":1.0},{"not_picked":["Infinite Blades","Blade Dance"],"picked":"Quick Slash","floor":6.0},{"not_picked":["Blade Dance","Dagger Throw"],"picked":"Cloak And Dagger","floor":7.0},{"not_picked":["Concentrate","Underhanded Strike"],"picked":"Wraith Form v2","floor":8.0},{"not_picked":["Bane","Blade Dance"],"picked":"Cloak And Dagger","floor":13.0},{"not_picked":["Acrobatics","Masterful Stab"],"picked":"PiercingWail","floor":14.0},{"not_picked":["Glass Knife","Phantasmal Killer"],"picked":"Envenom","floor":16.0},{"not_picked":["Caltrops","Distraction","Slice"],"picked":"SKIP","floor":18.0},{"not_picked":["Cloak And Dagger","Slice+1"],"picked":"Crippling Poison+1","floor":20.0},{"not_picked":["Dodge and Roll","Quick Slash"],"picked":"PiercingWail","floor":21.0},{"not_picked":["Bane+1","Slice","Masterful Stab"],"picked":"SKIP","floor":24.0},{"not_picked":["Slice","Skewer"],"picked":"Storm of Steel","floor":25.0},{"not_picked":["Heel Hook","Flying Knee","Flechettes"],"picked":"SKIP","floor":28.0},{"not_picked":["Quick Slash","Bouncing Flask"],"picked":"Escape Plan","floor":30.0},{"not_picked":["Envenom","Venomology"],"picked":"Adrenaline","floor":33.0},{"not_picked":["Deadly Poison","Dagger Spray"],"picked":"Deflect","floor":35.0},{"not_picked":["Blade Dance","Outmaneuver"],"picked":"Prepared+1","floor":37.0},{"not_picked":["Dash","Deadly Poison","Quick Slash"],"picked":"SKIP","floor":41.0},{"not_picked":["Dodge and Roll","Flying Knee","Deflect"],"picked":"SKIP","floor":45.0},{"not_picked":["Cloak And Dagger","Deadly Poison+1"],"picked":"Corpse Explosion","floor":47.0},{"not_picked":["Slice+1","Blur"],"picked":"Cloak And Dagger+1","floor":48.0}],"player_experience":1624187,"relics_obtained":[{"floor":6.0,"key":"Whetstone"},{"floor":8.0,"key":"Art of War"},{"floor":9.0,"key":"Vajra"},{"floor":13.0,"key":"Kunai"},{"floor":25.0,"key":"Shovel"},{"floor":28.0,"key":"Ginger"},{"floor":42.0,"key":"Dodecahedron"},{"floor":45.0,"key":"Oddly Smooth Stone"},{"floor":48.0,"key":"War Paint"}],"event_choices":[{"damage_healed":0.0,"max_hp_gain":5.0,"max_hp_loss":0.0,"gold_gain":0.0,"event_name":"Big Fish","player_choice":"Donut","floor":3.0,"gold_loss":0.0,"damage_taken":0.0},{"damage_healed":0.0,"max_hp_gain":0.0,"max_hp_loss":0.0,"gold_gain":0.0,"event_name":"Shining Light","player_choice":"Entered Light","floor":5.0,"gold_loss":0.0,"damage_taken":21.0,"cards_upgraded":["Bouncing Flask","Strike_G"]},{"damage_healed":0.0,"max_hp_gain":0.0,"max_hp_loss":7.0,"gold_gain":0.0,"event_name":"Golden Idol","player_choice":"Lose Max HP","floor":11.0,"gold_loss":0.0,"damage_taken":0.0,"relics_obtained":["Golden Idol"]},{"damage_healed":26.0,"max_hp_gain":0.0,"max_hp_loss":0.0,"gold_gain":0.0,"event_name":"Wheel of Change","player_choice":"Full Heal","floor":19.0,"gold_loss":0.0,"damage_taken":0.0},{"damage_healed":0.0,"max_hp_gain":0.0,"max_hp_loss":0.0,"gold_gain":0.0,"event_name":"FaceTrader","player_choice":"Trade","floor":22.0,"gold_loss":0.0,"damage_taken":0.0,"relics_obtained":["NlothsMask"]},{"damage_healed":0.0,"max_hp_gain":0.0,"max_hp_loss":0.0,"gold_gain":0.0,"event_name":"Lab","player_choice":"Got Potions","floor":31.0,"gold_loss":0.0,"damage_taken":0.0},{"cards_removed":["Defend_G"],"damage_healed":0.0,"max_hp_gain":0.0,"max_hp_loss":0.0,"gold_gain":0.0,"event_name":"Falling","player_choice":"Removed Skill","floor":39.0,"gold_loss":0.0,"damage_taken":0.0}],"is_beta":false,"boss_relics":[{"not_picked":["Black Star","Ectoplasm"],"picked":"Runic Pyramid"},{"not_picked":["Philosopher\u0027s Stone","Coffee Dripper"],"picked":"Sozu"}],"items_purged_floors":[36,38],"is_endless":false,"potions_floor_spawned":[1,6,13,20,25,28,33,35,41],"killed_by":"Time Eater","ascension_level":20}