{"gold_per_floor":[216,228,71,71,142,142,155,186,209,209,236,236,265,277,277,354,354,370,370,645,329,349,349,399,399],"floor_reached":25,"playtime":1061,"items_purged":["Regret"],"score":434,"play_id":"d6f58854-c8f5-44db-b444-dbc04190d971","local_time":"20190521005242","is_ascension_mode":true,"campfire_choices":[{"data":"Combust","floor":6,"key":"SMITH"},{"data":"Bash","floor":10,"key":"SMITH"},{"data":"Pommel Strike","floor":12,"key":"SMITH"},{"floor":15,"key":"REST"},{"data":"True Grit","floor":23,"key":"SMITH"}],"neow_cost":"NONE","seed_source_timestamp":451534148857906,"circlet_count":0,"master_deck":["AscendersBane","Strike_R+1","Strike_R+1","Strike_R+1","Strike_R+1","Strike_R+1","Defend_R+1","Defend_R+1","Defend_R+1","Defend_R+1","Bash+1","Combust+1","Pommel Strike+1","Sword Boomerang","Headbutt","Feel No Pain","Flame Barrier","True Grit+1","Barricade","Rupture"],"special_seed":0,"relics":["Burning Blood","Bag of Preparation","Thread and Needle","Centennial Puzzle","Juzu Bracelet","Vajra","Orichalcum","Velvet Choker","Happy Flower"],"potions_floor_usage":[8,13,16,16,25],"damage_taken":[{"damage":20.0,"enemies":"Small Slimes","floor":1.0,"turns":6.0},{"damage":16,"enemies":"Jaw Worm","floor":2,"turns":5},{"damage":0,"enemies":"Cultist","floor":7,"turns":3},{"damage":6,"enemies":"Gremlin Nob","floor":8,"turns":3},{"damage":20,"enemies":"3 Sentries","floor":11,"turns":5},{"damage":19,"enemies":"Lagavulin","floor":13,"turns":4},{"damage":0,"enemies":"Blue Slaver","floor":14,"turns":4},{"damage":36,"enemies":"Slime Boss","floor":16,"turns":9},{"damage":27,"enemies":"Shell Parasite","floor":18,"turns":8},{"damage":11,"enemies":"Chosen","floor":22,"turns":5},{"damage":36,"enemies":"Book of Stabbing","floor":25,"turns":5}],"seed_played":"3394060993199450928","potions_obtained":[{"floor":1.0,"key":"AttackPotion"},{"floor":7,"key":"SteroidPotion"},{"floor":13,"key":"EntropicBrew"},{"floor":16,"key":"Block Potion"},{"floor":18,"key":"Strength Potion"}],"is_trial":false,"path_per_floor":["M","M","$","?","T","R","M","E","T","R","E","R","E","M","R","B",null,"M","?","?","$","M","R","?","E"],"character_chosen":"IRONCLAD","items_purchased":["Bag of Preparation","Rupture","Happy Flower"],"campfire_rested":1,"item_purchase_floors":[3,21,21],"current_hp_per_floor":[54,44,44,39,39,39,45,45,45,45,31,31,18,24,46,16,60,39,39,39,39,34,34,34,0],"gold":399,"neow_bonus":"HUNDRED_GOLD","is_prod":false,"is_daily":false,"chose_seed":false,"campfire_upgraded":4,"win_rate":0,"timestamp":1558414362,"path_taken":["M","M","$","?","?","R","M","E","T","R","E","R","E","M","R","BOSS","M","?","?","$","M","R","?","E"],"build_version":"2019-01-23","purchased_purges":1,"victory":false,"max_hp_per_floor":[75,75,75,75,75,75,75,75,75,75,75,75,75,75,75,75,75,75,75,75,75,75,75,75,75],"card_choices":[{"not_picked":["True Grit","Flex"],"picked":"Combust","floor":1.0},{"not_picked":["Entrench","Blood for Blood"],"picked":"Pommel Strike","floor":2},{"not_picked":["Sentinel","Shrug It Off"],"picked":"Sword Boomerang","floor":7},{"not_picked":["Fire Breathing","Heavy Blade"],"picked":"Headbutt","floor":8},{"not_picked":["Dropkick","Rupture"],"picked":"Feel No Pain","floor":11},{"not_picked":["Iron Wave","Wild Strike"],"picked":"Flame Barrier","floor":13},{"not_picked":["Body Slam","Sentinel"],"picked":"True Grit","floor":14},{"not_picked":["Dark Embrace","Juggernaut"],"picked":"Barricade","floor":16},{"not_picked":["Heavy Blade","Flex","Wild Strike"],"picked":"SKIP","floor":18},{"not_picked":["Bloodletting","Dual Wield","Searing Blow"],"picked":"SKIP","floor":22}],"player_experience":1408753,"relics_obtained":[{"floor":8,"key":"Centennial Puzzle"},{"floor":9,"key":"Juzu Bracelet"},{"floor":11,"key":"Vajra"},{"floor":13,"key":"Orichalcum"}],"event_choices":[{"damage_healed":0,"gold_gain":0,"player_choice":"Success","damage_taken":5,"relics_obtained":["Thread and Needle"],"max_hp_gain":0,"max_hp_loss":0,"event_name":"Scrap Ooze","floor":4,"gold_loss":0},{"damage_healed":0,"gold_gain":0,"player_choice":"Simplicity","damage_taken":0,"max_hp_gain":0,"max_hp_loss":0,"event_name":"Back to Basics","floor":19,"gold_loss":0,"cards_upgraded":["Strike_R","Strike_R","Strike_R","Strike_R","Strike_R","Defend_R","Defend_R","Defend_R","Defend_R"]},{"damage_healed":0,"gold_gain":275,"player_choice":"Desecrate","damage_taken":0,"max_hp_gain":0,"max_hp_loss":0,"event_name":"Golden Shrine","floor":20,"gold_loss":0,"cards_obtained":["Regret"]},{"damage_healed":0,"gold_gain":50,"player_choice":"Stole From Cult","damage_taken":0,"max_hp_gain":0,"max_hp_loss":0,"event_name":"Nest","floor":24,"gold_loss":0}],"is_beta":false,"boss_relics":[{"not_picked":["Black Star","Tiny House"],"picked":"Velvet Choker"}],"items_purged_floors":[21],"is_endless":false,"potions_floor_spawned":[1,7,13,16,18],"killed_by":"Book of Stabbing","ascension_level":20}