{"gold_per_floor":[111,128,128,143,45,75,75,92,117,198,262,262,294,306,306,306],"floor_reached":16,"playtime":505,"items_purged":[],"score":240,"play_id":"b79461c6-4eb2-4e4d-9da9-886fdc6bd251","local_time":"20190714163559","is_ascension_mode":true,"campfire_choices":[{"data":"Heavy Blade","floor":12,"key":"SMITH"},{"data":"Feed","floor":15,"key":"SMITH"}],"neow_cost":"NONE","seed_source_timestamp":396786697992415,"circlet_count":0,"master_deck":["AscendersBane","Strike_R","Strike_R","Strike_R","Strike_R","Defend_R","Defend_R","Defend_R","Defend_R","Bash+1","Thunderclap","Combust","Inflame","Anger","Shrug It Off","Shockwave","Heavy Blade+1","Feed+1"],"relics":["Burning Blood","NeowsBlessing","Oddly Smooth Stone","Vajra","Letter Opener","Tiny Chest","Strawberry"],"potions_floor_usage":[6,11,16],"damage_taken":[{"damage":0,"enemies":"2 Louse","floor":1,"turns":1},{"damage":0,"enemies":"Cultist","floor":2,"turns":1},{"damage":0,"enemies":"Jaw Worm","floor":4,"turns":2},{"damage":33,"enemies":"Lagavulin","floor":6,"turns":6},{"damage":8,"enemies":"Looter","floor":8,"turns":4},{"damage":9,"enemies":"3 Sentries","floor":11,"turns":5},{"damage":19,"enemies":"Lagavulin","floor":13,"turns":6},{"damage":3,"enemies":"Exordium Thugs","floor":14,"turns":4},{"damage":43,"enemies":"The Guardian","floor":16,"turns":12}],"seed_played":"-3738816508187845027","potions_obtained":[{"floor":1,"key":"Fire Potion"},{"floor":2,"key":"FearPotion"},{"floor":6,"key":"Explosive Potion"},{"floor":13,"key":"BloodPotion"},{"floor":14,"key":"Strength Potion"}],"is_trial":false,"path_per_floor":["M","M","?","M","$","E","?","M","T","T","E","R","E","M","R","B"],"character_chosen":"IRONCLAD","items_purchased":["Inflame","Anger"],"campfire_rested":0,"item_purchase_floors":[5,5],"current_hp_per_floor":[74,75,75,75,75,48,48,46,46,46,43,43,37,43,43,0],"gold":306,"neow_bonus":"THREE_ENEMY_KILL","is_prod":false,"is_daily":false,"chose_seed":false,"campfire_upgraded":2,"win_rate":0,"timestamp":1563136559,"path_taken":["M","M","?","?","$","E","?","M","T","?","E","R","E","M","R","BOSS"],"build_version":"2019-07-05","purchased_purges":0,"victory":false,"max_hp_per_floor":[75,75,75,75,75,75,75,75,75,75,75,75,82,85,85,85],"card_choices":[{"not_picked":["Sentinel","Second Wind"],"picked":"Thunderclap","floor":1},{"not_picked":["Intimidate","Seeing Red"],"picked":"Combust","floor":2},{"not_picked":["Fire Breathing","Clash","Combust"],"picked":"SKIP","floor":4},{"not_picked":["Clash","Hemokinesis"],"picked":"Shrug It Off","floor":6},{"not_picked":["Cleave","Reckless Charge"],"picked":"Shockwave","floor":8},{"not_picked":["Clash","Clothesline"],"picked":"Heavy Blade","floor":11},{"not_picked":["Feel No Pain","Iron Wave"],"picked":"Feed","floor":13},{"not_picked":["Anger","Second Wind","Searing Blow"],"picked":"SKIP","floor":14}],"player_experience":1603860,"relics_obtained":[{"floor":6,"key":"Oddly Smooth Stone"},{"floor":9,"key":"Vajra"},{"floor":10,"key":"Letter Opener"},{"floor":11,"key":"Tiny Chest"},{"floor":13,"key":"Strawberry"}],"event_choices":[{"cards_removed":["Strike_R"],"damage_healed":0,"gold_gain":0,"player_choice":"Offered Basic","damage_taken":0,"max_hp_gain":0,"max_hp_loss":0,"event_name":"Bonfire Elementals","floor":3,"gold_loss":0},{"damage_healed":0,"gold_gain":0,"player_choice":"Grow","damage_taken":0,"max_hp_gain":0,"max_hp_loss":0,"event_name":"Living Wall","floor":7,"gold_loss":0,"cards_upgraded":["Bash"]}],"is_beta":false,"boss_relics":[],"items_purged_floors":[],"is_endless":false,"potions_floor_spawned":[1,2,6,13,14],"killed_by":"The Guardian","ascension_level":20}