{"gold_per_floor":[210,50,50,70,83,83,117,128,153,178,178,198,211,211,211,211],"floor_reached":16,"playtime":655,"items_purged":[],"score":224,"play_id":"4f1e1a02-3668-484e-a767-c510fa147ec7","local_time":"20190513220617","is_ascension_mode":true,"campfire_choices":[{"data":"Dagger Spray","floor":6,"key":"SMITH"},{"data":"Skewer","floor":11,"key":"SMITH"},{"floor":15,"key":"REST"}],"neow_cost":"NONE","seed_source_timestamp":852794975459559,"circlet_count":0,"master_deck":["AscendersBane","Defend_G","Defend_G","Defend_G","Defend_G","Defend_G","Strike_G","Strike_G","Strike_G","Strike_G","Survivor","Neutralize","Dagger Spray","Dagger Spray+1","Skewer+1","Endless Agony","Poisoned Stab","Deflect"],"relics":["Ring of the Snake","Snake Skull","Centennial Puzzle","Happy Flower"],"potions_floor_usage":[7,16],"damage_taken":[{"damage":20,"enemies":"Jaw Worm","floor":1,"turns":8},{"damage":0,"enemies":"Cultist","floor":4,"turns":4},{"damage":0,"enemies":"Small Slimes","floor":5,"turns":2},{"damage":6,"enemies":"Gremlin Nob","floor":7,"turns":3},{"damage":0,"enemies":"2 Fungi Beasts","floor":8,"turns":2},{"damage":17,"enemies":"3 Sentries","floor":10,"turns":5},{"damage":0,"enemies":"Blue Slaver","floor":12,"turns":3},{"damage":0,"enemies":"Lots of Slimes","floor":13,"turns":3},{"damage":35,"enemies":"Slime Boss","floor":16,"turns":8}],"seed_played":"5384270951680240158","potions_obtained":[{"floor":4,"key":"SmokeBomb"},{"floor":5,"key":"SteroidPotion"},{"floor":12,"key":"Poison Potion"}],"is_trial":false,"path_per_floor":["M","$","?","M","M","R","E","M","T","E","R","M","M","?","R","B"],"character_chosen":"THE_SILENT","items_purchased":["Snake Skull"],"campfire_rested":1,"item_purchase_floors":[2],"current_hp_per_floor":[39,39,39,39,39,39,33,33,33,16,16,16,16,16,35,0],"gold":211,"neow_bonus":"HUNDRED_GOLD","is_prod":false,"is_daily":false,"chose_seed":false,"campfire_upgraded":2,"win_rate":0,"timestamp":1557799577,"path_taken":["M","$","?","?","M","R","E","M","T","E","R","M","?","?","R","BOSS"],"build_version":"2019-01-23","purchased_purges":0,"victory":false,"max_hp_per_floor":[66,66,66,66,66,66,66,66,66,66,66,66,66,66,66,66],"card_choices":[{"not_picked":["Cloak And Dagger","Acrobatics"],"picked":"Dagger Spray","floor":1},{"not_picked":["Choke","Slice"],"picked":"Skewer","floor":4},{"not_picked":["Tactician","Slice"],"picked":"Endless Agony","floor":5},{"not_picked":["Predator","Sucker Punch"],"picked":"Poisoned Stab","floor":7},{"not_picked":["Slice","Cloak And Dagger"],"picked":"Deflect","floor":8},{"not_picked":["Cloak And Dagger","Choke","Outmaneuver"],"picked":"SKIP","floor":10},{"not_picked":["Prepared","Eviscerate","Phantasmal Killer"],"picked":"SKIP","floor":12},{"not_picked":["Choke","Prepared","Underhanded Strike"],"picked":"SKIP","floor":13}],"player_experience":1333843,"relics_obtained":[{"floor":7,"key":"Centennial Puzzle"},{"floor":10,"key":"Happy Flower"}],"event_choices":[{"damage_healed":0,"gold_gain":0,"cards_transformed":["Strike_G"],"player_choice":"Transformed","damage_taken":0,"max_hp_gain":0,"max_hp_loss":0,"event_name":"Transmorgrifier","floor":3,"gold_loss":0,"cards_obtained":["Dagger Spray"]},{"damage_healed":0,"gold_gain":0,"player_choice":"Ignored","damage_taken":0,"max_hp_gain":0,"max_hp_loss":0,"event_name":"Shining Light","floor":14,"gold_loss":0}],"is_beta":false,"boss_relics":[],"items_purged_floors":[],"is_endless":false,"potions_floor_spawned":[4,5,12],"killed_by":"Slime Boss","ascension_level":20}