{"gold_per_floor":[211,67,7,19,45,57,103,134,146,178,209,221,263,288,300,416,428,452,484,496,528,540,552,590,622,664,676,700,327,345,345,345,345],"floor_reached":33,"playtime":2898,"items_purged":["Defend_G","Outmaneuver"],"score":321,"play_id":"cb96ea98-61aa-49f1-94d4-8ba7a9978958","local_time":"20180823190356","is_ascension_mode":true,"campfire_choices":[{"data":"Neutralize","floor":6,"key":"SMITH"},{"floor":12,"key":"REST"},{"floor":15,"key":"REST"},{"data":"After Image","floor":23,"key":"SMITH"},{"data":"Adrenaline","floor":27,"key":"SMITH"},{"floor":32,"key":"REST"}],"neow_cost":"NONE","seed_source_timestamp":659270859722785,"circlet_count":0,"master_deck":["Survivor","Neutralize+1","Well Laid Plans","Acrobatics","Die Die Die","Underhanded Strike","Flying Knee","Endless Agony","Distraction","After Image+1","Cloak And Dagger","Poisoned Stab","Outmaneuver","Blade Dance","Flechettes","Dodge and Roll","Backstab","Flechettes","Adrenaline+1","Backstab","Footwork","Adrenaline"],"relics":["Ring of the Snake","MawBank","Gremlin Horn","Omamori","Question Card","Nunchaku","Pandora\u0027s Box","Singing Bowl","Tiny Chest"],"potions_floor_usage":[10,24,24,33,33],"damage_taken":[{"damage":0,"enemies":"Small Slimes","floor":1,"turns":3},{"damage":2,"enemies":"Cultist","floor":5,"turns":4},{"damage":45,"enemies":"Lagavulin","floor":7,"turns":9},{"damage":0,"enemies":"Jaw Worm","floor":8,"turns":4},{"damage":5,"enemies":"Exordium Wildlife","floor":10,"turns":4},{"damage":1,"enemies":"Red Slaver","floor":11,"turns":3},{"damage":19,"enemies":"3 Sentries","floor":13,"turns":9},{"damage":0,"enemies":"3 Louse","floor":14,"turns":1},{"damage":30,"enemies":"The Guardian","floor":16,"turns":19},{"damage":0,"enemies":"Shell Parasite","floor":18,"turns":4},{"damage":12,"enemies":"2 Thieves","floor":19,"turns":3},{"damage":9,"enemies":"Centurion and Healer","floor":21,"turns":8},{"damage":20,"enemies":"Slavers","floor":24,"turns":7},{"damage":1,"enemies":"3 Cultists","floor":25,"turns":5},{"damage":31,"enemies":"Snecko","floor":28,"turns":7},{"damage":5,"enemies":"Shelled Parasite and Fungi","floor":30,"turns":4},{"damage":44,"enemies":"Champ","floor":33,"turns":13}],"seed_played":"6556744326909006492","potions_obtained":[{"floor":7,"key":"Swift Potion"},{"floor":8,"key":"AttackPotion"},{"floor":13,"key":"FearPotion"},{"floor":16,"key":"Weak Potion"},{"floor":18,"key":"Block Potion"},{"floor":21,"key":"Strength Potion"},{"floor":25,"key":"Ancient Potion"},{"floor":28,"key":"Fire Potion"}],"is_trial":false,"path_per_floor":["M","$","?","T","M","R","E","M","T","M","M","R","E","M","R","B",null,"M","M","?","M","?","R","E","M","T","R","M","$","M","?","R"],"character_chosen":"THE_SILENT","items_purchased":["Well Laid Plans","Footwork","Adrenaline","Block Potion"],"campfire_rested":3,"item_purchase_floors":[2,29,29,29],"current_hp_per_floor":[70,70,70,70,68,68,23,23,23,18,17,38,19,19,40,10,70,70,58,63,54,54,54,36,35,35,35,6,6,3,3,25,0],"gold":345,"neow_bonus":"HUNDRED_GOLD","is_prod":false,"is_daily":false,"chose_seed":false,"campfire_upgraded":3,"win_rate":0,"timestamp":1535065436,"path_taken":["M","$","?","?","M","R","E","M","T","M","?","R","E","M","R","BOSS","M","M","?","M","?","R","E","M","T","R","M","$","M","?","R","BOSS"],"build_version":"2018-08-16","purchased_purges":2,"victory":false,"max_hp_per_floor":[70,70,70,70,70,70,70,70,70,70,70,70,70,70,70,70,70,70,70,70,70,70,70,72,72,72,72,74,74,76,76,76,76],"card_choices":[{"not_picked":["Deflect","Prepared","Sucker Punch"],"picked":"SKIP","floor":1},{"not_picked":["Prepared","Heel Hook","Finisher"],"picked":"SKIP","floor":5},{"not_picked":["Finisher","Slice"],"picked":"Acrobatics","floor":7},{"not_picked":["Masterful Stab","Prepared"],"picked":"Die Die Die","floor":8},{"not_picked":["Prepared","Calculated Gamble","Deflect"],"picked":"Underhanded Strike","floor":10},{"not_picked":["Terror","Dodge and Roll","Leg Sweep"],"picked":"Flying Knee","floor":11},{"not_picked":["Sucker Punch","Poisoned Stab","Prepared"],"picked":"Endless Agony","floor":13},{"not_picked":["PiercingWail","Sucker Punch","Tools of the Trade"],"picked":"Distraction","floor":14},{"not_picked":["Wraith Form v2","Corpse Explosion","Glass Knife"],"picked":"After Image","floor":16},{"not_picked":["Bane+1","Dagger Throw","All Out Attack","Choke"],"picked":"SKIP","floor":18},{"not_picked":["Blade Dance","Quick Slash","Expertise"],"picked":"Flechettes","floor":19},{"not_picked":["Prepared","Slice","Deadly Poison"],"picked":"Adrenaline","floor":21},{"not_picked":["Well Laid Plans","Poisoned Stab","Acrobatics+1","Underhanded Strike"],"picked":"Singing Bowl","floor":24},{"not_picked":["Catalyst","Dagger Throw+1","Backflip"],"picked":"Backstab","floor":25},{"not_picked":["Masterful Stab+1","Dodge and Roll","Expertise","Heel Hook"],"picked":"Singing Bowl","floor":28},{"not_picked":["Acrobatics","Choke","Quick Slash","Poisoned Stab"],"picked":"Singing Bowl","floor":30}],"player_experience":174985,"relics_obtained":[{"floor":4,"key":"Gremlin Horn"},{"floor":7,"key":"Omamori"},{"floor":9,"key":"Question Card"},{"floor":13,"key":"Nunchaku"},{"floor":24,"key":"Singing Bowl"},{"floor":26,"key":"Tiny Chest"}],"event_choices":[{"event_name":"WeMeetAgain","player_choice":"Gold","floor":3,"damage_taken":0},{"event_name":"Bonfire Elementals","player_choice":"COMMON","floor":20,"damage_taken":0},{"event_name":"Ghosts","player_choice":"Ignored","floor":22,"damage_taken":0},{"event_name":"Vampires","player_choice":"Ignored","floor":31,"damage_taken":0}],"is_beta":false,"boss_relics":[{"not_picked":["WristBlade","Eternal Feather"],"picked":"Pandora\u0027s Box"}],"items_purged_floors":[2,29],"is_endless":false,"potions_floor_spawned":[7,8,13,16,18,21,25,28],"killed_by":"Champ","ascension_level":3}