{"gold_per_floor":[127,152,175,25,49,49,84,96,143,172,188,188],"floor_reached":12,"playtime":882,"items_purged":[],"score":95,"play_id":"0e68b2df-a9a4-4c9e-a40d-8038e106f10e","local_time":"20190701023352","is_ascension_mode":true,"campfire_choices":[{"floor":6.0,"key":"RECALL"}],"neow_cost":"NONE","seed_source_timestamp":0,"circlet_count":0,"master_deck":["Strike_R","Strike_R","Strike_R","Strike_R","Strike_R","Defend_R","Defend_R","Defend_R","Defend_R","Bash","Flex","Evolve","Metallicize","The Bomb","Flex","Evolve","Flex"],"special_seed":0,"relics":["Burning Blood","MawBank","Calipers","Ancient Tea Set","Molten Egg 2"],"potions_floor_usage":[10,10,12],"damage_taken":[{"damage":1.0,"enemies":"Cultist","floor":1.0,"turns":3.0},{"damage":3.0,"enemies":"Small Slimes","floor":2.0,"turns":3.0},{"damage":6.0,"enemies":"Jaw Worm","floor":3.0,"turns":2.0},{"damage":28.0,"enemies":"Gremlin Nob","floor":7.0,"turns":5.0},{"damage":11.0,"enemies":"Red Slaver","floor":8.0,"turns":3.0},{"damage":18,"enemies":"Lagavulin","floor":10,"turns":6},{"damage":11,"enemies":"Exordium Wildlife","floor":11,"turns":5},{"damage":53,"enemies":"Gremlin Gang","floor":12,"turns":3}],"seed_played":"-8134312238755191980","potions_obtained":[{"floor":1.0,"key":"Fire Potion"},{"floor":3.0,"key":"Ancient Potion"},{"floor":7.0,"key":"PowerPotion"},{"floor":11,"key":"SneckoOil"}],"is_trial":false,"path_per_floor":["M","M","M","$","T","R","E","M","T","E","M","M"],"character_chosen":"IRONCLAD","items_purchased":["The Bomb"],"campfire_rested":0,"item_purchase_floors":[4],"current_hp_per_floor":[80,80,80,80,80,80,58,53,53,41,36,0],"gold":188,"neow_bonus":"RANDOM_COMMON_RELIC","is_prod":false,"is_daily":false,"chose_seed":false,"campfire_upgraded":0,"win_rate":0,"timestamp":1561962832,"path_taken":["M","M","M","$","?","R","E","?","T","E","M","M"],"build_version":"2019-01-23","purchased_purges":0,"victory":false,"max_hp_per_floor":[80,80,80,80,80,80,80,80,80,80,80,80],"card_choices":[{"not_picked":["Flame Barrier","Pummel"],"picked":"Flex","floor":1.0},{"not_picked":["Carnage","Perfected Strike"],"picked":"Evolve","floor":2.0},{"not_picked":["Burning Pact","Evolve"],"picked":"Metallicize","floor":3.0},{"not_picked":["Sentinel","Exhume"],"picked":"Flex","floor":7.0},{"not_picked":["Combust","Headbutt"],"picked":"Evolve","floor":8},{"not_picked":["Heavy Blade","Hemokinesis"],"picked":"Flex","floor":10},{"not_picked":["Havoc","Infernal Blade","Headbutt+1"],"picked":"SKIP","floor":11}],"player_experience":148862,"relics_obtained":[{"floor":7.0,"key":"Calipers"},{"floor":9,"key":"Ancient Tea Set"},{"floor":10,"key":"Molten Egg 2"}],"event_choices":[],"is_beta":false,"boss_relics":[],"items_purged_floors":[],"is_endless":false,"potions_floor_spawned":[1,3,7,11],"killed_by":"Gremlin Gang","ascension_level":1}