{"gold_per_floor":[20,40,59,59,59,59,89,89,112,139,139,139,164,203,203,296,296,314,335,385,398,398,436,436,436,436,94,115,149,167,198,198,198],"floor_reached":33,"playtime":1480,"items_purged":["Strike_G"],"score":696,"play_id":"f2e70fb5-a42f-4849-b49c-0c627fc9f268","local_time":"20190625182013","is_ascension_mode":true,"campfire_choices":[{"data":"Crippling Poison","floor":6.0,"key":"SMITH"},{"data":"Corpse Explosion","floor":8.0,"key":"SMITH"},{"floor":11.0,"key":"REST"},{"data":"Glass Knife","floor":15.0,"key":"SMITH"},{"data":"Deadly Poison","floor":24.0,"key":"SMITH"},{"floor":25.0,"key":"REST"},{"floor":32,"key":"REST"}],"neow_cost":"NO_GOLD","seed_source_timestamp":881319319059733,"circlet_count":0,"master_deck":["AscendersBane","Defend_G","Defend_G","Defend_G","Defend_G","Defend_G","Strike_G","Strike_G","Strike_G","Survivor","Neutralize","Dagger Throw","Crippling Poison+1","Poisoned Stab","Corpse Explosion+1","Bane","Glass Knife+1","Malaise+1","Deadly Poison+1","PiercingWail","Well Laid Plans","Tools of the Trade","Leg Sweep"],"special_seed":0,"relics":["Ring of the Snake","WingedGreaves","Bronze Scales","Bag of Preparation","Lantern","Golden Idol","Bottled Lightning","Snecko Eye","Boot","Omamori","Paper Crane","Shuriken","Blue Candle"],"potions_floor_usage":[31,33],"damage_taken":[{"damage":6.0,"enemies":"Jaw Worm","floor":1.0,"turns":7.0},{"damage":0.0,"enemies":"Cultist","floor":2.0,"turns":4.0},{"damage":0.0,"enemies":"Small Slimes","floor":3.0,"turns":4.0},{"damage":22.0,"enemies":"Gremlin Nob","floor":7.0,"turns":4.0},{"damage":12.0,"enemies":"Lagavulin","floor":10.0,"turns":5.0},{"damage":0.0,"enemies":"2 Fungi Beasts","floor":13.0,"turns":2.0},{"damage":7.0,"enemies":"3 Sentries","floor":14.0,"turns":2.0},{"damage":10.0,"enemies":"Hexaghost","floor":16.0,"turns":7.0},{"damage":0.0,"enemies":"3 Byrds","floor":18.0,"turns":1.0},{"damage":0.0,"enemies":"Spheric Guardian","floor":19.0,"turns":3.0},{"damage":8.0,"enemies":"Snake Plant","floor":21.0,"turns":3.0},{"damage":9.0,"enemies":"Slavers","floor":23.0,"turns":3.0},{"damage":12.0,"enemies":"Shelled Parasite and Fungi","floor":28.0,"turns":3.0},{"damage":5.0,"enemies":"Gremlin Leader","floor":29.0,"turns":6.0},{"damage":14.0,"enemies":"Chosen and Byrds","floor":30.0,"turns":4.0},{"damage":12,"enemies":"Book of Stabbing","floor":31,"turns":6},{"damage":44,"enemies":"Champ","floor":33,"turns":12}],"seed_played":"-346603813143068785","potions_obtained":[{"floor":1.0,"key":"Swift Potion"},{"floor":2.0,"key":"Weak Potion"},{"floor":14.0,"key":"Block Potion"},{"floor":18.0,"key":"EssenceOfSteel"},{"floor":23.0,"key":"PowerPotion"},{"floor":30.0,"key":"Block Potion"}],"is_trial":false,"path_per_floor":["M","M","M","?","$","R","E","R","T","E","R","?","M","E","R","B",null,"M","M","?","M","?","E","R","R","T","$","M","E","M","E","R","B"],"character_chosen":"THE_SILENT","items_purchased":["Paper Crane"],"campfire_rested":3,"item_purchase_floors":[27],"current_hp_per_floor":[53,53,53,53,53,53,31,31,31,19,38,38,38,31,31,21,50,50,50,50,42,42,33,33,51,51,51,39,34,20,8,26,0],"gold":198,"neow_bonus":"ONE_RARE_RELIC","is_prod":false,"is_daily":false,"chose_seed":false,"campfire_upgraded":4,"win_rate":0,"timestamp":1561501213,"path_taken":["M","M","M","?","?","R","E","R","T","E","R","?","M","E","R","BOSS","M","M","?","M","?","E","R","R","T","$","M","E","M","E","R","BOSS"],"build_version":"2019-01-23","purchased_purges":1,"victory":false,"max_hp_per_floor":[66,66,66,66,66,66,66,66,66,66,66,60,60,60,60,60,60,60,60,60,60,60,60,60,60,60,60,60,60,60,60,60,60],"card_choices":[{"not_picked":["Riddle With Holes","Eviscerate"],"picked":"Dagger Throw","floor":1.0},{"not_picked":["Outmaneuver","Quick Slash"],"picked":"Crippling Poison","floor":2.0},{"not_picked":["PiercingWail","Acrobatics"],"picked":"Poisoned Stab","floor":3.0},{"not_picked":["Bane","Well Laid Plans"],"picked":"Corpse Explosion","floor":7.0},{"not_picked":["Expertise","Riddle With Holes","Eviscerate"],"picked":"SKIP","floor":10.0},{"not_picked":["Flying Knee","Finisher"],"picked":"Bane","floor":13.0},{"not_picked":["Blade Dance","Quick Slash"],"picked":"Glass Knife","floor":14.0},{"not_picked":["Die Die Die","Bullet Time"],"picked":"Malaise","floor":16.0},{"not_picked":["Concentrate","All Out Attack","Dodge and Roll"],"picked":"SKIP","floor":18.0},{"not_picked":["Calculated Gamble","Setup"],"picked":"Deadly Poison","floor":19.0},{"not_picked":["Terror","Flying Knee"],"picked":"PiercingWail","floor":21.0},{"not_picked":["Bane","Poisoned Stab","Sucker Punch"],"picked":"SKIP","floor":23.0},{"not_picked":["Bane","Deflect+1"],"picked":"Well Laid Plans","floor":28.0},{"not_picked":["Distraction+1","Prepared"],"picked":"Tools of the Trade","floor":29.0},{"not_picked":["Outmaneuver+1","Quick Slash","Cloak And Dagger"],"picked":"SKIP","floor":30.0},{"not_picked":["Reflex","Malaise"],"picked":"Leg Sweep","floor":31}],"player_experience":1538461,"relics_obtained":[{"floor":7.0,"key":"Bronze Scales"},{"floor":9.0,"key":"Bag of Preparation"},{"floor":10.0,"key":"Lantern"},{"floor":14.0,"key":"Bottled Lightning"},{"floor":23.0,"key":"Boot"},{"floor":26.0,"key":"Omamori"},{"floor":29.0,"key":"Shuriken"},{"floor":31,"key":"Blue Candle"}],"event_choices":[{"cards_removed":["Strike_G"],"damage_healed":0.0,"max_hp_gain":0.0,"max_hp_loss":0.0,"gold_gain":0.0,"event_name":"Wheel of Change","player_choice":"Card Removal","floor":4.0,"gold_loss":0.0,"damage_taken":0.0},{"damage_healed":0.0,"max_hp_gain":0.0,"max_hp_loss":6.0,"gold_gain":0.0,"event_name":"Golden Idol","player_choice":"Lose Max HP","floor":12.0,"gold_loss":0.0,"damage_taken":0.0,"relics_obtained":["Golden Idol"]},{"damage_healed":0.0,"max_hp_gain":0.0,"max_hp_loss":0.0,"gold_gain":50.0,"event_name":"Nest","player_choice":"Stole From Cult","floor":20.0,"gold_loss":0.0,"damage_taken":0.0},{"damage_healed":0.0,"max_hp_gain":0.0,"max_hp_loss":0.0,"gold_gain":0.0,"event_name":"Upgrade Shrine","player_choice":"Upgraded","floor":22.0,"gold_loss":0.0,"damage_taken":0.0,"cards_upgraded":["Malaise"]}],"is_beta":false,"boss_relics":[{"not_picked":["Ring of the Serpent","Busted Crown"],"picked":"Snecko Eye"}],"items_purged_floors":[27],"is_endless":false,"potions_floor_spawned":[1,2,14,18,23,29,30],"killed_by":"Champ","ascension_level":20}