{"gold_per_floor":[111,126,142,69,69,69,103,103,103,122,122,132,207,232,232,335,335,352,333,348,9,9,9,23,23,50,50,50,76,40,55,55,155,155,167,178,198,31,431,431,449,449,449,0,10,10,10],"floor_reached":47,"playtime":3383,"items_purged":[],"score":515,"play_id":"151c99f2-e122-4baa-a2e9-4ba933f7d5f1","local_time":"20190705233851","is_ascension_mode":true,"campfire_choices":[{"floor":6.0,"key":"RECALL"},{"floor":11.0,"key":"REST"},{"floor":15.0,"key":"REST"},{"floor":23.0,"key":"REST"},{"floor":27.0,"key":"REST"},{"floor":32.0,"key":"REST"},{"floor":40,"key":"REST"},{"floor":42,"key":"REST"}],"neow_cost":"NONE","seed_source_timestamp":0,"circlet_count":0,"master_deck":["Strike_B","Strike_B","Strike_B","Defend_B","Defend_B","Defend_B","Zap","Dualcast","Scrape","Scrape","Loop","Chill+1","Self Repair","Coolheaded+1","Beam Cell","Seek","FTL","Defragment","Go for the Eyes","Capacitor","Go for the Eyes","Creative AI","Defragment","Redo","Seek","Go for the Eyes+1","Scrape","Beam Cell","Gash","Ball Lightning+1","Tempest+1","Tempest+1"],"special_seed":0,"relics":["Cracked Core","DataDisk","Bottled Tornado","War Paint","Lizard Tail","Pear","MutagenicStrength","Bronze Scales","Gremlin Horn","Dodecahedron","Sozu","Anchor","Old Coin","Bottled Lightning","Red Mask"],"potions_floor_usage":[36],"damage_taken":[{"damage":0.0,"enemies":"Cultist","floor":1.0,"turns":3.0},{"damage":2.0,"enemies":"2 Louse","floor":2.0,"turns":2.0},{"damage":0.0,"enemies":"Small Slimes","floor":3.0,"turns":2.0},{"damage":36.0,"enemies":"Gremlin Nob","floor":7.0,"turns":4.0},{"damage":19.0,"enemies":"Exordium Wildlife","floor":10.0,"turns":6.0},{"damage":10.0,"enemies":"Exordium Thugs","floor":12.0,"turns":6.0},{"damage":42.0,"enemies":"The Guardian","floor":16.0,"turns":11.0},{"damage":4.0,"enemies":"Chosen","floor":18.0,"turns":4.0},{"damage":16.0,"enemies":"2 Thieves","floor":19.0,"turns":4.0},{"damage":38.0,"enemies":"Centurion and Healer","floor":20.0,"turns":8.0},{"damage":33.0,"enemies":"Snake Plant","floor":24.0,"turns":5.0},{"damage":20.0,"enemies":"Gremlin Leader","floor":29.0,"turns":7.0},{"damage":10.0,"enemies":"Cultist and Chosen","floor":31.0,"turns":9.0},{"damage":76.0,"enemies":"Collector","floor":33.0,"turns":14.0},{"damage":12,"enemies":"Orb Walker","floor":35,"turns":4},{"damage":42,"enemies":"3 Darklings","floor":36,"turns":6},{"damage":6,"enemies":"Sphere and 2 Shapes","floor":37,"turns":7},{"damage":18,"enemies":"Mind Bloom Boss Battle","floor":39,"turns":8},{"damage":53,"enemies":"Maw","floor":41,"turns":9},{"damage":8,"enemies":"4 Shapes","floor":45,"turns":5},{"damage":88,"enemies":"Writhing Mass","floor":47,"turns":4}],"seed_played":"-6187719888687432362","potions_obtained":[{"floor":1.0,"key":"Energy Potion"},{"floor":7.0,"key":"LiquidBronze"},{"floor":18.0,"key":"SkillPotion"},{"floor":24.0,"key":"PowerPotion"},{"floor":33.0,"key":"GamblersBrew"}],"is_trial":false,"path_per_floor":["M","M","M","$","?","R","E","?","T","M","R","M","?","T","R","B",null,"M","M","M","$","?","R","M","?","T","R","T","E","$","M","R","B",null,"M","M","M","$","?","R","M","R","T","?","M","?","M"],"character_chosen":"DEFECT","items_purchased":["Loop","Pear","Capacitor","Defragment","Anchor","Gash"],"campfire_rested":7,"item_purchase_floors":[4,21,21,30,38,38],"current_hp_per_floor":[75,73,73,73,66,66,30,30,30,18,40,37,26,26,48,13,75,75,59,28,38,38,63,37,37,37,62,62,49,49,46,71,49,85,80,45,46,46,35,60,14,39,39,39,38,74,0],"gold":10,"neow_bonus":"RANDOM_COMMON_RELIC","is_prod":false,"is_daily":false,"chose_seed":false,"campfire_upgraded":0,"win_rate":0,"timestamp":1562384331,"path_taken":["M","M","M","$","?","R","E","?","T","M","R","?","?","?","R","BOSS","M","M","M","$","?","R","M","?","T","R","?","E","$","M","R","BOSS","M","?","M","$","?","R","M","R","T","?","M","?","M"],"build_version":"2019-07-05","purchased_purges":0,"victory":false,"max_hp_per_floor":[75,75,75,75,75,75,75,75,75,75,75,75,75,75,75,75,75,75,75,75,85,85,85,85,85,85,85,85,85,85,85,85,85,85,85,85,85,85,85,85,85,85,85,85,85,74,74],"card_choices":[{"not_picked":["Heatsinks","Streamline","Rebound"],"picked":"SKIP","floor":1.0},{"not_picked":["Hologram","Sweeping Beam"],"picked":"Scrape","floor":2.0},{"not_picked":["Rebound","Gash"],"picked":"Scrape","floor":3.0},{"not_picked":["Loop","Heatsinks"],"picked":"Chill","floor":7.0},{"not_picked":["Hello World","Turbo"],"picked":"Coolheaded","floor":10.0},{"not_picked":["Stack","Rebound"],"picked":"Beam Cell","floor":12.0},{"not_picked":["Fission","Buffer"],"picked":"Seek","floor":16.0},{"not_picked":["Beam Cell","Leap"],"picked":"FTL","floor":18.0},{"not_picked":["Barrage+1","Coolheaded"],"picked":"Defragment","floor":19.0},{"not_picked":["Skim+1","Ball Lightning"],"picked":"Go for the Eyes","floor":20.0},{"not_picked":["Rebound","Ball Lightning+1"],"picked":"Go for the Eyes","floor":24.0},{"not_picked":["Genetic Algorithm","Barrage"],"picked":"Creative AI","floor":29.0},{"not_picked":["Fusion","Rebound"],"picked":"Redo","floor":31.0},{"not_picked":["Thunder Strike","Biased Cognition"],"picked":"Seek","floor":33.0},{"not_picked":["FTL","Conserve Battery+1"],"picked":"Go for the Eyes+1","floor":35},{"not_picked":["Skim","Storm"],"picked":"Scrape","floor":36},{"not_picked":["Redo","Steam Power"],"picked":"Beam Cell","floor":37},{"not_picked":["Stack+1","Hologram+1"],"picked":"Ball Lightning+1","floor":39},{"not_picked":["Rebound+1","Conserve Battery+1"],"picked":"Tempest+1","floor":41},{"not_picked":["Rebound","Chill+1"],"picked":"Tempest+1","floor":45}],"player_experience":185942,"relics_obtained":[{"floor":7.0,"key":"Bottled Tornado"},{"floor":14.0,"key":"War Paint"},{"floor":26.0,"key":"Bronze Scales"},{"floor":28.0,"key":"Gremlin Horn"},{"floor":29.0,"key":"Dodecahedron"},{"floor":39,"key":"Old Coin"},{"floor":43,"key":"Bottled Lightning"}],"event_choices":[{"cards_removed":["Strike_B"],"damage_healed":0.0,"max_hp_gain":0.0,"max_hp_loss":0.0,"gold_gain":0.0,"event_name":"Golden Wing","player_choice":"Card Removal","floor":5.0,"gold_loss":0.0,"damage_taken":7.0},{"damage_healed":0.0,"max_hp_gain":0.0,"max_hp_loss":0.0,"gold_gain":0.0,"cards_transformed":["Defend_B"],"event_name":"Transmorgrifier","player_choice":"Transformed","floor":8.0,"gold_loss":0.0,"damage_taken":0.0,"cards_obtained":["Self Repair"]},{"damage_healed":0.0,"max_hp_gain":0.0,"max_hp_loss":0.0,"gold_gain":75.0,"event_name":"World of Goop","player_choice":"Gather Gold","floor":13.0,"gold_loss":0.0,"damage_taken":11.0},{"damage_healed":0.0,"max_hp_gain":0.0,"max_hp_loss":0.0,"gold_gain":0.0,"event_name":"Drug Dealer","player_choice":"Inject Mutagens","floor":25.0,"gold_loss":0.0,"damage_taken":0.0,"relics_obtained":["MutagenicStrength"]},{"damage_healed":0,"gold_gain":0,"player_choice":"Fight","damage_taken":0,"max_hp_gain":0,"max_hp_loss":0,"event_name":"MindBloom","floor":39,"gold_loss":0},{"damage_healed":0,"gold_gain":0,"player_choice":"Paid","damage_taken":0,"relics_obtained":["Red Mask"],"max_hp_gain":0,"max_hp_loss":0,"event_name":"Tomb of Lord Red Mask","floor":44,"gold_loss":449},{"damage_healed":74,"gold_gain":0,"player_choice":"Heal","damage_taken":0,"max_hp_gain":0,"max_hp_loss":11,"event_name":"The Moai Head","floor":46,"gold_loss":0}],"is_beta":false,"boss_relics":[{"not_picked":["Coffee Dripper","Calling Bell"],"picked":"Lizard Tail"},{"not_picked":["Velvet Choker","Pandora\u0027s Box"],"picked":"Sozu"}],"items_purged_floors":[],"is_endless":false,"potions_floor_spawned":[1,7,18,24,33,35,37,41],"killed_by":"Writhing Mass","ascension_level":2}