{"gold_per_floor":[119,138,152,162,132,132,132,145,168,184,217,236,248,262,262,363,363,375,60,85,99,115,115,174,189,189,209,227,227,2,14,14,111,111,131,131,148,148,159,159,179,179,204,219,219],"floor_reached":45,"playtime":4028,"items_purged":[],"score":575,"play_id":"2673ab30-4cbb-45df-a136-0e5fcc073709","local_time":"20190626015823","is_ascension_mode":true,"campfire_choices":[{"floor":7.0,"key":"REST"},{"floor":15.0,"key":"REST"},{"floor":23.0,"key":"RECALL"},{"floor":32.0,"key":"REST"},{"floor":40.0,"key":"REST"}],"neow_cost":"PERCENT_DAMAGE","seed_source_timestamp":0,"circlet_count":0,"master_deck":["Strike_B","Strike_B","Strike_B","Defend_B","Defend_B","Defend_B","Defend_B","Zap","Dualcast","Conserve Battery","Hello World","Redo","Steam","Zap","Chill","Melter","Hello World","Coolheaded","Conserve Battery","Stack","Rainbow","Defragment","Capacitor","Redo","Coolheaded","Self Repair+1","BootSequence","Loop","BootSequence+1","Scrape","Biased Cognition","Biased Cognition","Static Discharge","BootSequence+1","Sunder","Cold Snap","Cold Snap","Electrodynamics","Barrage+1","Writhe","BootSequence","Turbo","Sunder+1"],"special_seed":0,"relics":["Cracked Core","Dead Branch","Happy Flower","Lizard Tail","Mercury Hourglass","Red Mask","Tiny Chest","Mummified Hand","Boot","Orrery","Regal Pillow"],"potions_floor_usage":[],"damage_taken":[{"damage":0.0,"enemies":"Cultist","floor":1.0,"turns":3.0},{"damage":2.0,"enemies":"Jaw Worm","floor":2.0,"turns":3.0},{"damage":7.0,"enemies":"Small Slimes","floor":3.0,"turns":3.0},{"damage":15.0,"enemies":"Gremlin Gang","floor":4.0,"turns":5.0},{"damage":6.0,"enemies":"Looter","floor":5.0,"turns":4.0},{"damage":9.0,"enemies":"Red Slaver","floor":8.0,"turns":3.0},{"damage":0.0,"enemies":"Large Slime","floor":10.0,"turns":5.0},{"damage":2.0,"enemies":"Lagavulin","floor":11.0,"turns":8.0},{"damage":9.0,"enemies":"Exordium Thugs","floor":12.0,"turns":5.0},{"damage":4.0,"enemies":"3 Louse","floor":13.0,"turns":4.0},{"damage":0.0,"enemies":"Blue Slaver","floor":14.0,"turns":4.0},{"damage":19.0,"enemies":"Slime Boss","floor":16.0,"turns":10.0},{"damage":7.0,"enemies":"Chosen","floor":18.0,"turns":6.0},{"damage":1.0,"enemies":"Masked Bandits","floor":20.0,"turns":5.0},{"damage":1.0,"enemies":"3 Byrds","floor":21.0,"turns":4.0},{"damage":13.0,"enemies":"Centurion and Healer","floor":22.0,"turns":6.0},{"damage":19.0,"enemies":"Gremlin Leader","floor":24.0,"turns":12.0},{"damage":21.0,"enemies":"Snake Plant","floor":25.0,"turns":5.0},{"damage":13.0,"enemies":"Sentry and Sphere","floor":27.0,"turns":4.0},{"damage":10.0,"enemies":"Chosen and Byrds","floor":28.0,"turns":6.0},{"damage":0.0,"enemies":"Centurion and Healer","floor":31.0,"turns":9.0},{"damage":60.0,"enemies":"Automaton","floor":33.0,"turns":14.0},{"damage":0.0,"enemies":"Orb Walker","floor":35.0,"turns":5.0},{"damage":22.0,"enemies":"3 Darklings","floor":37.0,"turns":6.0},{"damage":33.0,"enemies":"4 Shapes","floor":39.0,"turns":4.0},{"damage":11.0,"enemies":"Maw","floor":41.0,"turns":11.0},{"damage":0.0,"enemies":"Nemesis","floor":42.0,"turns":4.0},{"damage":40,"enemies":"3 Darklings","floor":44,"turns":4},{"damage":38,"enemies":"Giant Head","floor":45,"turns":6}],"seed_played":"-1875520689790987475","potions_obtained":[{"floor":1.0,"key":"Weak Potion"},{"floor":2.0,"key":"Poison Potion"},{"floor":11.0,"key":"SpeedPotion"},{"floor":12.0,"key":"Swift Potion"},{"floor":16.0,"key":"Fire Potion"},{"floor":18.0,"key":"Fire Potion"},{"floor":21.0,"key":"Weak Potion"},{"floor":28.0,"key":"EssenceOfSteel"},{"floor":31.0,"key":"SmokeBomb"},{"floor":33.0,"key":"Fire Potion"},{"floor":39.0,"key":"Energy Potion"}],"is_trial":false,"path_per_floor":["M","M","M","M","M","?","R","M","T","M","E","M","M","M","R","B",null,"M","$","?","M","M","R","E","M","T","M","M","?","$","M","R","B",null,"M","?","M","?","M","R","M","E","T","M","E"],"character_chosen":"DEFECT","items_purchased":["Capacitor","Mercury Hourglass","EssenceOfSteel","Boot"],"campfire_rested":4,"item_purchase_floors":[19,19,30,30],"current_hp_per_floor":[54,52,45,30,24,24,46,37,37,37,35,26,22,22,44,25,75,68,68,67,66,53,53,44,33,33,20,20,20,20,30,52,47,75,75,75,63,75,52,74,73,75,75,35,0],"gold":219,"neow_bonus":"ONE_RARE_RELIC","is_prod":false,"is_daily":false,"chose_seed":false,"campfire_upgraded":0,"win_rate":0,"timestamp":1561528703,"path_taken":["M","M","M","?","M","?","R","M","T","M","E","M","?","M","R","BOSS","M","$","?","M","M","R","E","M","T","M","M","?","$","?","R","BOSS","M","?","?","?","M","R","M","E","T","M","E"],"build_version":"2019-01-23","purchased_purges":0,"victory":false,"max_hp_per_floor":[75,75,75,75,75,75,75,75,75,75,75,75,75,75,75,75,75,75,75,75,75,75,75,75,75,75,75,75,75,75,75,75,75,75,75,75,75,75,75,75,75,75,75,75,75],"card_choices":[{"not_picked":["Ball Lightning","Recycle"],"picked":"Conserve Battery","floor":1.0},{"not_picked":["Barrage","Steam"],"picked":"Hello World","floor":2.0},{"not_picked":["Rebound","Lockon"],"picked":"Redo","floor":3.0},{"not_picked":["Recycle","Core Surge"],"picked":"Steam","floor":4.0},{"not_picked":["Beam Cell","Steam Power","Undo"],"picked":"SKIP","floor":5.0},{"not_picked":["Stack","Compile Driver"],"picked":"Chill","floor":8.0},{"not_picked":["Compile Driver","Conserve Battery"],"picked":"Melter","floor":10.0},{"not_picked":["FTL","Sweeping Beam"],"picked":"Hello World","floor":11.0},{"not_picked":["Barrage","Loop"],"picked":"Coolheaded","floor":12.0},{"not_picked":["Genetic Algorithm","Meteor Strike"],"picked":"Conserve Battery","floor":13.0},{"not_picked":["Ball Lightning","Conserve Battery"],"picked":"Stack","floor":14.0},{"not_picked":["Machine Learning","Reboot"],"picked":"Rainbow","floor":16.0},{"not_picked":["Doom and Gloom","Streamline+1"],"picked":"Defragment","floor":18.0},{"not_picked":["Gash","Lockon"],"picked":"Redo","floor":20.0},{"not_picked":["Rebound","Steam Power"],"picked":"Coolheaded","floor":21.0},{"not_picked":["Go for the Eyes+1","Undo"],"picked":"Self Repair+1","floor":22.0},{"not_picked":["Scrape","Redo"],"picked":"BootSequence","floor":24.0},{"not_picked":["Sweeping Beam+1","Rebound+1"],"picked":"Loop","floor":25.0},{"not_picked":["Gash","Streamline"],"picked":"BootSequence+1","floor":27.0},{"not_picked":["Blizzard+1","Compile Driver","Beam Cell"],"picked":"SKIP","floor":28.0},{"not_picked":["Rebound","Streamline"],"picked":"Biased Cognition","floor":31.0},{"not_picked":["Hyperbeam","Fission"],"picked":"Biased Cognition","floor":33.0},{"not_picked":["Streamline","Beam Cell"],"picked":"Static Discharge","floor":34.0},{"not_picked":["Go for the Eyes","Cold Snap"],"picked":"BootSequence+1","floor":34.0},{"not_picked":["Stack","Coolheaded+1"],"picked":"Sunder","floor":34.0},{"not_picked":["Coolheaded+1","Conserve Battery"],"picked":"Cold Snap","floor":34.0},{"not_picked":["Streamline","Genetic Algorithm+1"],"picked":"Cold Snap","floor":34.0},{"not_picked":["Sweeping Beam","Hyperbeam","Aggregate+1"],"picked":"SKIP","floor":35.0},{"not_picked":["Turbo","Go for the Eyes"],"picked":"Barrage+1","floor":37.0},{"not_picked":["Conserve Battery","Heatsinks+1"],"picked":"BootSequence","floor":39.0},{"not_picked":["Chaos","Gash+1"],"picked":"Turbo","floor":41.0},{"not_picked":["Hologram+1","BootSequence"],"picked":"Sunder+1","floor":44}],"player_experience":128957,"relics_obtained":[{"floor":11.0,"key":"Happy Flower"},{"floor":20.0,"key":"Red Mask"},{"floor":24.0,"key":"Tiny Chest"},{"floor":26.0,"key":"Mummified Hand"},{"floor":43.0,"key":"Regal Pillow"}],"event_choices":[{"damage_healed":0.0,"max_hp_gain":0.0,"max_hp_loss":0.0,"gold_gain":0.0,"event_name":"Match and Keep!","player_choice":"1 cards matched","floor":6.0,"gold_loss":0.0,"damage_taken":0.0,"cards_obtained":["Zap"]},{"damage_healed":0.0,"max_hp_gain":0.0,"max_hp_loss":0.0,"gold_gain":0.0,"event_name":"Masked Bandits","player_choice":"Fought Bandits","floor":20.0,"gold_loss":0.0,"damage_taken":0.0},{"damage_healed":0.0,"max_hp_gain":0.0,"max_hp_loss":0.0,"gold_gain":0.0,"cards_transformed":["Strike_B"],"event_name":"Transmorgrifier","player_choice":"Transformed","floor":29.0,"gold_loss":0.0,"damage_taken":0.0,"cards_obtained":["Scrape"]},{"damage_healed":0.0,"max_hp_gain":0.0,"max_hp_loss":0.0,"gold_gain":0.0,"event_name":"Match and Keep!","player_choice":"1 cards matched","floor":36.0,"gold_loss":0.0,"damage_taken":0.0,"cards_obtained":["Electrodynamics"]},{"damage_healed":19.0,"max_hp_gain":0.0,"max_hp_loss":0.0,"gold_gain":0.0,"event_name":"Winding Halls","player_choice":"Writhe","floor":38.0,"gold_loss":0.0,"damage_taken":0.0,"cards_obtained":["Writhe"]}],"is_beta":false,"boss_relics":[{"not_picked":["Fusion Hammer","Nuclear Battery"],"picked":"Lizard Tail"},{"not_picked":["Coffee Dripper","Astrolabe"],"picked":"Orrery"}],"items_purged_floors":[],"is_endless":false,"potions_floor_spawned":[1,2,11,12,16,18,21,28,31,33,39],"killed_by":"Giant Head","ascension_level":2}