{"gold_per_floor":[115,115,126,126,226,226,252,252,252,265,265,275,308,121,121,193,193,171,184,211,211,211,211,211,211,211,241,241,100,100,100,100,172,172,192,208,208,223,112,140,140,167,167,267,292,292,292,312,312,312],"floor_reached":50,"playtime":3736,"items_purged":["Strike_G","Strike_G"],"score":1200,"play_id":"ac1c7e0c-062d-4b98-a69e-2f4411276a75","local_time":"20190504130951","is_ascension_mode":true,"campfire_choices":[{"data":"Deadly Poison","floor":6.0,"key":"SMITH"},{"floor":8.0,"key":"REST"},{"data":"Neutralize","floor":15.0,"key":"SMITH"},{"data":"Wraith Form v2","floor":23.0,"key":"SMITH"},{"floor":25.0,"key":"REST"},{"data":"Well Laid Plans","floor":28.0,"key":"SMITH"},{"data":"Bouncing Flask","floor":30.0,"key":"SMITH"},{"data":"Calculated Gamble","floor":32.0,"key":"SMITH"},{"data":"After Image","floor":41.0,"key":"SMITH"},{"floor":46.0,"key":"RECALL"},{"floor":49.0,"key":"REST"}],"neow_cost":"NONE","seed_source_timestamp":39486330712868,"circlet_count":0,"master_deck":["AscendersBane","Defend_G","Defend_G","Defend_G","Defend_G","Survivor","Neutralize+1","Deadly Poison+1","Bouncing Flask+1","Calculated Gamble+1","Deadly Poison","Well Laid Plans+1","PiercingWail","Wraith Form v2+1","Masterful Stab","Malaise","Infinite Blades","Wraith Form v2+1","After Image+1","Underhanded Strike+1","Well Laid Plans+1","Reflex+1","Blade Dance+1","Calculated Gamble","Infinite Blades","Finisher"],"special_seed":0,"relics":["Ring of the Snake","NeowsBlessing","Ancient Tea Set","Matryoshka","Regal Pillow","Centennial Puzzle","Nunchaku","Busted Crown","Red Mask","Juzu Bracelet","Mummified Hand","Gremlin Horn","Meat on the Bone","Astrolabe","Ornamental Fan","Bottled Lightning","Shovel","Prayer Wheel","Art of War"],"potions_floor_usage":[],"damage_taken":[{"damage":0.0,"enemies":"Jaw Worm","floor":1.0,"turns":1.0},{"damage":0.0,"enemies":"2 Louse","floor":3.0,"turns":1.0},{"damage":0.0,"enemies":"Gremlin Nob","floor":7.0,"turns":1.0},{"damage":0.0,"enemies":"Cultist","floor":10.0,"turns":2.0},{"damage":7.0,"enemies":"3 Louse","floor":12.0,"turns":4.0},{"damage":12.0,"enemies":"Lagavulin","floor":13.0,"turns":5.0},{"damage":2.0,"enemies":"Hexaghost","floor":16.0,"turns":8.0},{"damage":12.0,"enemies":"2 Thieves","floor":18.0,"turns":4.0},{"damage":12.0,"enemies":"Shell Parasite","floor":19.0,"turns":4.0},{"damage":5.0,"enemies":"Masked Bandits","floor":20.0,"turns":5.0},{"damage":5.0,"enemies":"Gremlin Leader","floor":27.0,"turns":7.0},{"damage":15.0,"enemies":"Champ","floor":33.0,"turns":14.0},{"damage":7.0,"enemies":"Orb Walker","floor":35.0,"turns":4.0},{"damage":0.0,"enemies":"3 Darklings","floor":36.0,"turns":5.0},{"damage":0.0,"enemies":"Maw","floor":38.0,"turns":7.0},{"damage":1.0,"enemies":"Reptomancer","floor":40.0,"turns":6.0},{"damage":10.0,"enemies":"Nemesis","floor":42.0,"turns":7.0},{"damage":0.0,"enemies":"Mind Bloom Boss Battle","floor":44.0,"turns":8.0},{"damage":0.0,"enemies":"Reptomancer","floor":45.0,"turns":8.0},{"damage":15.0,"enemies":"Spire Growth","floor":48.0,"turns":7.0},{"damage":75,"enemies":"Donu and Deca","floor":50,"turns":8}],"seed_played":"3589522234653066316","potions_obtained":[{"floor":7.0,"key":"Fire Potion"},{"floor":10.0,"key":"Ancient Potion"},{"floor":12.0,"key":"Block Potion"},{"floor":13.0,"key":"Explosive Potion"},{"floor":19.0,"key":"Fire Potion"},{"floor":33.0,"key":"Ancient Potion"},{"floor":38.0,"key":"Fire Potion"},{"floor":40.0,"key":"FearPotion"},{"floor":42.0,"key":"PowerPotion"}],"is_trial":false,"path_per_floor":["M","?","M","?","?","R","E","R","T","M","?","M","E","$","R","B",null,"M","M","?","T","?","R","?","R","T","E","R","$","R","?","R","B",null,"M","M","T","M","$","E","R","E","T","?","E","R","?","M","R","B"],"character_chosen":"THE_SILENT","items_purchased":["Well Laid Plans","PiercingWail","Infinite Blades","Infinite Blades","Finisher"],"campfire_rested":3,"item_purchase_floors":[14,14,29,39,39],"current_hp_per_floor":[59,52,52,26,26,26,26,45,45,45,50,43,31,31,31,29,61,49,37,32,32,32,32,12,49,49,44,44,44,44,44,44,41,67,60,60,60,60,60,59,59,49,49,49,49,49,49,46,72,0],"gold":312,"neow_bonus":"THREE_ENEMY_KILL","is_prod":false,"is_daily":false,"chose_seed":false,"campfire_upgraded":7,"win_rate":0,"timestamp":1556989791,"path_taken":["M","?","M","?","?","R","E","R","T","?","?","M","E","?","R","BOSS","M","M","?","?","?","R","?","R","T","E","R","$","R","?","R","BOSS","M","M","?","M","$","E","R","E","T","?","E","R","?","M","R","BOSS"],"build_version":"2019-01-23","purchased_purges":2,"victory":false,"max_hp_per_floor":[66,66,66,66,66,66,66,66,66,66,71,71,71,71,71,71,71,71,71,71,71,71,71,76,76,76,76,76,76,76,76,76,76,76,76,76,76,76,76,76,76,76,76,76,76,76,72,72,72,72],"card_choices":[{"not_picked":["PiercingWail","Cloak And Dagger"],"picked":"Deadly Poison","floor":1.0},{"not_picked":["Finisher","Terror"],"picked":"Slice","floor":3.0},{"not_picked":["Dodge and Roll","Underhanded Strike"],"picked":"Bouncing Flask","floor":7.0},{"not_picked":["Slice","Cloak And Dagger","Finisher"],"picked":"SKIP","floor":10.0},{"not_picked":["Riddle With Holes","Sucker Punch"],"picked":"Calculated Gamble","floor":12.0},{"not_picked":["Dagger Spray","Acrobatics"],"picked":"Deadly Poison","floor":13.0},{"not_picked":["Venomology","Die Die Die"],"picked":"Wraith Form v2","floor":16.0},{"not_picked":["Dagger Throw"],"picked":"SKIP","floor":18.0},{"not_picked":["Slice"],"picked":"SKIP","floor":19.0},{"not_picked":[],"picked":"Masterful Stab","floor":20.0},{"not_picked":["Sucker Punch"],"picked":"SKIP","floor":27.0},{"not_picked":[],"picked":"After Image","floor":33.0},{"not_picked":[],"picked":"Blade Dance+1","floor":35.0},{"not_picked":[],"picked":"Calculated Gamble","floor":36.0},{"not_picked":["Well Laid Plans"],"picked":"SKIP","floor":38.0},{"not_picked":["Outmaneuver"],"picked":"SKIP","floor":40.0},{"not_picked":["Sucker Punch"],"picked":"SKIP","floor":42.0},{"not_picked":["Terror"],"picked":"SKIP","floor":45.0},{"not_picked":["Dagger Throw"],"picked":"SKIP","floor":48.0},{"not_picked":["Flying Knee"],"picked":"SKIP","floor":48.0}],"player_experience":1180247,"relics_obtained":[{"floor":7.0,"key":"Matryoshka"},{"floor":9.0,"key":"Regal Pillow"},{"floor":9.0,"key":"Centennial Puzzle"},{"floor":13.0,"key":"Nunchaku"},{"floor":20.0,"key":"Red Mask"},{"floor":21.0,"key":"Juzu Bracelet"},{"floor":21.0,"key":"Mummified Hand"},{"floor":26.0,"key":"Gremlin Horn"},{"floor":27.0,"key":"Meat on the Bone"},{"floor":40.0,"key":"Ornamental Fan"},{"floor":42.0,"key":"Bottled Lightning"},{"floor":43.0,"key":"Shovel"},{"floor":44.0,"key":"Prayer Wheel"},{"floor":45.0,"key":"Art of War"}],"event_choices":[{"cards_removed":["Strike_G"],"damage_healed":0.0,"max_hp_gain":0.0,"max_hp_loss":0.0,"gold_gain":0.0,"event_name":"Golden Wing","player_choice":"Card Removal","floor":2.0,"gold_loss":0.0,"damage_taken":7.0},{"damage_healed":0.0,"max_hp_gain":0.0,"max_hp_loss":0.0,"gold_gain":0.0,"event_name":"Scrap Ooze","player_choice":"Success","floor":4.0,"gold_loss":0.0,"damage_taken":26.0,"relics_obtained":["Ancient Tea Set"]},{"damage_healed":0.0,"max_hp_gain":0.0,"max_hp_loss":0.0,"gold_gain":100.0,"event_name":"Wheel of Change","player_choice":"Gold","floor":5.0,"gold_loss":0.0,"damage_taken":0.0},{"damage_healed":0.0,"max_hp_gain":5.0,"max_hp_loss":0.0,"gold_gain":0.0,"event_name":"Big Fish","player_choice":"Donut","floor":11.0,"gold_loss":0.0,"damage_taken":0.0},{"damage_healed":0.0,"max_hp_gain":0.0,"max_hp_loss":0.0,"gold_gain":0.0,"event_name":"Masked Bandits","player_choice":"Fought Bandits","floor":20.0,"gold_loss":0.0,"damage_taken":0.0},{"damage_healed":0.0,"max_hp_gain":0.0,"max_hp_loss":0.0,"gold_gain":0.0,"cards_transformed":["Strike_G","Strike_G"],"event_name":"Drug Dealer","player_choice":"Became Test Subject","floor":22.0,"gold_loss":0.0,"damage_taken":0.0,"cards_obtained":["Unload","Malaise"]},{"damage_healed":0.0,"max_hp_gain":5.0,"max_hp_loss":0.0,"gold_gain":0.0,"event_name":"Forgotten Altar","player_choice":"Shed Blood","floor":24.0,"gold_loss":0.0,"damage_taken":25.0},{"damage_healed":0.0,"max_hp_gain":0.0,"max_hp_loss":0.0,"gold_gain":0.0,"event_name":"Duplicator","player_choice":"Copied","floor":31.0,"gold_loss":0.0,"damage_taken":0.0,"cards_obtained":["Wraith Form v2"]},{"damage_healed":0.0,"max_hp_gain":0.0,"max_hp_loss":0.0,"gold_gain":0.0,"event_name":"MindBloom","player_choice":"Fight","floor":44.0,"gold_loss":0.0,"damage_taken":0.0},{"damage_healed":0.0,"max_hp_gain":0.0,"max_hp_loss":4.0,"gold_gain":0.0,"event_name":"Winding Halls","player_choice":"Max HP","floor":47.0,"gold_loss":0.0,"damage_taken":0.0}],"is_beta":false,"boss_relics":[{"not_picked":["Runic Pyramid","Fusion Hammer"],"picked":"Busted Crown"},{"not_picked":["Velvet Choker","Empty Cage"],"picked":"Astrolabe"}],"items_purged_floors":[14,29],"is_endless":false,"potions_floor_spawned":[7,10,12,13,18,19,33,38,40,42,44],"killed_by":"Donu and Deca","ascension_level":20}