{"gold_per_floor":[112,132,28,28,46,76,76,88,88,13,23,48,48,73,73,170,170,95,106,31,48,67,67,84,11,35,35,35,63,63,91,91,192,192,205,205,223,236,136,136,155,186,186,215,215,90,102,114,114,114],"floor_reached":51,"playtime":4246,"items_purged":["Strike_R","Defend_R","Bash"],"score":1166,"play_id":"eaca7013-ba2b-46b8-8b20-da605c40dcef","local_time":"20180829224215","is_ascension_mode":true,"campfire_choices":[{"floor":7,"key":"REST"},{"data":"True Grit","floor":13,"key":"SMITH"},{"data":"Clothesline","floor":15,"key":"SMITH"},{"data":"Evolve","floor":23,"key":"SMITH"},{"data":"Barricade","floor":27,"key":"SMITH"},{"data":"Feel No Pain","floor":32,"key":"SMITH"},{"data":"Body Slam","floor":40,"key":"SMITH"},{"data":"Shrug It Off","floor":45,"key":"SMITH"},{"floor":49,"key":"REST"}],"neow_cost":"","seed_source_timestamp":1189430831898159,"circlet_count":0,"master_deck":["Defend_R","Defend_R","Defend_R","Shrug It Off+1","True Grit+1","Clothesline+1","Feel No Pain+1","Power Through+1","Evolve+1","Armaments+1","Intimidate+1","Headbutt","Barricade+1","True Grit+1","Body Slam+1","True Grit+1","Battle Trance+1","Shrug It Off+1","Entrench+1","True Grit+1","Sentinel+1","Body Slam+1","Offering+1","Warcry+1"],"relics":["Burning Blood","Torii","Toxic Egg 2","Bottled Tornado","Pear","Magic Flower","Sozu","Bag of Marbles","Molten Egg 2","Oddly Smooth Stone","Blood Vial","Empty Cage","Potion Belt","Shuriken","Red Skull"],"potions_floor_usage":[6,8,14,16,24,31],"damage_taken":[{"damage":8,"enemies":"2 Louse","floor":1,"turns":4},{"damage":6,"enemies":"Jaw Worm","floor":2,"turns":6},{"damage":1,"enemies":"Small Slimes","floor":5,"turns":4},{"damage":36,"enemies":"Gremlin Nob","floor":6,"turns":6},{"damage":3,"enemies":"Red Slaver","floor":8,"turns":6},{"damage":12,"enemies":"Large Slime","floor":11,"turns":11},{"damage":2,"enemies":"3 Sentries","floor":12,"turns":11},{"damage":56,"enemies":"Gremlin Nob","floor":14,"turns":7},{"damage":20,"enemies":"The Guardian","floor":16,"turns":20},{"damage":17,"enemies":"2 Thieves","floor":18,"turns":5},{"damage":15,"enemies":"3 Byrds","floor":19,"turns":13},{"damage":1,"enemies":"Snake Plant","floor":21,"turns":7},{"damage":0,"enemies":"Snecko","floor":22,"turns":8},{"damage":2,"enemies":"Centurion and Healer","floor":24,"turns":9},{"damage":1,"enemies":"Book of Stabbing","floor":29,"turns":8},{"damage":15,"enemies":"Slavers","floor":31,"turns":6},{"damage":0,"enemies":"Automaton","floor":33,"turns":8},{"damage":23,"enemies":"Flame Bruiser 1 Orb","floor":35,"turns":7},{"damage":1,"enemies":"3 Darklings","floor":37,"turns":9},{"damage":0,"enemies":"Transient","floor":38,"turns":5},{"damage":0,"enemies":"Sphere and 2 Shapes","floor":41,"turns":7},{"damage":15,"enemies":"2 Orb Walkers","floor":42,"turns":8},{"damage":0,"enemies":"Nemesis","floor":44,"turns":7},{"damage":7,"enemies":"Spire Growth","floor":47,"turns":3},{"damage":26,"enemies":"3 Darklings","floor":48,"turns":7},{"damage":26,"enemies":"Awakened One","floor":50,"turns":8}],"seed_played":"-8769498062645495672","potions_obtained":[{"floor":1,"key":"Block Potion"},{"floor":6,"key":"Weak Potion"},{"floor":11,"key":"SteroidPotion"},{"floor":12,"key":"BloodPotion"},{"floor":14,"key":"Dexterity Potion"},{"floor":16,"key":"PowerPotion"}],"is_trial":false,"path_per_floor":["M","M","$","?","M","E","R","M","T","$","M","E","R","E","R","B",null,"M","M","?","M","M","R","M","$","T","R","?","E","$","E","R","B",null,"M","?","M","M","$","R","M","E","T","E","R","$","M","M","R","B"],"character_chosen":"IRONCLAD","items_purchased":["True Grit","Clothesline","Battle Trance+1"],"campfire_rested":2,"item_purchase_floors":[3,3,25],"current_hp_per_floor":[70,70,70,52,57,27,51,54,54,54,48,62,62,21,21,10,70,62,56,56,64,73,73,80,80,80,80,80,88,88,82,82,90,90,76,76,87,90,90,90,90,84,84,90,90,90,90,73,90,73],"gold":114,"neow_bonus":"","is_prod":false,"is_daily":false,"chose_seed":false,"campfire_upgraded":7,"win_rate":0,"timestamp":1535596935,"path_taken":["M","M","$","?","M","E","R","?","T","?","M","E","R","E","R","BOSS","M","M","?","M","?","R","M","?","T","R","?","E","$","E","R","BOSS","M","?","M","?","?","R","?","E","T","E","R","$","?","M","R","BOSS"],"build_version":"2018-08-23v2","purchased_purges":3,"victory":true,"max_hp_per_floor":[80,80,80,80,80,80,80,80,80,80,80,90,90,90,90,90,90,90,90,90,90,90,90,90,90,90,90,90,90,90,90,90,90,90,90,90,90,90,90,90,90,90,90,90,90,90,90,90,90,90],"card_choices":[{"not_picked":["Second Wind","Burning Pact"],"picked":"Shrug It Off","floor":1},{"not_picked":["Heavy Blade","Dual Wield","Flex"],"picked":"SKIP","floor":2},{"not_picked":["Searing Blow","Pommel Strike"],"picked":"Feel No Pain","floor":5},{"not_picked":["Fire Breathing","Anger"],"picked":"Power Through","floor":6},{"not_picked":["Flex+1","Cleave"],"picked":"Evolve","floor":8},{"not_picked":["Offering+1","Anger"],"picked":"Armaments+1","floor":11},{"not_picked":["Searing Blow","Sword Boomerang"],"picked":"Intimidate+1","floor":12},{"not_picked":["Heavy Blade","Rupture"],"picked":"Headbutt","floor":14},{"not_picked":["Impervious+1","Dark Embrace"],"picked":"Barricade","floor":16},{"not_picked":["Uppercut","Bloodletting+1"],"picked":"True Grit+1","floor":18},{"not_picked":["Twin Strike","Pommel Strike"],"picked":"Body Slam","floor":19},{"not_picked":["Twin Strike","Sword Boomerang","Clothesline"],"picked":"SKIP","floor":21},{"not_picked":["Clothesline+1","Wild Strike+1","Rampage"],"picked":"SKIP","floor":22},{"not_picked":["Clothesline+1","Clash"],"picked":"True Grit+1","floor":24},{"not_picked":["Barricade","Clothesline+1"],"picked":"Shrug It Off+1","floor":29},{"not_picked":["Flex+1","Dropkick+1"],"picked":"Entrench+1","floor":31},{"not_picked":["Body Slam+1","Flex+1"],"picked":"True Grit+1","floor":35},{"not_picked":["Body Slam+1","True Grit+1"],"picked":"Sentinel+1","floor":37},{"not_picked":["Infernal Blade+1","Burning Pact+1","Twin Strike+1"],"picked":"SKIP","floor":38},{"not_picked":["Havoc+1","Whirlwind+1","Clothesline+1"],"picked":"SKIP","floor":41},{"not_picked":["Perfected Strike+1","Fire Breathing"],"picked":"Body Slam+1","floor":42},{"not_picked":["Pummel+1","Whirlwind+1"],"picked":"Offering+1","floor":44},{"not_picked":["Clothesline+1","Flex+1","Wild Strike+1"],"picked":"SKIP","floor":47},{"not_picked":["Headbutt+1","Twin Strike+1"],"picked":"Warcry+1","floor":48}],"player_experience":303774,"relics_obtained":[{"floor":6,"key":"Toxic Egg 2"},{"floor":9,"key":"Bottled Tornado"},{"floor":12,"key":"Pear"},{"floor":14,"key":"Magic Flower"},{"floor":26,"key":"Bag of Marbles"},{"floor":28,"key":"Molten Egg 2"},{"floor":29,"key":"Oddly Smooth Stone"},{"floor":31,"key":"Blood Vial"},{"floor":42,"key":"Potion Belt"},{"floor":43,"key":"Shuriken"},{"floor":44,"key":"Red Skull"}],"event_choices":[{"event_name":"Scrap Ooze","player_choice":"success","floor":4,"damage_taken":18},{"event_name":"Beggar","player_choice":"Gave Gold","floor":20,"damage_taken":0},{"event_name":"Wheel of Change","player_choice":"Relic","floor":28,"damage_taken":0},{"event_name":"Falling","player_choice":"Removed Attack","floor":36,"damage_taken":0}],"is_beta":false,"boss_relics":[{"not_picked":["Calling Bell","White Beast Statue"],"picked":"Sozu"},{"not_picked":["Fusion Hammer","Tiny House"],"picked":"Empty Cage"}],"items_purged_floors":[10,39,46],"is_endless":false,"potions_floor_spawned":[1,6,11,12,14,16,19,22,29,31,33,35,42,47],"ascension_level":8}