{"gold_per_floor":[112,130,130,143,155,155,38,38,38,49,84,84,109,125,125,204,204,222,240,240,18,18,51,65,115,115,128,139,139,153,178,190,281,293,315,36,51,0,14,14,14,47,71,71,96,43,43,61,61,61,61],"floor_reached":51,"playtime":2759,"items_purged":["Pain","Strike_B+1","Decay"],"score":1618,"play_id":"e1ed9720-8c84-46fd-a5eb-3447875f6691","local_time":"20190520233529","is_ascension_mode":true,"campfire_choices":[{"data":"Loop","floor":6.0,"key":"SMITH"},{"floor":12.0,"key":"REST"},{"data":"Defragment","floor":15.0,"key":"SMITH"},{"floor":29.0,"key":"REST"},{"floor":32.0,"key":"REST"},{"data":"White Noise","floor":40.0,"key":"SMITH"},{"data":"Turbo","floor":47,"key":"SMITH"},{"floor":49,"key":"RECALL"}],"neow_cost":"NONE","seed_source_timestamp":445226759524513,"circlet_count":0,"master_deck":["AscendersBane","Strike_B+1","Strike_B+1","Strike_B+1","Defend_B+1","Defend_B+1","Defend_B+1","Defend_B+1","Zap","Dualcast","Loop+1","Ball Lightning","Sweeping Beam","Steam","Darkness","Defragment+1","Glacier","White Noise+1","Electrodynamics","Coolheaded+1","Defragment","Chill","Hologram","Undo","Core Surge","Coolheaded","Coolheaded","Buffer","Genetic Algorithm+1","Echo Form","Doubt","Turbo+1"],"special_seed":0,"relics":["Cracked Core","PreservedInsect","WarpedTongs","Shuriken","DataDisk","Girya","Nuclear Battery","Darkstone Periapt","Oddly Smooth Stone","MawBank","Runic Pyramid","Red Mask","Orichalcum","Ginger"],"potions_floor_usage":[50,51],"damage_taken":[{"damage":6.0,"enemies":"Cultist","floor":1.0,"turns":4.0},{"damage":0.0,"enemies":"2 Louse","floor":2.0,"turns":2.0},{"damage":1.0,"enemies":"Small Slimes","floor":4.0,"turns":3.0},{"damage":12.0,"enemies":"3 Louse","floor":5.0,"turns":3.0},{"damage":0.0,"enemies":"Lots of Slimes","floor":8.0,"turns":2.0},{"damage":26.0,"enemies":"Exordium Thugs","floor":10.0,"turns":4.0},{"damage":6.0,"enemies":"Gremlin Nob","floor":11.0,"turns":3.0},{"damage":4.0,"enemies":"3 Sentries","floor":13.0,"turns":6.0},{"damage":9.0,"enemies":"3 Louse","floor":14.0,"turns":3.0},{"damage":0.0,"enemies":"The Guardian","floor":16.0,"turns":7.0},{"damage":13.0,"enemies":"2 Thieves","floor":18.0,"turns":3.0},{"damage":6.0,"enemies":"3 Byrds","floor":19.0,"turns":3.0},{"damage":18.0,"enemies":"Slavers","floor":23.0,"turns":3.0},{"damage":8.0,"enemies":"Snake Plant","floor":24.0,"turns":5.0},{"damage":0.0,"enemies":"Snecko","floor":27.0,"turns":6.0},{"damage":2.0,"enemies":"Centurion and Healer","floor":28.0,"turns":5.0},{"damage":0.0,"enemies":"3 Cultists","floor":30.0,"turns":2.0},{"damage":6.0,"enemies":"Book of Stabbing","floor":31.0,"turns":4.0},{"damage":0.0,"enemies":"Collector","floor":33.0,"turns":12.0},{"damage":6.0,"enemies":"Orb Walker","floor":35.0,"turns":6.0},{"damage":3.0,"enemies":"3 Darklings","floor":37.0,"turns":4.0},{"damage":3.0,"enemies":"4 Shapes","floor":39.0,"turns":4.0},{"damage":26.0,"enemies":"Reptomancer","floor":42.0,"turns":6.0},{"damage":19,"enemies":"Giant Head","floor":45,"turns":10},{"damage":0,"enemies":"Spire Growth","floor":48,"turns":7},{"damage":15,"enemies":"Donu and Deca","floor":50,"turns":11},{"damage":49,"enemies":"Awakened One","floor":51,"turns":5}],"seed_played":"-5028587481144109125","potions_obtained":[{"floor":4.0,"key":"Block Potion"},{"floor":5.0,"key":"SmokeBomb"},{"floor":11.0,"key":"Energy Potion"},{"floor":13.0,"key":"PowerPotion"},{"floor":16.0,"key":"EssenceOfSteel"},{"floor":23.0,"key":"SpeedPotion"},{"floor":24.0,"key":"Weak Potion"},{"floor":31.0,"key":"FocusPotion"},{"floor":33.0,"key":"SteroidPotion"},{"floor":45,"key":"FocusPotion"}],"is_trial":false,"path_per_floor":["M","M","?","M","M","R","$","M","T","M","E","R","E","M","R","B",null,"M","M","?","$","?","E","M","?","T","M","M","R","M","E","R","B",null,"M","$","M","?","M","R","$","E","T","?","E","$","R","M","R","B","B"],"character_chosen":"DEFECT","items_purchased":["Darkness","FocusPotion","Defragment","Echo Form","Turbo"],"campfire_rested":3,"item_purchase_floors":[7,21,21,36,46],"current_hp_per_floor":[58,58,58,57,45,45,45,45,45,19,13,34,30,21,21,21,59,46,40,40,40,40,22,14,14,14,14,12,33,33,27,48,48,65,59,59,56,56,53,53,53,27,27,77,58,58,58,58,58,43,0],"gold":61,"neow_bonus":"RANDOM_COMMON_RELIC","is_prod":false,"is_daily":false,"chose_seed":false,"campfire_upgraded":4,"win_rate":0,"timestamp":1558409729,"path_taken":["M","M","?","M","?","R","$","M","T","M","E","R","E","M","R","BOSS","M","M","?","$","?","E","M","?","T","M","?","R","?","E","R","BOSS","M","$","M","?","M","R","$","E","T","?","E","?","R","?","R","BOSS","BOSS"],"build_version":"2019-01-23","purchased_purges":3,"victory":false,"max_hp_per_floor":[71,71,71,71,71,71,71,71,71,71,71,71,71,71,71,71,71,71,71,71,71,71,71,71,71,71,71,71,71,71,71,71,71,71,71,71,71,71,71,71,71,71,71,77,77,77,77,77,77,77,77],"card_choices":[{"not_picked":["Sweeping Beam","Steam"],"picked":"Loop","floor":1.0},{"not_picked":["Genetic Algorithm","Scrape"],"picked":"Ball Lightning","floor":2.0},{"not_picked":["Streamline","Compile Driver"],"picked":"Sweeping Beam","floor":4.0},{"not_picked":["Redo","Hello World"],"picked":"Steam","floor":5.0},{"not_picked":["Streamline","Static Discharge"],"picked":"Defragment","floor":10.0},{"not_picked":["Steam","Hyperbeam"],"picked":"Glacier","floor":11.0},{"not_picked":["Ball Lightning","Tempest","Steam"],"picked":"SKIP","floor":13.0},{"not_picked":["Turbo","FTL"],"picked":"White Noise","floor":14.0},{"not_picked":["Rainbow","Reboot"],"picked":"Electrodynamics","floor":16.0},{"not_picked":["Streamline+1","Fusion","Stack"],"picked":"SKIP","floor":18.0},{"not_picked":["Streamline+1","Fusion","Stack"],"picked":"SKIP","floor":18.0},{"not_picked":["Heatsinks","Streamline"],"picked":"Coolheaded+1","floor":19.0},{"not_picked":["Leap","Darkness"],"picked":"Chill","floor":23.0},{"not_picked":["Beam Cell","Cold Snap"],"picked":"Hologram","floor":24.0},{"not_picked":["Beam Cell","Gash"],"picked":"Undo","floor":27.0},{"not_picked":["Doom and Gloom","Cold Snap+1"],"picked":"Core Surge","floor":28.0},{"not_picked":["Reprogram","Ball Lightning"],"picked":"Coolheaded","floor":30.0},{"not_picked":["Blizzard","Barrage+1"],"picked":"Coolheaded","floor":31.0},{"not_picked":["Electrodynamics","Machine Learning"],"picked":"Buffer","floor":33.0},{"not_picked":["Go for the Eyes","Streamline"],"picked":"Genetic Algorithm+1","floor":35.0},{"not_picked":["Coolheaded","Rip and Tear","Heatsinks+1"],"picked":"SKIP","floor":37.0},{"not_picked":["Static Discharge","Cold Snap","Force Field"],"picked":"SKIP","floor":39.0},{"not_picked":["Coolheaded","Reboot","Sweeping Beam"],"picked":"SKIP","floor":42.0},{"not_picked":["Storm+1","Skim","Gash+1"],"picked":"SKIP","floor":45},{"not_picked":["Leap","Coolheaded","Conserve Battery+1"],"picked":"SKIP","floor":48}],"player_experience":1405994,"relics_obtained":[{"floor":9.0,"key":"Shuriken"},{"floor":11.0,"key":"DataDisk"},{"floor":13.0,"key":"Girya"},{"floor":23.0,"key":"Darkstone Periapt"},{"floor":26.0,"key":"Oddly Smooth Stone"},{"floor":31.0,"key":"MawBank"},{"floor":42.0,"key":"Orichalcum"},{"floor":45,"key":"Ginger"}],"event_choices":[{"damage_healed":0.0,"max_hp_gain":0.0,"max_hp_loss":0.0,"gold_gain":0.0,"event_name":"Accursed Blacksmith","player_choice":"Rummage","floor":3.0,"gold_loss":0.0,"damage_taken":0.0,"relics_obtained":["WarpedTongs"],"cards_obtained":["Pain"]},{"damage_healed":0.0,"max_hp_gain":0.0,"max_hp_loss":0.0,"gold_gain":0.0,"event_name":"Back to Basics","player_choice":"Simplicity","floor":20.0,"gold_loss":0.0,"damage_taken":0.0,"cards_upgraded":["Strike_B","Strike_B","Strike_B","Strike_B","Defend_B","Defend_B","Defend_B","Defend_B"]},{"damage_healed":0.0,"max_hp_gain":0.0,"max_hp_loss":0.0,"gold_gain":0.0,"event_name":"Forgotten Altar","player_choice":"Smashed Altar","floor":22.0,"gold_loss":0.0,"damage_taken":0.0,"cards_obtained":["Decay"]},{"damage_healed":0.0,"max_hp_gain":0.0,"max_hp_loss":0.0,"gold_gain":100.0,"event_name":"The Joust","player_choice":"Bet on Murderer","floor":25.0,"gold_loss":50.0,"damage_taken":0.0},{"damage_healed":0.0,"max_hp_gain":0.0,"max_hp_loss":0.0,"gold_gain":0.0,"event_name":"Tomb of Lord Red Mask","player_choice":"Paid","floor":38.0,"gold_loss":51.0,"damage_taken":0.0,"relics_obtained":["Red Mask"]},{"damage_healed":44,"gold_gain":0,"player_choice":"Heal","damage_taken":0,"max_hp_gain":0,"max_hp_loss":0,"event_name":"MindBloom","floor":44,"gold_loss":0,"cards_obtained":["Doubt"]}],"is_beta":false,"boss_relics":[{"not_picked":["Black Star","Busted Crown"],"picked":"Nuclear Battery"},{"not_picked":["Astrolabe","Philosopher\u0027s Stone"],"picked":"Runic Pyramid"}],"items_purged_floors":[7,21,36],"is_endless":false,"potions_floor_spawned":[4,5,11,13,16,23,24,31,33,45,48],"killed_by":"Awakened One","ascension_level":20}