{"gold_per_floor":[210,222,9,9,23,23,23,23,76,104,104,136,83,83],"floor_reached":14,"playtime":490,"items_purged":["Strike_G"],"score":110,"play_id":"9a3712e4-13e9-4111-a2cf-51252ba41db9","local_time":"20190712211556","is_ascension_mode":true,"campfire_choices":[{"data":"Catalyst","floor":6,"key":"SMITH"},{"floor":8,"key":"RECALL"},{"floor":11,"key":"REST"}],"neow_cost":"NONE","seed_source_timestamp":120225321352569,"circlet_count":0,"master_deck":["Strike_G","Strike_G","Strike_G","Strike_G","Defend_G","Defend_G","Defend_G","Defend_G","Defend_G","Survivor","Neutralize+1","After Image+1","Catalyst+1","Backflip","Footwork","Deadly Poison"],"relics":["Ring of the Snake","Molten Egg 2","Regal Pillow"],"potions_floor_usage":[10],"damage_taken":[{"damage":0,"enemies":"Small Slimes","floor":1,"turns":3},{"damage":0,"enemies":"Cultist","floor":2,"turns":4},{"damage":0,"enemies":"2 Louse","floor":5,"turns":4},{"damage":44,"enemies":"Gremlin Nob","floor":10,"turns":7},{"damage":29,"enemies":"3 Sentries","floor":12,"turns":21},{"damage":20,"enemies":"Lots of Slimes","floor":14,"turns":2}],"seed_played":"3344375009357179774","potions_obtained":[{"floor":1,"key":"Explosive Potion"}],"is_trial":false,"path_per_floor":["M","M","$","?","M","R","?","R","T","E","R","E","$","M"],"character_chosen":"THE_SILENT","items_purchased":["After Image","Deadly Poison"],"campfire_rested":1,"item_purchase_floors":[3,13],"current_hp_per_floor":[70,70,70,70,70,70,70,70,70,26,47,18,18,0],"gold":83,"neow_bonus":"HUNDRED_GOLD","is_prod":false,"is_daily":false,"chose_seed":false,"campfire_upgraded":1,"win_rate":0,"timestamp":1562980556,"path_taken":["M","M","$","?","?","R","?","R","T","E","R","E","$","?"],"build_version":"2019-07-05","purchased_purges":1,"victory":false,"max_hp_per_floor":[70,70,70,70,70,70,70,70,70,70,70,70,70,70],"card_choices":[{"not_picked":["Outmaneuver","Poisoned Stab","Skewer"],"picked":"SKIP","floor":1},{"not_picked":["Eviscerate","PiercingWail","Outmaneuver"],"picked":"SKIP","floor":2},{"not_picked":["Blade Dance","Dodge and Roll"],"picked":"Catalyst","floor":5},{"not_picked":["Reflex","Blade Dance"],"picked":"Backflip","floor":10},{"not_picked":["Blur","Blade Dance"],"picked":"Footwork","floor":12}],"player_experience":123714,"relics_obtained":[{"floor":10,"key":"Molten Egg 2"},{"floor":12,"key":"Regal Pillow"}],"event_choices":[{"damage_healed":0,"gold_gain":0,"player_choice":"Upgraded","damage_taken":0,"max_hp_gain":0,"max_hp_loss":0,"event_name":"Upgrade Shrine","floor":4,"gold_loss":0,"cards_upgraded":["After Image"]},{"damage_healed":0,"gold_gain":0,"player_choice":"Forge","damage_taken":0,"max_hp_gain":0,"max_hp_loss":0,"event_name":"Accursed Blacksmith","floor":7,"gold_loss":0,"cards_upgraded":["Neutralize"]}],"is_beta":false,"boss_relics":[],"items_purged_floors":[3],"is_endless":false,"potions_floor_spawned":[1],"killed_by":"Lots of Slimes","ascension_level":3}