{"gold_per_floor":[364,70,82,96,68,68,95,114,141,141,171,181,193,213,213,213],"floor_reached":16,"playtime":653,"items_purged":["Decay"],"score":257,"play_id":"71ac9fe0-165d-4577-89bc-3c43c185e1e6","local_time":"20190320000015","is_ascension_mode":true,"campfire_choices":[{"data":"Zap","floor":6,"key":"SMITH"},{"floor":10,"key":"REST"},{"floor":15,"key":"REST"}],"neow_cost":"CURSE","seed_source_timestamp":509944424515033,"circlet_count":0,"master_deck":["AscendersBane","Strike_B","Strike_B","Strike_B","Strike_B","Defend_B","Defend_B","Defend_B","Defend_B","Zap+1","Dualcast","Gash","Gash","Gash","Conserve Battery","Defragment","Go for the Eyes","Gash","Core Surge","Scrape"],"relics":["Cracked Core","Omamori","Bag of Marbles","Pen Nib","Oddly Smooth Stone"],"potions_floor_usage":[5,7,12],"damage_taken":[{"damage":1,"enemies":"Cultist","floor":1,"turns":4},{"damage":7,"enemies":"Jaw Worm","floor":3,"turns":2},{"damage":2,"enemies":"2 Louse","floor":4,"turns":2},{"damage":14,"enemies":"Exordium Thugs","floor":5,"turns":5},{"damage":6,"enemies":"Gremlin Nob","floor":7,"turns":3},{"damage":8,"enemies":"Looter","floor":8,"turns":2},{"damage":23,"enemies":"Lagavulin","floor":11,"turns":6},{"damage":11,"enemies":"Lots of Slimes","floor":12,"turns":3},{"damage":0,"enemies":"2 Fungi Beasts","floor":13,"turns":3},{"damage":0,"enemies":"Exordium Thugs","floor":14,"turns":3},{"damage":34,"enemies":"The Guardian","floor":16,"turns":8}],"seed_played":"-841776820694127865","potions_obtained":[{"floor":1,"key":"Block Potion"},{"floor":3,"key":"AttackPotion"},{"floor":7,"key":"SkillPotion"},{"floor":13,"key":"FearPotion"}],"is_trial":false,"path_per_floor":["M","$","M","M","M","R","E","M","T","R","E","M","M","M","R","B"],"character_chosen":"DEFECT","items_purchased":["Gash","Omamori"],"campfire_rested":2,"item_purchase_floors":[2,2],"current_hp_per_floor":[63,63,56,54,40,40,34,26,26,47,24,13,13,13,34,0],"gold":213,"neow_bonus":"TWO_FIFTY_GOLD","is_prod":false,"is_daily":false,"chose_seed":false,"campfire_upgraded":1,"win_rate":0,"timestamp":1553054415,"path_taken":["M","$","M","M","M","R","E","M","T","R","E","M","M","M","R","BOSS"],"build_version":"2019-01-23","purchased_purges":1,"victory":false,"max_hp_per_floor":[71,71,71,71,71,71,71,71,71,71,71,71,71,71,71,71],"card_choices":[{"not_picked":["Recycle","Double Energy"],"picked":"Gash","floor":1},{"not_picked":["Self Repair","Stack"],"picked":"Gash","floor":3},{"not_picked":["Darkness","Rainbow"],"picked":"Conserve Battery","floor":4},{"not_picked":["Go for the Eyes","Chaos"],"picked":"Defragment","floor":5},{"not_picked":["Cold Snap","Lockon"],"picked":"Go for the Eyes","floor":7},{"not_picked":["Compile Driver","Hologram"],"picked":"Gash","floor":8},{"not_picked":["Reprogram","Stack"],"picked":"Core Surge","floor":11},{"not_picked":["Consume","Turbo","Melter"],"picked":"SKIP","floor":12},{"not_picked":["Consume","Turbo","Melter"],"picked":"SKIP","floor":12},{"not_picked":["Streamline","Sweeping Beam"],"picked":"Scrape","floor":13},{"not_picked":["Steam Power","Turbo","Streamline"],"picked":"SKIP","floor":14}],"player_experience":970824,"relics_obtained":[{"floor":7,"key":"Bag of Marbles"},{"floor":9,"key":"Pen Nib"},{"floor":11,"key":"Oddly Smooth Stone"}],"event_choices":[],"is_beta":false,"boss_relics":[],"items_purged_floors":[2],"is_endless":false,"potions_floor_spawned":[1,3,4,7,13],"killed_by":"The Guardian","ascension_level":20}