{"gold_per_floor":[118,118,118,135,152,152,182,182,206,47,47,74,87,97,97,176,176,186,20,20,47,47,72,72,102,102,202,213,213,231,250,250,327,327,346,701,720,720,731,766,766,796,796,806,837,116,144,144,144,144,144,144,144,10,41,41],"floor_reached":57,"playtime":4716,"items_purged":["Strike_R+1"],"score":2832,"play_id":"9d907ac4-fb15-4c44-9c96-90ad6ea342c6","local_time":"20190530020756","is_ascension_mode":true,"campfire_choices":[{"data":"Headbutt","floor":6.0,"key":"SMITH"},{"data":"Fire Breathing","floor":8.0,"key":"SMITH"},{"floor":11.0,"key":"REST"},{"data":"Limit Break","floor":15.0,"key":"SMITH"},{"data":"Disarm","floor":24.0,"key":"SMITH"},{"data":"Heavy Blade","floor":29.0,"key":"SMITH"},{"data":"Battle Trance","floor":32.0,"key":"SMITH"},{"floor":41.0,"key":"RECALL"},{"data":"True Grit","floor":49.0,"key":"SMITH"},{"data":"Shockwave","floor":53.0,"key":"SMITH"}],"neow_cost":"NONE","seed_source_timestamp":1229576853008892,"circlet_count":0,"master_deck":["AscendersBane","Strike_R+1","Strike_R+1","Defend_R+1","Defend_R+1","Defend_R+1","Defend_R+1","Bash+1","Headbutt+1","Feel No Pain","Shrug It Off+1","Fire Breathing+1","Battle Trance+1","Disarm+1","Inflame","Twin Strike","Heavy Blade+1","Limit Break+1","Reaper","Burning Pact+1","Shockwave+1","Sword Boomerang","Dual Wield+1","Feel No Pain","Brutality","Feel No Pain+1","Rupture","Thunderclap","Cleave+1","True Grit+1","Impervious","Shrug It Off","Warcry","Impervious","Reaper","Barricade"],"special_seed":0,"relics":["Burning Blood","Dream Catcher","Red Skull","Vajra","Regal Pillow","Philosopher\u0027s Stone","Orichalcum","Red Mask","The Courier","War Paint","Shuriken","Calipers","Mummified Hand","Coffee Dripper","Old Coin","Ginger","Strawberry","Bronze Scales","Bag of Preparation","Mercury Hourglass","Toxic Egg 2"],"potions_floor_usage":[56,56],"damage_taken":[{"damage":5.0,"enemies":"Small Slimes","floor":1.0,"turns":4.0},{"damage":4.0,"enemies":"Jaw Worm","floor":4.0,"turns":4.0},{"damage":0.0,"enemies":"2 Louse","floor":5.0,"turns":4.0},{"damage":56.0,"enemies":"Gremlin Nob","floor":7.0,"turns":5.0},{"damage":16.0,"enemies":"3 Sentries","floor":12.0,"turns":7.0},{"damage":1.0,"enemies":"Blue Slaver","floor":13.0,"turns":5.0},{"damage":6.0,"enemies":"3 Louse","floor":14.0,"turns":2.0},{"damage":4.0,"enemies":"Hexaghost","floor":16.0,"turns":5.0},{"damage":38.0,"enemies":"Shell Parasite","floor":18.0,"turns":6.0},{"damage":60.0,"enemies":"Masked Bandits","floor":21.0,"turns":5.0},{"damage":18.0,"enemies":"Slavers","floor":23.0,"turns":6.0},{"damage":18.0,"enemies":"Book of Stabbing","floor":25.0,"turns":5.0},{"damage":15.0,"enemies":"Colosseum Slavers","floor":27.0,"turns":8.0},{"damage":42.0,"enemies":"Colosseum Nobs","floor":27.0,"turns":9.0},{"damage":0.0,"enemies":"Spheric Guardian","floor":28.0,"turns":2.0},{"damage":3.0,"enemies":"Centurion and Healer","floor":30.0,"turns":6.0},{"damage":14.0,"enemies":"Snecko","floor":31.0,"turns":5.0},{"damage":12.0,"enemies":"Champ","floor":33.0,"turns":7.0},{"damage":19.0,"enemies":"3 Shapes","floor":35.0,"turns":4.0},{"damage":37.0,"enemies":"2 Orb Walkers","floor":36.0,"turns":4.0},{"damage":49.0,"enemies":"3 Darklings","floor":37.0,"turns":5.0},{"damage":24.0,"enemies":"Maw","floor":39.0,"turns":6.0},{"damage":57.0,"enemies":"Reptomancer","floor":40.0,"turns":4.0},{"damage":31.0,"enemies":"Nemesis","floor":42.0,"turns":3.0},{"damage":22.0,"enemies":"Sphere and 2 Shapes","floor":44.0,"turns":7.0},{"damage":37.0,"enemies":"Giant Head","floor":45.0,"turns":7.0},{"damage":8.0,"enemies":"Reptomancer","floor":47.0,"turns":6.0},{"damage":99.0,"enemies":"Awakened One","floor":50.0,"turns":13.0},{"damage":69.0,"enemies":"Time Eater","floor":51.0,"turns":12.0},{"damage":68.0,"enemies":"Shield and Spear","floor":55.0,"turns":10.0},{"damage":109,"enemies":"The Heart","floor":56,"turns":11}],"seed_played":"-6074172707878354023","potions_obtained":[{"floor":4.0,"key":"SteroidPotion"},{"floor":5.0,"key":"SteroidPotion"},{"floor":14.0,"key":"Fruit Juice"},{"floor":16.0,"key":"Ancient Potion"},{"floor":21.0,"key":"Fire Potion"},{"floor":23.0,"key":"SpeedPotion"}],"is_trial":false,"path_per_floor":["M","?","?","M","M","R","E","R","T","$","R","E","M","M","R","B",null,"M","$","?","?","$","E","R","E","T","?","M","R","M","M","R","B",null,"M","?","M","?","M","E","R","E","T","M","E","$","E","?","R","B","B",null,"R","$","E","B",null],"character_chosen":"IRONCLAD","items_purchased":["Disarm","Inflame","Orichalcum","Bag of Preparation","Mercury Hourglass","Impervious","Shrug It Off","Warcry","Impervious","Reaper"],"campfire_rested":1,"item_purchase_floors":[10,10,19,46,46,46,46,46,46,54],"current_hp_per_floor":[69,69,58,60,66,66,16,16,16,16,38,28,33,33,33,40,70,67,67,67,39,39,51,51,55,55,33,39,39,76,80,80,80,80,80,79,80,80,80,80,80,62,62,87,87,87,87,83,83,83,83,83,83,83,83,83],"gold":41,"neow_bonus":"UPGRADE_CARD","is_prod":false,"is_daily":false,"chose_seed":false,"campfire_upgraded":8,"win_rate":0,"timestamp":1559196476,"path_taken":["M","?","?","M","M","R","E","R","T","$","R","E","M","M","R","BOSS","M","$","?","?","?","E","R","E","T","?","M","R","M","?","R","BOSS","M","?","M","?","M","E","R","E","T","?","E","$","E","?","R","BOSS","BOSS","R","$","E","BOSS"],"build_version":"2019-01-23","purchased_purges":1,"victory":true,"max_hp_per_floor":[75,75,75,75,75,75,75,75,75,75,75,75,75,75,75,80,80,80,80,80,80,80,80,80,80,80,80,80,80,80,80,80,80,80,80,80,80,80,80,80,80,87,87,87,87,87,87,83,83,83,83,83,83,83,83,83],"card_choices":[{"not_picked":["Sword Boomerang","True Grit"],"picked":"Headbutt","floor":1.0},{"not_picked":["Sever Soul","Iron Wave"],"picked":"Shrug It Off","floor":4.0},{"not_picked":["Warcry","Burning Pact"],"picked":"Fire Breathing","floor":5.0},{"not_picked":["Body Slam","Double Tap"],"picked":"Battle Trance","floor":7.0},{"not_picked":["Body Slam","Searing Blow"],"picked":"Twin Strike","floor":11.0},{"not_picked":["Clash","Havoc"],"picked":"Heavy Blade","floor":12.0},{"not_picked":["Rampage","Flex","Heavy Blade"],"picked":"SKIP","floor":13.0},{"not_picked":["Clothesline","Body Slam"],"picked":"Limit Break","floor":14.0},{"not_picked":["Demon Form","Double Tap"],"picked":"Reaper","floor":16.0},{"not_picked":["Entrench","Anger"],"picked":"Burning Pact","floor":18.0},{"not_picked":["Heavy Blade","Clash"],"picked":"Shockwave","floor":21.0},{"not_picked":["Rupture","Thunderclap"],"picked":"Sword Boomerang","floor":23.0},{"not_picked":["Spot Weakness","True Grit"],"picked":"Dual Wield+1","floor":25.0},{"not_picked":["Combust","Iron Wave","Heavy Blade"],"picked":"SKIP","floor":28.0},{"not_picked":["Dropkick","Offering"],"picked":"Feel No Pain","floor":30.0},{"not_picked":["Perfected Strike","Sever Soul","Bloodletting+1"],"picked":"SKIP","floor":31.0},{"not_picked":["Impervious","Berserk"],"picked":"Brutality","floor":33.0},{"not_picked":["Iron Wave+1","Flex"],"picked":"Feel No Pain+1","floor":35.0},{"not_picked":["Thunderclap","Intimidate+1"],"picked":"Rupture","floor":37.0},{"not_picked":["Heavy Blade","Warcry","Cleave+1"],"picked":"SKIP","floor":39.0},{"not_picked":["Thunderclap+1","Juggernaut","Anger"],"picked":"SKIP","floor":40.0},{"not_picked":["Seeing Red","Flex"],"picked":"Cleave+1","floor":42.0},{"not_picked":["Perfected Strike+1","Thunderclap"],"picked":"True Grit","floor":44.0},{"not_picked":["Sever Soul","Perfected Strike","Headbutt"],"picked":"SKIP","floor":45.0},{"not_picked":["Blood for Blood","Twin Strike","Dropkick"],"picked":"SKIP","floor":47.0},{"not_picked":["Bludgeon","Disarm+1"],"picked":"Barricade","floor":55.0}],"player_experience":1457115,"relics_obtained":[{"floor":7.0,"key":"Red Skull"},{"floor":9.0,"key":"Vajra"},{"floor":12.0,"key":"Regal Pillow"},{"floor":21.0,"key":"Red Mask"},{"floor":23.0,"key":"The Courier"},{"floor":25.0,"key":"War Paint"},{"floor":26.0,"key":"Shuriken"},{"floor":27.0,"key":"Calipers"},{"floor":27.0,"key":"Mummified Hand"},{"floor":36.0,"key":"Old Coin"},{"floor":40.0,"key":"Ginger"},{"floor":42.0,"key":"Strawberry"},{"floor":45.0,"key":"Bronze Scales"},{"floor":47.0,"key":"Toxic Egg 2"}],"event_choices":[{"damage_healed":0.0,"max_hp_gain":0.0,"max_hp_loss":0.0,"gold_gain":0.0,"cards_transformed":["Strike_R"],"event_name":"Living Wall","player_choice":"Change","floor":2.0,"gold_loss":0.0,"damage_taken":0.0,"cards_obtained":["Feel No Pain"]},{"damage_healed":0.0,"max_hp_gain":0.0,"max_hp_loss":0.0,"gold_gain":0.0,"event_name":"Scrap Ooze","player_choice":"Success","floor":3.0,"gold_loss":0.0,"damage_taken":11.0,"relics_obtained":["Dream Catcher"]},{"damage_healed":0.0,"max_hp_gain":0.0,"max_hp_loss":0.0,"gold_gain":0.0,"event_name":"Back to Basics","player_choice":"Simplicity","floor":20.0,"gold_loss":0.0,"damage_taken":0.0,"cards_upgraded":["Strike_R","Strike_R","Strike_R","Strike_R","Defend_R","Defend_R","Defend_R","Defend_R"]},{"damage_healed":0.0,"max_hp_gain":0.0,"max_hp_loss":0.0,"gold_gain":0.0,"event_name":"Masked Bandits","player_choice":"Fought Bandits","floor":21.0,"gold_loss":0.0,"damage_taken":0.0},{"damage_healed":0.0,"max_hp_gain":0.0,"max_hp_loss":0.0,"gold_gain":0.0,"event_name":"Colosseum","player_choice":"Fight","floor":27.0,"gold_loss":0.0,"damage_taken":0.0},{"damage_healed":0.0,"max_hp_gain":0.0,"max_hp_loss":0.0,"gold_gain":0.0,"event_name":"Colosseum","player_choice":"Fought Nobs","floor":27.0,"gold_loss":0.0,"damage_taken":0.0},{"damage_healed":0.0,"max_hp_gain":0.0,"max_hp_loss":0.0,"gold_gain":0.0,"event_name":"Mysterious Sphere","player_choice":"Fight","floor":36.0,"gold_loss":0.0,"damage_taken":0.0},{"damage_healed":0.0,"max_hp_gain":0.0,"max_hp_loss":0.0,"gold_gain":0.0,"cards_transformed":["Strike_R"],"event_name":"Transmorgrifier","player_choice":"Transformed","floor":38.0,"gold_loss":0.0,"damage_taken":0.0,"cards_obtained":["Thunderclap"]},{"damage_healed":0.0,"max_hp_gain":0.0,"max_hp_loss":4.0,"gold_gain":0.0,"event_name":"Winding Halls","player_choice":"Max HP","floor":48.0,"gold_loss":0.0,"damage_taken":0.0}],"is_beta":false,"boss_relics":[{"not_picked":["Velvet Choker","Fusion Hammer"],"picked":"Philosopher\u0027s Stone"},{"not_picked":["Runic Cube","Busted Crown"],"picked":"Coffee Dripper"}],"items_purged_floors":[46],"is_endless":false,"potions_floor_spawned":[4,5,13,14,16,21,23,25,27,30,31,37,42,45],"ascension_level":20}