{"gold_per_floor":[114,114,50,72,84,125,147,159,198,135,155,55,55,82,82,82],"floor_reached":16,"playtime":516,"items_purged":["Strike_R","Strike_R"],"score":123,"play_id":"6dd63061-14c2-485d-92eb-4ca8e444a3ec","local_time":"20190710235613","is_ascension_mode":false,"campfire_choices":[{"data":"Fire Breathing","floor":8.0,"key":"SMITH"},{"data":"Spot Weakness","floor":15.0,"key":"SMITH"}],"neow_cost":"NONE","seed_source_timestamp":218683854917982,"circlet_count":0,"master_deck":["Strike_R","Strike_R","Defend_R","Defend_R","Defend_R","Defend_R","Bash","Spot Weakness+1","Pommel Strike+1","Fire Breathing+1"],"special_seed":0,"relics":["Burning Blood","NeowsBlessing","MawBank","Potion Belt","Strawberry","Centennial Puzzle","Odd Mushroom"],"potions_floor_usage":[16],"damage_taken":[{"damage":0.0,"enemies":"2 Louse","floor":1.0,"turns":1.0},{"damage":0.0,"enemies":"Jaw Worm","floor":4.0,"turns":1.0},{"damage":0.0,"enemies":"Gremlin Nob","floor":6.0,"turns":1.0},{"damage":4.0,"enemies":"Cultist","floor":7.0,"turns":4.0},{"damage":0.0,"enemies":"Looter","floor":11.0,"turns":4.0},{"damage":28.0,"enemies":"The Mushroom Lair","floor":14.0,"turns":4.0},{"damage":59,"enemies":"Slime Boss","floor":16,"turns":9}],"seed_played":"8421181530684808320","potions_obtained":[{"floor":6.0,"key":"Poison Potion"},{"floor":7.0,"key":"Dexterity Potion"}],"is_trial":false,"path_per_floor":["M","?","?","M","?","E","M","R","T","$","M","$","?","?","R","B"],"character_chosen":"IRONCLAD","items_purchased":[],"campfire_rested":0,"item_purchase_floors":[],"current_hp_per_floor":[80,62,62,68,68,81,83,83,83,83,87,87,80,58,58,0],"gold":82,"neow_bonus":"THREE_ENEMY_KILL","is_prod":false,"is_daily":false,"chose_seed":false,"campfire_upgraded":2,"win_rate":0.0,"timestamp":1562817373,"path_taken":["M","?","?","?","?","E","?","R","T","$","M","$","?","?","R","BOSS"],"build_version":"2019-07-05","purchased_purges":2,"victory":false,"max_hp_per_floor":[80,80,80,80,80,87,87,87,87,87,87,87,87,87,87,87],"card_choices":[{"not_picked":["Thunderclap","Power Through"],"picked":"Spot Weakness","floor":1.0},{"not_picked":["Armaments","Anger"],"picked":"Pommel Strike","floor":4.0},{"not_picked":["Carnage","Hemokinesis"],"picked":"Fire Breathing","floor":6.0},{"not_picked":["Pommel Strike","Armaments","Burning Pact"],"picked":"SKIP","floor":7.0},{"not_picked":["Clothesline","Pummel","Twin Strike"],"picked":"SKIP","floor":11.0}],"player_experience":92159,"relics_obtained":[{"floor":6.0,"key":"Strawberry"},{"floor":9.0,"key":"Centennial Puzzle"},{"floor":14.0,"key":"Odd Mushroom"}],"event_choices":[{"damage_healed":0.0,"max_hp_gain":0.0,"max_hp_loss":0.0,"gold_gain":0.0,"event_name":"Scrap Ooze","player_choice":"Success","floor":2.0,"gold_loss":0.0,"damage_taken":18.0,"relics_obtained":["MawBank"]},{"damage_healed":0.0,"max_hp_gain":0.0,"max_hp_loss":0.0,"gold_gain":0.0,"event_name":"WeMeetAgain","player_choice":"Paid Gold","floor":3.0,"gold_loss":76.0,"damage_taken":0.0,"relics_obtained":["Potion Belt"]},{"damage_healed":0.0,"max_hp_gain":0.0,"max_hp_loss":0.0,"gold_gain":0.0,"event_name":"Upgrade Shrine","player_choice":"Upgraded","floor":5.0,"gold_loss":0.0,"damage_taken":0.0,"cards_upgraded":["Pommel Strike"]},{"cards_removed":["Strike_R"],"damage_healed":0.0,"max_hp_gain":0.0,"max_hp_loss":0.0,"gold_gain":0.0,"event_name":"Golden Wing","player_choice":"Card Removal","floor":13.0,"gold_loss":0.0,"damage_taken":7.0},{"damage_healed":0.0,"max_hp_gain":0.0,"max_hp_loss":0.0,"gold_gain":0.0,"event_name":"Mushrooms","player_choice":"Fought Mushrooms","floor":14.0,"gold_loss":0.0,"damage_taken":0.0}],"is_beta":false,"boss_relics":[],"items_purged_floors":[10,12],"is_endless":false,"potions_floor_spawned":[6,7],"killed_by":"Slime Boss","ascension_level":0}