{"gold_per_floor":[118,134,145,156,5,5,16,16,16,27,27,56,74,39,39,140,140,156,5,17,35,35],"floor_reached":22,"playtime":8018,"items_purged":["Strike_B"],"score":209,"play_id":"039a9d99-4fc2-4467-beaf-64db2b5d2df0","local_time":"20190720145333","is_ascension_mode":true,"campfire_choices":[{"data":"Dualcast","floor":6.0,"key":"SMITH"},{"data":"Capacitor","floor":8.0,"key":"SMITH"},{"floor":15.0,"key":"REST"}],"neow_cost":"NONE","seed_source_timestamp":0,"circlet_count":0,"master_deck":["Strike_B","Strike_B","Strike_B","Defend_B","Defend_B","Defend_B","Defend_B","Zap","Dualcast+1","Rip and Tear","Capacitor+1","Chaos","Cold Snap","Steam","Conserve Battery","Capacitor","Coolheaded","Seek","Self Repair+1","Cold Snap","Redo","Doom and Gloom","Sweeping Beam"],"special_seed":0,"relics":["Cracked Core","NeowsBlessing","Lantern","DataDisk","Potion Belt","Nuclear Battery"],"potions_floor_usage":[],"damage_taken":[{"damage":0.0,"enemies":"Cultist","floor":1.0,"turns":1.0},{"damage":0.0,"enemies":"Small Slimes","floor":2.0,"turns":1.0},{"damage":0.0,"enemies":"2 Louse","floor":3.0,"turns":1.0},{"damage":17.0,"enemies":"Large Slime","floor":4.0,"turns":5.0},{"damage":11.0,"enemies":"Looter","floor":7.0,"turns":3.0},{"damage":24.0,"enemies":"Gremlin Gang","floor":10.0,"turns":5.0},{"damage":12.0,"enemies":"Lagavulin","floor":12.0,"turns":5.0},{"damage":0.0,"enemies":"2 Fungi Beasts","floor":13.0,"turns":1.0},{"damage":23.0,"enemies":"Hexaghost","floor":16.0,"turns":11.0},{"damage":13.0,"enemies":"Spheric Guardian","floor":18.0,"turns":5.0},{"damage":13,"enemies":"2 Thieves","floor":20,"turns":4},{"damage":20,"enemies":"Centurion and Healer","floor":21,"turns":8},{"damage":54,"enemies":"Snake Plant","floor":22,"turns":5}],"seed_played":"-752945559674077090","potions_obtained":[{"floor":2.0,"key":"PowerPotion"},{"floor":3.0,"key":"PowerPotion"},{"floor":4.0,"key":"SteroidPotion"},{"floor":10.0,"key":"PowerPotion"},{"floor":20,"key":"SpeedPotion"}],"is_trial":false,"path_per_floor":["M","M","M","M","$","R","M","R","T","M","$","E","M","?","R","B",null,"M","$","M","M","M"],"character_chosen":"DEFECT","items_purchased":["Lantern","Cold Snap","Redo"],"campfire_rested":1,"item_purchase_floors":[5,19,19],"current_hp_per_floor":[75,75,75,58,58,58,47,47,47,23,23,11,11,29,51,28,75,62,62,59,49,0],"gold":35,"neow_bonus":"THREE_ENEMY_KILL","is_prod":false,"is_daily":false,"chose_seed":false,"campfire_upgraded":2,"win_rate":0,"timestamp":1563648813,"path_taken":["M","M","M","M","$","R","M","R","T","M","$","E","M","?","R","BOSS","M","$","M","M","M"],"build_version":"2019-07-17","purchased_purges":1,"victory":false,"max_hp_per_floor":[75,75,75,75,75,75,75,75,75,75,75,75,75,75,75,75,75,75,75,75,75,75],"card_choices":[{"not_picked":["Streamline","Hologram"],"picked":"Rip and Tear","floor":1.0},{"not_picked":["Stack","Reinforced Body"],"picked":"Capacitor","floor":2.0},{"not_picked":["Redo","Conserve Battery"],"picked":"Chaos","floor":3.0},{"not_picked":["Streamline","Turbo"],"picked":"Cold Snap","floor":4.0},{"not_picked":["Rebound","Redo"],"picked":"Steam","floor":7.0},{"not_picked":["Streamline","Barrage"],"picked":"Conserve Battery","floor":10.0},{"not_picked":["Skim","Stack"],"picked":"Capacitor","floor":12.0},{"not_picked":["Beam Cell","Redo"],"picked":"Coolheaded","floor":13.0},{"not_picked":["Fission","Creative AI"],"picked":"Seek","floor":16.0},{"not_picked":["Chaos+1","Coolheaded"],"picked":"Self Repair+1","floor":18.0},{"not_picked":["Sunder+1","Streamline"],"picked":"Doom and Gloom","floor":20},{"not_picked":["Recycle","Beam Cell"],"picked":"Sweeping Beam","floor":21}],"player_experience":255234,"relics_obtained":[{"floor":9.0,"key":"DataDisk"},{"floor":12.0,"key":"Potion Belt"}],"event_choices":[{"damage_healed":18.0,"max_hp_gain":0.0,"max_hp_loss":0.0,"gold_gain":0.0,"event_name":"The Cleric","player_choice":"Healed","floor":14.0,"gold_loss":35.0,"damage_taken":0.0}],"is_beta":false,"boss_relics":[{"not_picked":["Runic Dome","Calling Bell"],"picked":"Nuclear Battery"}],"items_purged_floors":[19],"is_endless":false,"potions_floor_spawned":[2,3,4,10,20],"killed_by":"Snake Plant","ascension_level":2}