{"gold_per_floor":[12,24,34,51,68,68,78,78,151,171,206,218,218,237,237,334,334,349,368],"floor_reached":19,"playtime":86531,"items_purged":[],"score":186,"play_id":"72c9a3bf-1b82-478b-9b24-626917216e2b","local_time":"20190711104124","is_ascension_mode":true,"campfire_choices":[{"data":"Cleave","floor":6.0,"key":"SMITH"},{"floor":13.0,"key":"REST"},{"floor":15.0,"key":"REST"}],"neow_cost":"NO_GOLD","seed_source_timestamp":0,"circlet_count":0,"master_deck":["Bash","Trip","Madness","Thunderclap","Cleave+1","Sever Soul","Shockwave","Flex","Flex","Metallicize","Corruption","Demon Form","Limit Break","Dark Embrace","Pommel Strike","Uppercut","Uppercut","Disarm","Inflame","Shrug It Off","Headbutt","Cleave","Clothesline"],"special_seed":0,"relics":["Burning Blood","Letter Opener","Boot","Pandora\u0027s Box"],"potions_floor_usage":[],"damage_taken":[{"damage":12.0,"enemies":"2 Louse","floor":1.0,"turns":3.0},{"damage":13.0,"enemies":"Jaw Worm","floor":2.0,"turns":3.0},{"damage":6.0,"enemies":"Cultist","floor":3.0,"turns":5.0},{"damage":14.0,"enemies":"3 Louse","floor":4.0,"turns":3.0},{"damage":21.0,"enemies":"Blue Slaver","floor":5.0,"turns":4.0},{"damage":6.0,"enemies":"Exordium Wildlife","floor":7.0,"turns":2.0},{"damage":0.0,"enemies":"3 Louse","floor":10.0,"turns":1.0},{"damage":39.0,"enemies":"Lagavulin","floor":11.0,"turns":6.0},{"damage":16.0,"enemies":"Large Slime","floor":12.0,"turns":6.0},{"damage":12.0,"enemies":"Blue Slaver","floor":14.0,"turns":2.0},{"damage":38.0,"enemies":"The Guardian","floor":16.0,"turns":9.0},{"damage":30.0,"enemies":"Spheric Guardian","floor":18.0,"turns":6.0},{"damage":40.0,"enemies":"Chosen","floor":19.0,"turns":7.0}],"seed_played":"-6967481526562268933","potions_obtained":[{"floor":1.0,"key":"Fruit Juice"},{"floor":3.0,"key":"Swift Potion"},{"floor":12.0,"key":"Dexterity Potion"},{"floor":14.0,"key":"Dexterity Potion"},{"floor":18.0,"key":"BloodPotion"},{"floor":19,"key":"SpeedPotion"}],"is_trial":false,"path_per_floor":["M","M","M","M","M","R","M","?","T","M","E","M","R","M","R","B",null,"M","M"],"character_chosen":"IRONCLAD","items_purchased":[],"campfire_rested":2,"item_purchase_floors":[],"current_hp_per_floor":[74,67,67,59,49,49,49,77,77,83,50,40,65,59,84,52,85,61,48],"gold":368,"neow_bonus":"RANDOM_COLORLESS_2","is_prod":false,"is_daily":false,"chose_seed":false,"campfire_upgraded":1,"win_rate":0,"timestamp":1562856084,"path_taken":["M","M","M","M","M","R","M","?","T","M","E","M","R","M","R","BOSS","M","M"],"build_version":"2019-07-05","purchased_purges":0,"victory":false,"max_hp_per_floor":[80,80,80,80,85,85,85,85,85,85,85,85,85,85,85,85,85,85,85],"card_choices":[{"not_picked":["Iron Wave","Cleave"],"picked":"Thunderclap","floor":1.0},{"not_picked":["Bloodletting","Wild Strike","Twin Strike"],"picked":"SKIP","floor":2.0},{"not_picked":["Heavy Blade","Entrench"],"picked":"Cleave","floor":3.0},{"not_picked":["Second Wind","Body Slam"],"picked":"Sever Soul","floor":4.0},{"not_picked":["Havoc","Brutality"],"picked":"Shockwave","floor":5.0},{"not_picked":["Perfected Strike","Shockwave"],"picked":"Flex","floor":7.0},{"not_picked":["Iron Wave","Body Slam"],"picked":"Flex","floor":10.0},{"not_picked":["Spot Weakness","Clash"],"picked":"Metallicize","floor":11.0},{"not_picked":["Sever Soul","Wild Strike"],"picked":"Corruption","floor":12.0},{"not_picked":["Combust","Havoc"],"picked":"Demon Form","floor":14.0},{"not_picked":["Offering","Brutality"],"picked":"Limit Break","floor":16.0},{"not_picked":["True Grit","Havoc"],"picked":"Clothesline","floor":18.0}],"player_experience":217979,"relics_obtained":[{"floor":9.0,"key":"Letter Opener"},{"floor":11.0,"key":"Boot"}],"event_choices":[{"damage_healed":28.0,"max_hp_gain":0.0,"max_hp_loss":0.0,"gold_gain":0.0,"event_name":"Big Fish","player_choice":"Banana","floor":8.0,"gold_loss":0.0,"damage_taken":0.0}],"is_beta":false,"boss_relics":[{"not_picked":["Velvet Choker","Mark of Pain"],"picked":"Pandora\u0027s Box"}],"items_purged_floors":[],"is_endless":false,"potions_floor_spawned":[1,3,12,14,18,19],"killed_by":"Chosen","ascension_level":1}