{"gold_per_floor":[119,136,136,152,176,176,196,196,196,196,196,214,139,163,163,163],"floor_reached":16,"playtime":833,"items_purged":["Strike_G"],"score":99,"play_id":"bf398191-2680-47e3-b4cc-79c5cb9d7dc5","local_time":"20180821005029","is_ascension_mode":true,"campfire_choices":[{"data":"Backflip","floor":6,"key":"SMITH"},{"data":"Survivor","floor":11,"key":"SMITH"},{"data":"Deflect","floor":15,"key":"SMITH"}],"neow_cost":"NONE","seed_source_timestamp":422911550309950,"circlet_count":0,"master_deck":["Defend_G","Defend_G","Defend_G","Defend_G","Defend_G","Strike_G","Strike_G","Strike_G","Strike_G","Survivor+1","Neutralize+1","Backflip+1","Deflect+1","Escape Plan"],"relics":["Ring of the Snake","Golden Idol","Mummified Hand"],"potions_floor_usage":[16],"damage_taken":[{"damage":0,"enemies":"2 Louse","floor":1,"turns":3},{"damage":0,"enemies":"Small Slimes","floor":2,"turns":5},{"damage":0,"enemies":"Jaw Worm","floor":4,"turns":4},{"damage":4,"enemies":"Lots of Slimes","floor":5,"turns":9},{"damage":0,"enemies":"2 Fungi Beasts","floor":7,"turns":5},{"damage":1,"enemies":"Red Slaver","floor":12,"turns":6},{"damage":0,"enemies":"Exordium Thugs","floor":14,"turns":7},{"damage":54,"enemies":"Hexaghost","floor":16,"turns":16}],"seed_played":"3494049510602719418","potions_obtained":[{"floor":5,"key":"GamblersBrew"},{"floor":12,"key":"FearPotion"},{"floor":14,"key":"Ancient Potion"}],"is_trial":false,"path_per_floor":["M","M","?","M","M","R","M","?","T","?","R","M","$","M","R"],"character_chosen":"THE_SILENT","items_purchased":[],"campfire_rested":0,"item_purchase_floors":[],"current_hp_per_floor":[70,70,65,65,61,61,61,55,55,55,55,54,54,54,54,0],"gold":163,"neow_bonus":"UPGRADE_CARD","is_prod":false,"is_daily":false,"chose_seed":false,"campfire_upgraded":3,"win_rate":0,"timestamp":1534827029,"path_taken":["M","M","?","M","?","R","M","?","T","?","R","M","$","M","R","BOSS"],"build_version":"2018-08-16","purchased_purges":1,"victory":false,"max_hp_per_floor":[70,70,65,65,65,65,65,65,65,65,65,65,65,65,65,65],"card_choices":[{"not_picked":["Poisoned Stab","PiercingWail"],"picked":"Backflip","floor":1},{"not_picked":["Distraction","Dodge and Roll","Dagger Spray"],"picked":"SKIP","floor":2},{"not_picked":["Expertise","Dagger Spray"],"picked":"Deflect","floor":4},{"not_picked":["Cloak And Dagger","Dagger Spray","Dodge and Roll"],"picked":"SKIP","floor":5},{"not_picked":["Cloak And Dagger","Finisher","Envenom"],"picked":"SKIP","floor":7},{"not_picked":["Poisoned Stab","Dodge and Roll"],"picked":"Escape Plan","floor":12},{"not_picked":["Underhanded Strike","Dagger Spray","Flying Knee"],"picked":"SKIP","floor":14}],"player_experience":106481,"relics_obtained":[{"floor":9,"key":"Mummified Hand"}],"event_choices":[{"event_name":"Golden Idol","player_choice":"Lose Max HP","floor":3,"damage_taken":0},{"event_name":"Wheel of Change","player_choice":"Damage","floor":8,"damage_taken":0},{"event_name":"Liars Game","player_choice":"disagreed","floor":10,"damage_taken":0}],"is_beta":false,"boss_relics":[],"items_purged_floors":[13],"is_endless":false,"potions_floor_spawned":[5,12,14],"killed_by":"Hexaghost","ascension_level":1}