{"gold_per_floor":[115,65,65,80,100,135,135,149,149,149,109,109,83,93,93,189,189,203,203,128,145,145,145,172,172,172,185,185,217,217,217],"floor_reached":31,"playtime":732,"items_purged":[],"score":271,"play_id":"cb1fe4cd-9b91-48e8-bc6a-9c880df88f12","local_time":"20181014210058","is_ascension_mode":false,"campfire_choices":[{"data":"Perfected Strike","floor":7,"key":"SMITH"},{"data":"Uppercut","floor":12,"key":"SMITH"},{"floor":15,"key":"REST"},{"floor":23,"key":"REST"},{"floor":28,"key":"REST"},{"floor":30,"key":"REST"}],"neow_cost":"NONE","seed_source_timestamp":434269013702777,"circlet_count":0,"master_deck":["Strike_R","Strike_R+1","Strike_R+1","Strike_R","Strike_R","Defend_R","Bash","Sword Boomerang+1","Perfected Strike+1","Perfected Strike+1","Uppercut+1","Armaments","Immolate","Twin Strike","Demon Form","Pommel Strike"],"relics":["Burning Blood","Whetstone","Bottled Flame","Blue Candle","Runic Cube","Paper Frog","Frozen Egg 2","Bird Faced Urn"],"potions_floor_usage":[24,24,29],"damage_taken":[{"damage":6,"enemies":"Small Slimes","floor":1,"turns":3},{"damage":5,"enemies":"2 Louse","floor":4,"turns":2},{"damage":6,"enemies":"Jaw Worm","floor":5,"turns":2},{"damage":38,"enemies":"3 Sentries","floor":6,"turns":8},{"damage":16,"enemies":"Large Slime","floor":8,"turns":3},{"damage":16,"enemies":"Gremlin Gang","floor":14,"turns":5},{"damage":11,"enemies":"Slime Boss","floor":16,"turns":7},{"damage":28,"enemies":"Shell Parasite","floor":18,"turns":5},{"damage":5,"enemies":"Chosen","floor":21,"turns":3},{"damage":33,"enemies":"Slavers","floor":24,"turns":4},{"damage":18,"enemies":"Centurion and Healer","floor":27,"turns":5},{"damage":46,"enemies":"Book of Stabbing","floor":29,"turns":4},{"damage":49,"enemies":"Sentry and Sphere","floor":31,"turns":5}],"seed_played":"2098545614157705820","potions_obtained":[{"floor":6,"key":"Poison Potion"},{"floor":14,"key":"LiquidBronze"},{"floor":16,"key":"Block Potion"},{"floor":18,"key":"PowerPotion"},{"floor":27,"key":"GamblersBrew"}],"is_trial":false,"path_per_floor":["M","?","?","M","M","E","R","M","T","?","$","R","$","M","R","B",null,"M","?","?","M","?","R","E","?","T","M","R","E","R"],"character_chosen":"IRONCLAD","items_purchased":["Uppercut","Armaments"],"campfire_rested":4,"item_purchase_floors":[11,13],"current_hp_per_floor":[80,80,80,80,80,48,48,38,38,31,31,31,31,21,45,40,80,58,58,58,59,44,69,42,42,42,30,55,15,40,0],"gold":217,"neow_bonus":"RANDOM_COMMON_RELIC","is_prod":false,"is_daily":false,"chose_seed":false,"campfire_upgraded":2,"win_rate":0,"timestamp":1539565258,"path_taken":["M","?","?","M","M","E","R","M","T","?","?","R","$","M","R","BOSS","M","?","?","?","?","R","E","?","T","?","R","E","R","M"],"build_version":"2018-10-11","purchased_purges":0,"victory":false,"max_hp_per_floor":[80,80,80,80,80,80,80,80,80,80,80,80,80,80,80,80,80,80,80,80,80,85,85,85,85,85,85,85,85,85,85],"card_choices":[{"not_picked":["Cleave","Carnage"],"picked":"Sword Boomerang","floor":1},{"not_picked":["Thunderclap","Bloodletting","True Grit"],"picked":"SKIP","floor":4},{"not_picked":["Blood for Blood","Shrug It Off","Warcry"],"picked":"SKIP","floor":5},{"not_picked":["Cleave","Sentinel"],"picked":"Perfected Strike","floor":6},{"not_picked":["Corruption","Havoc"],"picked":"Perfected Strike","floor":8},{"not_picked":["Flex","Reckless Charge","Flame Barrier"],"picked":"SKIP","floor":14},{"not_picked":["Feed","Impervious"],"picked":"Immolate","floor":16},{"not_picked":["Ghostly Armor","Flame Barrier+1"],"picked":"Twin Strike","floor":18},{"not_picked":["Bloodletting","Fire Breathing+1","Shockwave"],"picked":"SKIP","floor":21},{"not_picked":["Blood for Blood+1","Warcry+1","Clothesline+1"],"picked":"SKIP","floor":24},{"not_picked":["Warcry","Iron Wave"],"picked":"Pommel Strike","floor":27},{"not_picked":["Flex+1","Infernal Blade","Headbutt+1"],"picked":"SKIP","floor":29}],"player_experience":603144,"relics_obtained":[{"floor":6,"key":"Bottled Flame"},{"floor":9,"key":"Blue Candle"},{"floor":24,"key":"Paper Frog"},{"floor":26,"key":"Frozen Egg 2"},{"floor":29,"key":"Bird Faced Urn"}],"event_choices":[{"event_name":"The Cleric","player_choice":"Card Removal","floor":2,"damage_taken":0},{"event_name":"Accursed Blacksmith","player_choice":"Forge","floor":3,"damage_taken":0},{"event_name":"Golden Wing","player_choice":"Card Removal","floor":10,"damage_taken":0},{"event_name":"Upgrade Shrine","player_choice":"Upgraded","floor":19,"damage_taken":0},{"event_name":"Beggar","player_choice":"Gave Gold","floor":20,"damage_taken":0},{"event_name":"Forgotten Altar","player_choice":"Shed Blood","floor":22,"damage_taken":0},{"event_name":"Match and Keep!","player_choice":"1 cards matched","floor":25,"damage_taken":0}],"is_beta":false,"boss_relics":[{"not_picked":["White Beast Statue","Tiny House"],"picked":"Runic Cube"}],"items_purged_floors":[],"is_endless":false,"potions_floor_spawned":[6,14,16,18,21,27],"killed_by":"Sentry and Sphere","ascension_level":0}