{"gold_per_floor":[119,135,135,135,155,190,190,221,221,12,27,27,67,103,103,231,231,255,255,270,270,283,319,319,44,68,99,99],"floor_reached":28,"playtime":2164,"items_purged":["Writhe"],"score":288,"play_id":"19efe0e0-c250-44f9-90a8-cadee7d035d2","local_time":"20180820104639","is_ascension_mode":true,"campfire_choices":[{"floor":7,"key":"REST"},{"data":"Deadly Poison","floor":12,"key":"SMITH"},{"floor":15,"key":"REST"}],"neow_cost":"","seed_source_timestamp":370939874068429,"circlet_count":0,"master_deck":["Defend_G","Defend_G","Defend_G","Defend_G","Defend_G","Strike_G+1","Strike_G+1","Strike_G","Strike_G","Survivor","Neutralize","Tactician","Deadly Poison+1","Reflex","Poisoned Stab+1","Deflect","Calculated Gamble","Backstab+1","Adrenaline","Noxious Fumes","Catalyst","Dash+1","Deadly Poison"],"relics":["Ring of the Snake","Golden Idol","Unceasing Top","Molten Egg 2","Letter Opener","Lee\u0027s Waffle","Whetstone","Odd Mushroom","Sozu","Shuriken","Kunai","Toolbox","Vajra","Ninja Scroll"],"potions_floor_usage":[],"damage_taken":[{"damage":0,"enemies":"Jaw Worm","floor":1,"turns":6},{"damage":2,"enemies":"Small Slimes","floor":2,"turns":5},{"damage":0,"enemies":"Cultist","floor":5,"turns":4},{"damage":43,"enemies":"3 Sentries","floor":6,"turns":14},{"damage":37,"enemies":"Gremlin Nob","floor":8,"turns":6},{"damage":14,"enemies":"Large Slime","floor":11,"turns":8},{"damage":25,"enemies":"3 Sentries","floor":13,"turns":11},{"damage":0,"floor":14,"turns":3},{"damage":28,"enemies":"Hexaghost","floor":16,"turns":9},{"damage":8,"enemies":"2 Thieves","floor":18,"turns":3},{"damage":0,"enemies":"Shell Parasite","floor":20,"turns":4},{"damage":6,"enemies":"Snake Plant","floor":22,"turns":3},{"damage":33,"enemies":"Book of Stabbing","floor":23,"turns":6},{"damage":13,"enemies":"Gremlin Leader","floor":27,"turns":5},{"damage":11,"enemies":"Snecko","floor":28,"turns":2}],"seed_played":"2727402230467264920","potions_obtained":[{"floor":2,"key":"SkillPotion"},{"floor":8,"key":"Strength Potion"},{"floor":11,"key":"Energy Potion"},{"floor":14,"key":"Regen Potion"}],"is_trial":false,"path_per_floor":["M","M","?","?","M","E","R","E","T","$","M","R","E","?","R","B",null,"M","?","M","?","M","E","?","$","T","E"],"character_chosen":"THE_SILENT","items_purchased":["Lee\u0027s Waffle","Toolbox"],"campfire_rested":2,"item_purchase_floors":[10,25],"current_hp_per_floor":[70,68,65,65,65,22,41,4,4,72,58,58,33,33,54,26,72,64,64,64,55,49,16,16,16,16,3,0],"gold":99,"neow_bonus":"","is_prod":false,"is_daily":false,"chose_seed":false,"campfire_upgraded":1,"win_rate":0,"timestamp":1534776399,"path_taken":["M","M","?","?","M","E","R","E","T","$","M","R","E","?","R","BOSS","M","?","M","?","M","E","?","?","T","E","M"],"build_version":"2018-08-16","purchased_purges":1,"victory":false,"max_hp_per_floor":[70,70,65,65,65,65,65,65,65,72,72,72,72,72,72,72,72,72,72,72,72,72,72,72,72,72,72,72],"card_choices":[{"not_picked":["Underhanded Strike","Outmaneuver"],"picked":"Tactician","floor":1},{"not_picked":["Dagger Spray","Sucker Punch","Expertise"],"picked":"SKIP","floor":2},{"not_picked":["Dagger Throw","Outmaneuver"],"picked":"Deadly Poison","floor":5},{"not_picked":["Finisher","Infinite Blades"],"picked":"Reflex","floor":6},{"not_picked":["Dagger Throw","Caltrops"],"picked":"Poisoned Stab","floor":8},{"not_picked":["Dagger Throw+1","Dash+1"],"picked":"Deflect","floor":11},{"not_picked":["Slice+1","Sucker Punch+1"],"picked":"Calculated Gamble","floor":13},{"not_picked":["Glass Knife+1","Riddle With Holes+1"],"picked":"Backstab+1","floor":14},{"not_picked":["Burst","Phantasmal Killer"],"picked":"Adrenaline","floor":16},{"not_picked":["Underhanded Strike+1","Outmaneuver+1","Flying Knee+1"],"picked":"SKIP","floor":18},{"not_picked":["Backflip","Flying Knee+1"],"picked":"Catalyst","floor":20},{"not_picked":["Bane+1","Acrobatics+1"],"picked":"Dash+1","floor":22},{"not_picked":["Footwork","Prepared"],"picked":"Deadly Poison","floor":23},{"not_picked":["Underhanded Strike+1","Skewer+1","Reflex"],"picked":"SKIP","floor":27}],"player_experience":58844,"relics_obtained":[{"floor":6,"key":"Unceasing Top"},{"floor":8,"key":"Molten Egg 2"},{"floor":9,"key":"Letter Opener"},{"floor":13,"key":"Whetstone"},{"floor":14,"key":"Odd Mushroom"},{"floor":23,"key":"Shuriken"},{"floor":26,"key":"Vajra"},{"floor":27,"key":"Ninja Scroll"}],"event_choices":[{"event_name":"Golden Idol","player_choice":"Lose Max HP","floor":3,"damage_taken":0},{"event_name":"Purifier","player_choice":"One Purge","floor":4,"damage_taken":0},{"event_name":"Mushrooms","player_choice":"Fought Mushrooms","floor":14,"damage_taken":0},{"event_name":"The Library","player_choice":"Read","floor":19,"damage_taken":0},{"event_name":"Cursed Tome","player_choice":"Stopped","floor":21,"damage_taken":0},{"event_name":"The Mausoleum","player_choice":"Yes","floor":24,"damage_taken":0}],"is_beta":false,"boss_relics":[{"not_picked":["Busted Crown","WristBlade"],"picked":"Sozu"}],"items_purged_floors":[25],"is_endless":false,"potions_floor_spawned":[2,8,11,14,16,18,27],"killed_by":"Snecko","ascension_level":1}