{"gold_per_floor":[111,126,126,126,19,19,59,59,104,137,137,175,175,189,189,317,317,332,345,345,27,42,42,75,98,98,111,150,150,150,171,171,292,292,317,338,338,356,376,376,419,419,419,434,20,35,35,35],"floor_reached":48,"playtime":2819,"items_purged":[],"score":571,"play_id":"6ebd970d-7a76-4e0b-b041-f38c6f43de41","local_time":"20190716023324","is_ascension_mode":true,"campfire_choices":[{"data":"Whirlwind","floor":6,"key":"SMITH"},{"floor":8,"key":"REST"},{"floor":11,"key":"REST"},{"floor":13,"key":"REST"},{"data":"Armaments","floor":15,"key":"SMITH"},{"data":"Heavy Blade","floor":23,"key":"SMITH"},{"data":"Heavy Blade","floor":30,"key":"SMITH"},{"floor":32,"key":"REST"},{"floor":40,"key":"REST"},{"floor":42,"key":"REST"}],"neow_cost":"NONE","seed_source_timestamp":399455955014600,"circlet_count":0,"master_deck":["Strike_R","Strike_R","Strike_R","Strike_R","Defend_R","Defend_R","Defend_R","Defend_R","Bash","Armaments+1","Pummel","Battle Trance","Whirlwind+1","Shrug It Off","Immolate","Spot Weakness+1","Rage+1","Havoc+1","Armaments+1","Shrug It Off+1","Reaper","Flex+1","Heavy Blade+1","Cleave","Fire Breathing","Heavy Blade+1","Impervious+1","Rage+1","RitualDagger","Evolve","Flex+1","Bloodletting+1","Clash+1","Spot Weakness+1","Armaments+1","Thunderclap","Feed","Sword Boomerang+1","Flex+1","Limit Break+1","Fiend Fire","Uppercut","Combust"],"relics":["Burning Blood","Golden Idol","Toxic Egg 2","Dream Catcher","Bag of Marbles","Self Forming Clay","Orrery","Meat on the Bone","Letter Opener","Matryoshka","Centennial Puzzle","Blood Vial","Black Star","Mercury Hourglass","Bottled Tornado","Bag of Preparation","Dodecahedron","Red Skull","Strange Spoon"],"potions_floor_usage":[7,16,19,25,33,33,38,41,46,48,48],"damage_taken":[{"damage":2,"enemies":"Small Slimes","floor":1,"turns":4},{"damage":4,"enemies":"2 Louse","floor":2,"turns":3},{"damage":33,"enemies":"Lagavulin","floor":7,"turns":6},{"damage":35,"enemies":"Gremlin Nob","floor":10,"turns":5},{"damage":18,"enemies":"Lagavulin","floor":12,"turns":5},{"damage":1,"enemies":"Cultist","floor":14,"turns":3},{"damage":30,"enemies":"Slime Boss","floor":16,"turns":7},{"damage":18,"enemies":"Shell Parasite","floor":18,"turns":5},{"damage":0,"enemies":"2 Thieves","floor":19,"turns":3},{"damage":3,"enemies":"Centurion and Healer","floor":22,"turns":10},{"damage":59,"enemies":"Gremlin Leader","floor":24,"turns":9},{"damage":3,"enemies":"Cultist and Chosen","floor":25,"turns":4},{"damage":24,"enemies":"Chosen and Byrds","floor":27,"turns":5},{"damage":7,"enemies":"Slavers","floor":28,"turns":4},{"damage":7,"enemies":"3 Cultists","floor":31,"turns":4},{"damage":57,"enemies":"Collector","floor":33,"turns":7},{"damage":28,"enemies":"Orb Walker","floor":35,"turns":4},{"damage":20,"enemies":"3 Darklings","floor":36,"turns":5},{"damage":66,"enemies":"Transient","floor":38,"turns":5},{"damage":6,"enemies":"Spire Growth","floor":39,"turns":3},{"damage":21,"enemies":"Reptomancer","floor":41,"turns":2},{"damage":16,"enemies":"4 Shapes","floor":44,"turns":2},{"damage":15,"enemies":"Jaw Worm Horde","floor":46,"turns":3},{"damage":106,"enemies":"Giant Head","floor":48,"turns":8}],"seed_played":"-8570020028799184231","potions_obtained":[{"floor":1,"key":"FearPotion"},{"floor":12,"key":"Swift Potion"},{"floor":14,"key":"Block Potion"},{"floor":22,"key":"EssenceOfSteel"},{"floor":24,"key":"Fruit Juice"},{"floor":31,"key":"Ancient Potion"},{"floor":33,"key":"Poison Potion"},{"floor":35,"key":"LiquidBronze"},{"floor":36,"key":"LiquidBronze"},{"floor":39,"key":"AttackPotion"}],"is_trial":false,"path_per_floor":["M","M","?","?","$","R","E","R","T","E","R","E","R","M","R","B",null,"M","M","?","$","M","R","E","M","T","M","E","?","R","M","R","B",null,"M","M","?","M","M","R","E","R","T","M","$","M","$","E"],"character_chosen":"IRONCLAD","items_purchased":["Whirlwind","Shrug It Off","Meat on the Bone","Evolve","Red Skull","Strange Spoon","Regen Potion"],"campfire_rested":6,"item_purchase_floors":[5,5,21,21,45,45,45],"current_hp_per_floor":[80,80,60,53,53,53,26,50,50,21,45,33,57,62,62,38,80,68,80,74,74,77,77,36,56,56,50,56,56,56,57,82,45,85,63,67,67,21,39,64,51,76,76,68,68,70,70,0],"gold":35,"neow_bonus":"THREE_CARDS","is_prod":false,"is_daily":false,"chose_seed":false,"campfire_upgraded":4,"win_rate":0,"timestamp":1563258804,"path_taken":["M","M","?","?","$","R","E","R","T","E","R","E","R","M","R","BOSS","M","M","?","$","M","R","E","M","T","M","E","?","R","M","R","BOSS","M","M","?","M","M","R","E","R","T","M","$","M","$","E"],"build_version":"2019-07-05","purchased_purges":0,"victory":false,"max_hp_per_floor":[80,80,80,80,80,80,80,80,80,80,80,80,80,80,80,80,80,80,80,80,80,80,80,80,85,85,85,85,85,85,85,85,85,85,85,85,85,85,85,85,85,85,85,85,85,85,85,85],"card_choices":[{"not_picked":["Second Wind","Disarm"],"picked":"Armaments","floor":0},{"not_picked":["Power Through","Perfected Strike"],"picked":"Pummel","floor":1},{"not_picked":["Twin Strike","Hemokinesis"],"picked":"Battle Trance","floor":2},{"not_picked":["Metallicize","Shrug It Off"],"picked":"Immolate","floor":7},{"not_picked":["Heavy Blade","Perfected Strike"],"picked":"Spot Weakness+1","floor":10},{"not_picked":["Clash","True Grit+1"],"picked":"Rage+1","floor":11},{"not_picked":["Wild Strike","Clash"],"picked":"Havoc+1","floor":12},{"not_picked":["Clash","Second Wind+1"],"picked":"Armaments+1","floor":13},{"not_picked":["Twin Strike","Anger"],"picked":"Shrug It Off+1","floor":14},{"not_picked":["Immolate","Juggernaut"],"picked":"Reaper","floor":16},{"not_picked":["True Grit+1","Thunderclap"],"picked":"Flex+1","floor":17},{"not_picked":["Havoc+1","Burning Pact+1"],"picked":"Heavy Blade","floor":17},{"not_picked":["Sever Soul","Power Through+1"],"picked":"Cleave","floor":17},{"not_picked":["Armaments+1","Carnage"],"picked":"Fire Breathing","floor":17},{"not_picked":["Armaments+1","Pommel Strike"],"picked":"Heavy Blade","floor":17},{"not_picked":["Body Slam+1","Power Through+1"],"picked":"Impervious+1","floor":18},{"not_picked":["Searing Blow","Carnage+1"],"picked":"Rage+1","floor":19},{"not_picked":["Whirlwind","Pummel+1"],"picked":"Flex+1","floor":22},{"not_picked":["Warcry+1","Juggernaut"],"picked":"Bloodletting+1","floor":24},{"not_picked":["Blood for Blood","Twin Strike+1"],"picked":"Clash+1","floor":25},{"not_picked":["Infernal Blade+1","Pommel Strike+1","Clash"],"picked":"SKIP","floor":27},{"not_picked":["Shrug It Off+1","Uppercut"],"picked":"Spot Weakness+1","floor":28},{"not_picked":["Clash+1","Body Slam"],"picked":"Armaments+1","floor":31},{"not_picked":["True Grit+1","Clash"],"picked":"Thunderclap","floor":32},{"not_picked":["Brutality","Exhume+1"],"picked":"Feed","floor":33},{"not_picked":["Heavy Blade+1","Pummel+1","Sword Boomerang+1"],"picked":"SKIP","floor":35},{"not_picked":["Feel No Pain","Infernal Blade+1"],"picked":"Sword Boomerang+1","floor":36},{"not_picked":["Clothesline","Wild Strike+1"],"picked":"Flex+1","floor":38},{"not_picked":["Clash","Warcry+1","Wild Strike+1"],"picked":"SKIP","floor":39},{"not_picked":["Disarm+1","Pommel Strike"],"picked":"Limit Break+1","floor":40},{"not_picked":["Entrench+1","Thunderclap+1"],"picked":"Fiend Fire","floor":41},{"not_picked":["Shrug It Off+1","Intimidate+1"],"picked":"Uppercut","floor":42},{"not_picked":["Dropkick","Rupture","Clash+1"],"picked":"SKIP","floor":44},{"not_picked":["Flex+1","True Grit+1"],"picked":"Combust","floor":46}],"player_experience":230342,"relics_obtained":[{"floor":7,"key":"Toxic Egg 2"},{"floor":9,"key":"Dream Catcher"},{"floor":10,"key":"Bag of Marbles"},{"floor":12,"key":"Self Forming Clay"},{"floor":24,"key":"Letter Opener"},{"floor":26,"key":"Matryoshka"},{"floor":28,"key":"Centennial Puzzle"},{"floor":41,"key":"Mercury Hourglass"},{"floor":41,"key":"Bottled Tornado"},{"floor":43,"key":"Bag of Preparation"},{"floor":43,"key":"Dodecahedron"}],"event_choices":[{"damage_healed":0,"gold_gain":0,"player_choice":"Take Damage","damage_taken":20,"relics_obtained":["Golden Idol"],"max_hp_gain":0,"max_hp_loss":0,"event_name":"Golden Idol","floor":3,"gold_loss":0},{"cards_removed":["Strike_R"],"damage_healed":0,"gold_gain":0,"player_choice":"Card Removal","damage_taken":7,"max_hp_gain":0,"max_hp_loss":0,"event_name":"Golden Wing","floor":4,"gold_loss":0},{"damage_healed":0,"gold_gain":0,"player_choice":"Joined the Cult","damage_taken":6,"max_hp_gain":0,"max_hp_loss":0,"event_name":"Nest","floor":20,"gold_loss":0,"cards_obtained":["RitualDagger"]},{"damage_healed":0,"gold_gain":0,"player_choice":"Opened","damage_taken":0,"relics_obtained":["Blood Vial"],"max_hp_gain":0,"max_hp_loss":0,"event_name":"The Mausoleum","floor":29,"gold_loss":0,"cards_obtained":["Writhe"]},{"cards_removed":["Writhe"],"damage_healed":0,"gold_gain":0,"player_choice":"Removed Curses","damage_taken":0,"max_hp_gain":0,"max_hp_loss":0,"event_name":"Fountain of Cleansing","floor":37,"gold_loss":0}],"is_beta":false,"boss_relics":[{"not_picked":["Runic Dome","Cursed Key"],"picked":"Orrery"},{"not_picked":["Calling Bell","Tiny House"],"picked":"Black Star"}],"items_purged_floors":[],"is_endless":false,"potions_floor_spawned":[1,12,14,22,24,31,33,35,36,39],"killed_by":"Giant Head","ascension_level":1}