{"gold_per_floor":[117,117,42,55,55,113,136,146,201,212,85,85,95,167,167,264,264,282,299,222,222],"floor_reached":21,"playtime":1561,"items_purged":["Strike_R","Strike_R+1"],"score":179,"play_id":"8b3f1ba9-66c5-4464-95c6-79bc12196361","local_time":"20190709021412","is_ascension_mode":false,"campfire_choices":[{"floor":12,"key":"REST"},{"floor":15,"key":"REST"}],"neow_cost":"NONE","seed_source_timestamp":53239893186173,"circlet_count":0,"master_deck":["Strike_R","Strike_R","Defend_R","Defend_R","Defend_R","Bash","Dual Wield+1","Shrug It Off","Pommel Strike","Spot Weakness","Armaments","Thunderclap","Metallicize","Feed","Rage","Heavy Blade+1","Inflame"],"relics":["Black Blood","Tiny Chest","Happy Flower","Boot","Sundial"],"potions_floor_usage":[],"damage_taken":[{"damage":6,"enemies":"2 Louse","floor":1,"turns":3},{"damage":6,"enemies":"Jaw Worm","floor":4,"turns":6},{"damage":46,"enemies":"3 Sentries","floor":6,"turns":11},{"damage":3,"enemies":"Cultist","floor":8,"turns":5},{"damage":4,"enemies":"Exordium Thugs","floor":10,"turns":6},{"damage":3,"enemies":"Lots of Slimes","floor":13,"turns":4},{"damage":50,"enemies":"Hexaghost","floor":16,"turns":10},{"damage":37,"enemies":"3 Byrds","floor":18,"turns":6},{"damage":14,"enemies":"Shell Parasite","floor":19,"turns":10},{"damage":57,"enemies":"Chosen and Byrds","floor":21,"turns":8}],"seed_played":"-5940559220958080893","potions_obtained":[{"floor":8,"key":"Energy Potion"},{"floor":10,"key":"SkillPotion"},{"floor":16,"key":"LiquidBronze"}],"is_trial":false,"path_per_floor":["M","?","$","M","?","E","T","M","T","M","$","R","M","T","R","B",null,"M","M","$","M"],"character_chosen":"IRONCLAD","items_purchased":["Thunderclap","Inflame"],"campfire_rested":2,"item_purchase_floors":[11,20],"current_hp_per_floor":[80,73,73,73,57,17,17,20,20,22,22,46,49,49,73,29,80,56,56,56,0],"gold":222,"neow_bonus":"TRANSFORM_CARD","is_prod":false,"is_daily":false,"chose_seed":false,"campfire_upgraded":0,"win_rate":0.0,"timestamp":1562652852,"path_taken":["M","?","$","M","?","E","?","?","T","M","?","R","?","?","R","BOSS","M","M","$","M"],"build_version":"2019-07-05","purchased_purges":2,"victory":false,"max_hp_per_floor":[80,80,80,80,80,80,80,80,80,80,80,80,80,80,80,80,80,83,87,87,87],"card_choices":[{"not_picked":["Cleave","Battle Trance"],"picked":"Shrug It Off","floor":1},{"not_picked":["Dual Wield","Twin Strike"],"picked":"Pommel Strike","floor":4},{"not_picked":["Anger","Clothesline"],"picked":"Spot Weakness","floor":6},{"not_picked":["Clothesline","Body Slam"],"picked":"Armaments","floor":8},{"not_picked":["Clash","Pummel","Whirlwind"],"picked":"SKIP","floor":10},{"not_picked":["Twin Strike","Berserk"],"picked":"Metallicize","floor":13},{"not_picked":["Fiend Fire","Double Tap"],"picked":"Feed","floor":16},{"not_picked":["Dual Wield+1","Flex"],"picked":"Rage","floor":18},{"not_picked":["True Grit","Cleave"],"picked":"Heavy Blade+1","floor":19}],"player_experience":36754,"relics_obtained":[{"floor":6,"key":"Tiny Chest"},{"floor":7,"key":"Happy Flower"},{"floor":9,"key":"Boot"},{"floor":14,"key":"Sundial"}],"event_choices":[{"cards_removed":["Defend_R"],"damage_healed":0,"gold_gain":0,"player_choice":"Card Removal","damage_taken":7,"max_hp_gain":0,"max_hp_loss":0,"event_name":"Golden Wing","floor":2,"gold_loss":0},{"damage_healed":0,"gold_gain":0,"player_choice":"Entered Light","damage_taken":16,"max_hp_gain":0,"max_hp_loss":0,"event_name":"Shining Light","floor":5,"gold_loss":0,"cards_upgraded":["Dual Wield","Strike_R"]}],"is_beta":false,"boss_relics":[{"not_picked":["Runic Pyramid","Eternal Feather"],"picked":"Black Blood"}],"items_purged_floors":[3,11],"is_endless":false,"potions_floor_spawned":[8,10,16,19],"killed_by":"Chosen and Byrds","ascension_level":0}