{"gold_per_floor":[116,116,116,16,27,27,52,24,95,121,138,164,164,174,174,245,245,255,255,12,32,32,32,82,82,82,82,95,122,122,132,132,132],"floor_reached":33,"playtime":1142,"items_purged":["Regret"],"score":662,"play_id":"03f75bba-6466-4b3e-a94a-1649d3bda2fb","local_time":"20190316235358","is_ascension_mode":true,"campfire_choices":[{"data":"Zap","floor":6.0,"key":"SMITH"},{"data":"Coolheaded","floor":13.0,"key":"SMITH"},{"data":"Strike_B","floor":15.0,"key":"PURGE"},{"data":"Apotheosis","floor":23.0,"key":"SMITH"},{"data":"Strike_B","floor":25.0,"key":"PURGE"},{"floor":27.0,"key":"REST"},{"floor":32.0,"key":"REST"}],"neow_cost":"NONE","seed_source_timestamp":249797144815521,"circlet_count":0,"master_deck":["AscendersBane","Strike_B","Strike_B","Defend_B","Defend_B","Defend_B","Defend_B","Zap+1","Dualcast","Rip and Tear","Cold Snap","Ball Lightning","Chill","Coolheaded+1","Seek","Apotheosis+1","Recycle","Conserve Battery","White Noise","Go for the Eyes"],"special_seed":0,"relics":["Cracked Core","NeowsBlessing","Singing Bowl","Symbiotic Virus","Cables","Mercury Hourglass","Peace Pipe","Inserter","Unceasing Top","Art of War"],"potions_floor_usage":[33],"damage_taken":[{"damage":0.0,"enemies":"Jaw Worm","floor":1.0,"turns":1.0},{"damage":0.0,"enemies":"Cultist","floor":5.0,"turns":1.0},{"damage":0.0,"enemies":"3 Sentries","floor":7.0,"turns":1.0},{"damage":1.0,"enemies":"Gremlin Nob","floor":10.0,"turns":3.0},{"damage":3.0,"enemies":"Small Slimes","floor":11.0,"turns":2.0},{"damage":0.0,"enemies":"3 Sentries","floor":12.0,"turns":5.0},{"damage":0.0,"enemies":"Exordium Thugs","floor":14.0,"turns":3.0},{"damage":16.0,"enemies":"The Guardian","floor":16.0,"turns":9.0},{"damage":8.0,"enemies":"3 Byrds","floor":18.0,"turns":3.0},{"damage":19.0,"enemies":"Shell Parasite","floor":21.0,"turns":3.0},{"damage":2.0,"enemies":"Snecko","floor":28.0,"turns":5.0},{"damage":27.0,"enemies":"Slavers","floor":29.0,"turns":7.0},{"damage":15.0,"enemies":"Cultist and Chosen","floor":31.0,"turns":6.0},{"damage":42,"enemies":"Automaton","floor":33,"turns":8}],"seed_played":"2295314213540201995","potions_obtained":[{"floor":1.0,"key":"Ancient Potion"},{"floor":3.0,"key":"FearPotion"},{"floor":3.0,"key":"GamblersBrew"},{"floor":7.0,"key":"Energy Potion"},{"floor":11.0,"key":"SpeedPotion"},{"floor":14.0,"key":"SteroidPotion"}],"is_trial":false,"path_per_floor":["M","?","?","$","M","R","E","$","T","E","M","E","R","M","R","B",null,"M","?","$","M","T","R","?","R","T","R","M","E","?","M","R","B"],"character_chosen":"DEFECT","items_purchased":["Cold Snap","Coolheaded","Apotheosis","Recycle"],"campfire_rested":2,"item_purchase_floors":[4,8,20,20],"current_hp_per_floor":[64,64,64,64,64,64,64,64,64,65,64,66,66,68,68,52,72,66,43,43,24,24,24,24,24,24,49,49,22,22,7,33,0],"gold":132,"neow_bonus":"THREE_ENEMY_KILL","is_prod":false,"is_daily":false,"chose_seed":false,"campfire_upgraded":3,"win_rate":0,"timestamp":1552794838,"path_taken":["M","?","?","$","?","R","E","$","T","E","?","E","R","M","R","BOSS","M","?","?","?","?","R","?","R","T","R","M","E","?","?","R","BOSS"],"build_version":"2019-01-23","purchased_purges":1,"victory":false,"max_hp_per_floor":[71,71,71,71,71,71,71,71,71,73,75,77,77,79,79,79,79,81,86,86,86,86,86,86,86,86,86,88,88,88,88,88,88],"card_choices":[{"not_picked":["FTL","Gash"],"picked":"Rip and Tear","floor":1.0},{"not_picked":["Gash","Streamline"],"picked":"Ball Lightning","floor":5.0},{"not_picked":["Storm","Double Energy"],"picked":"Chill","floor":7.0},{"not_picked":["Cold Snap","Beam Cell","Go for the Eyes"],"picked":"Singing Bowl","floor":10.0},{"not_picked":["Steam","Barrage","Fusion"],"picked":"Singing Bowl","floor":11.0},{"not_picked":["Redo","Turbo","Leap"],"picked":"Singing Bowl","floor":12.0},{"not_picked":["Chaos","Steam Power","Auto Shields"],"picked":"Singing Bowl","floor":14.0},{"not_picked":["Buffer","Meteor Strike"],"picked":"Seek","floor":16.0},{"not_picked":["FTL","Redo","Double Energy"],"picked":"Singing Bowl","floor":18.0},{"not_picked":["Turbo","Redo"],"picked":"Conserve Battery","floor":21.0},{"not_picked":["Steam","Streamline","Cold Snap"],"picked":"Singing Bowl","floor":28.0},{"not_picked":["Conserve Battery","Thunder Strike"],"picked":"White Noise","floor":29.0},{"not_picked":["Tempest","Steam Power"],"picked":"Go for the Eyes","floor":31.0}],"player_experience":922457,"relics_obtained":[{"floor":7.0,"key":"Symbiotic Virus"},{"floor":9.0,"key":"Cables"},{"floor":10.0,"key":"Mercury Hourglass"},{"floor":12.0,"key":"Peace Pipe"},{"floor":22.0,"key":"Unceasing Top"},{"floor":29.0,"key":"Art of War"}],"event_choices":[{"damage_healed":0.0,"max_hp_gain":0.0,"max_hp_loss":0.0,"gold_gain":0.0,"event_name":"Big Fish","player_choice":"Box","floor":2.0,"gold_loss":0.0,"damage_taken":0.0,"relics_obtained":["Singing Bowl"],"cards_obtained":["Regret"]},{"damage_healed":0.0,"max_hp_gain":0.0,"max_hp_loss":0.0,"gold_gain":0.0,"event_name":"Lab","player_choice":"Got Potions","floor":3.0,"gold_loss":0.0,"damage_taken":0.0},{"damage_healed":0.0,"max_hp_gain":5.0,"max_hp_loss":0.0,"gold_gain":0.0,"event_name":"Forgotten Altar","player_choice":"Shed Blood","floor":19.0,"gold_loss":0.0,"damage_taken":28.0},{"damage_healed":0.0,"max_hp_gain":0.0,"max_hp_loss":0.0,"gold_gain":50.0,"event_name":"Nest","player_choice":"Stole From Cult","floor":24.0,"gold_loss":0.0,"damage_taken":0.0},{"damage_healed":0.0,"max_hp_gain":0.0,"max_hp_loss":0.0,"gold_gain":0.0,"event_name":"Vampires","player_choice":"Ignored","floor":30.0,"gold_loss":0.0,"damage_taken":0.0}],"is_beta":false,"boss_relics":[{"not_picked":["Busted Crown","Empty Cage"],"picked":"Inserter"}],"items_purged_floors":[4],"is_endless":false,"potions_floor_spawned":[1,7,11,14,18,29],"killed_by":"Automaton","ascension_level":20}