{"gold_per_floor":[118,133,153,173,173,173,186,186,213,278,278,295,295,327,327,402,402,413,430,331,331,331,365,365,365,365,365,378,16,16,31,31,31],"floor_reached":33,"playtime":1399,"items_purged":["Strike_B","Strike_B+1"],"score":550,"play_id":"a71eafc6-cb09-4254-b92c-8a578ab41c55","local_time":"20190513004243","is_ascension_mode":true,"campfire_choices":[{"data":"Zap","floor":6,"key":"SMITH"},{"data":"Scrape","floor":8,"key":"SMITH"},{"floor":13,"key":"REST"},{"floor":15,"key":"REST"},{"data":"Fission","floor":24,"key":"SMITH"},{"floor":27,"key":"REST"},{"data":"Creative AI","floor":30,"key":"SMITH"},{"floor":32,"key":"REST"}],"neow_cost":"NONE","seed_source_timestamp":775061356004050,"circlet_count":0,"master_deck":["AscendersBane","Strike_B+1","Strike_B+1","Defend_B+1","Defend_B+1","Defend_B+1","Defend_B+1","Zap+1","Dualcast","Gash","Gash","Sweeping Beam","Auto Shields","Scrape+1","FTL","Core Surge","Coolheaded","Loop","Fission+1","Defragment+1","Reinforced Body+1","Ball Lightning","Creative AI+1"],"relics":["Cracked Core","NeowsBlessing","Omamori","Tiny Chest","Pen Nib","Bag of Marbles","Runic Pyramid","Happy Flower","Dream Catcher","Torii","Membership Card","Ancient Tea Set"],"potions_floor_usage":[16,23,31,33,33],"damage_taken":[{"damage":0,"enemies":"Cultist","floor":1,"turns":1},{"damage":0,"enemies":"Jaw Worm","floor":2,"turns":1},{"damage":0,"enemies":"Small Slimes","floor":3,"turns":1},{"damage":20,"enemies":"3 Louse","floor":4,"turns":3},{"damage":10,"enemies":"Exordium Thugs","floor":7,"turns":3},{"damage":25,"enemies":"Gremlin Nob","floor":10,"turns":4},{"damage":0,"enemies":"2 Fungi Beasts","floor":12,"turns":2},{"damage":21,"enemies":"Lagavulin","floor":14,"turns":6},{"damage":2,"enemies":"Slime Boss","floor":16,"turns":6},{"damage":2,"enemies":"Chosen","floor":18,"turns":4},{"damage":26,"enemies":"Shell Parasite","floor":19,"turns":6},{"damage":26,"enemies":"Book of Stabbing","floor":23,"turns":5},{"damage":1,"enemies":"3 Cultists","floor":28,"turns":4},{"damage":1,"enemies":"Centurion and Healer","floor":31,"turns":4},{"damage":50,"enemies":"Automaton","floor":33,"turns":10}],"seed_played":"5080138360188596750","potions_obtained":[{"floor":1,"key":"Fire Potion"},{"floor":3,"key":"AttackPotion"},{"floor":18,"key":"PowerPotion"},{"floor":23,"key":"Swift Potion"},{"floor":25,"key":"EntropicBrew"}],"is_trial":false,"path_per_floor":["M","M","M","M","?","R","M","R","T","E","T","M","R","E","R","B",null,"M","M","$","T","?","E","R","?","T","R","M","$","R","M","R","B"],"character_chosen":"DEFECT","items_purchased":["Ball Lightning","Membership Card","Ancient Tea Set"],"campfire_rested":4,"item_purchase_floors":[20,29,29],"current_hp_per_floor":[64,64,64,44,44,44,34,34,34,9,9,9,30,9,30,28,60,58,32,32,32,32,6,6,6,6,27,26,26,26,25,46,0],"gold":31,"neow_bonus":"THREE_ENEMY_KILL","is_prod":false,"is_daily":false,"chose_seed":false,"campfire_upgraded":4,"win_rate":0,"timestamp":1557722563,"path_taken":["M","?","M","?","?","R","?","R","T","E","?","M","R","E","R","BOSS","M","M","$","?","?","E","R","?","T","R","M","$","R","M","R","BOSS"],"build_version":"2019-01-23","purchased_purges":2,"victory":false,"max_hp_per_floor":[71,71,71,71,71,71,71,71,71,71,71,71,71,71,71,71,71,71,71,71,71,71,71,71,71,71,71,71,71,71,71,71,71],"card_choices":[{"not_picked":["Loop","Steam"],"picked":"Gash","floor":1},{"not_picked":["White Noise","Sweeping Beam"],"picked":"Gash","floor":2},{"not_picked":["Turbo","Leap"],"picked":"Sweeping Beam","floor":3},{"not_picked":["Barrage","Conserve Battery"],"picked":"Auto Shields","floor":4},{"not_picked":["Doom and Gloom","Tempest"],"picked":"FTL","floor":7},{"not_picked":["Force Field","Turbo"],"picked":"Core Surge","floor":10},{"not_picked":["Stack","Consume"],"picked":"Coolheaded","floor":12},{"not_picked":["Turbo","Blizzard"],"picked":"Loop","floor":14},{"not_picked":["Amplify","Machine Learning"],"picked":"Fission","floor":16},{"not_picked":["Melter","Beam Cell"],"picked":"Defragment+1","floor":18},{"not_picked":["Redo","Streamline"],"picked":"Reinforced Body+1","floor":19},{"not_picked":["Barrage","Storm"],"picked":"Creative AI","floor":23},{"not_picked":["Storm","Sweeping Beam","Static Discharge"],"picked":"SKIP","floor":28},{"not_picked":["Blizzard","Darkness","Barrage"],"picked":"SKIP","floor":31}],"player_experience":1326473,"relics_obtained":[{"floor":9,"key":"Omamori"},{"floor":10,"key":"Tiny Chest"},{"floor":11,"key":"Pen Nib"},{"floor":14,"key":"Bag of Marbles"},{"floor":21,"key":"Happy Flower"},{"floor":23,"key":"Dream Catcher"},{"floor":26,"key":"Torii"}],"event_choices":[{"damage_healed":0,"gold_gain":0,"player_choice":"1 cards matched","damage_taken":0,"max_hp_gain":0,"max_hp_loss":0,"event_name":"Match and Keep!","floor":5,"gold_loss":0,"cards_obtained":["Scrape"]},{"damage_healed":0,"gold_gain":0,"player_choice":"Simplicity","damage_taken":0,"max_hp_gain":0,"max_hp_loss":0,"event_name":"Back to Basics","floor":22,"gold_loss":0,"cards_upgraded":["Strike_B","Strike_B","Strike_B","Defend_B","Defend_B","Defend_B","Defend_B"]},{"damage_healed":0,"gold_gain":0,"player_choice":"Got Potions","damage_taken":0,"max_hp_gain":0,"max_hp_loss":0,"event_name":"Lab","floor":25,"gold_loss":0}],"is_beta":false,"boss_relics":[{"not_picked":["Tiny House","White Beast Statue"],"picked":"Runic Pyramid"}],"items_purged_floors":[20,29],"is_endless":false,"potions_floor_spawned":[1,3,7,18,23,28],"killed_by":"Automaton","ascension_level":20}