{"gold_per_floor":[112,112,26,40,65,97,97,132,132,132,143,143,471,471,471,576,626,642,842,858,43,59,85,85,98,98,50,50,50],"floor_reached":29,"playtime":1534,"items_purged":["Strike_B"],"score":310,"play_id":"f04f68da-d1a8-4c20-8b00-14ef7b0635c5","local_time":"20190625020305","is_ascension_mode":true,"campfire_choices":[{"floor":7,"key":"RECALL"},{"floor":10,"key":"REST"},{"floor":12,"key":"REST"},{"floor":15,"key":"REST"},{"floor":24,"key":"REST"}],"neow_cost":"NONE","seed_source_timestamp":125244460458200,"circlet_count":0,"master_deck":["Strike_B","Strike_B","Strike_B","Defend_B","Defend_B","Defend_B","Defend_B","Zap+1","Dualcast+1","Turbo","Capacitor+1","Redo","Leap","Ball Lightning","Cold Snap","Cold Snap","Amplify","Buffer","Ball Lightning","Static Discharge+1","Sweeping Beam","Loop","Darkness","Chill","BootSequence"],"relics":["Cracked Core","Strawberry","Boot","Bottled Flame","Old Coin","Tiny House","ClockworkSouvenir","Pear","Happy Flower","Blue Candle","Vajra"],"potions_floor_usage":[11,11,13,16,22,23,25,25,29],"damage_taken":[{"damage":0,"enemies":"2 Louse","floor":1,"turns":2},{"damage":0,"enemies":"Cultist","floor":4,"turns":3},{"damage":36,"enemies":"Gremlin Nob","floor":6,"turns":5},{"damage":34,"enemies":"Lagavulin","floor":8,"turns":7},{"damage":0,"enemies":"Jaw Worm","floor":11,"turns":2},{"damage":19,"enemies":"3 Sentries","floor":13,"turns":6},{"damage":49,"enemies":"The Guardian","floor":16,"turns":12},{"damage":32,"enemies":"3 Byrds","floor":18,"turns":5},{"damage":12,"enemies":"Chosen","floor":20,"turns":5},{"damage":29,"enemies":"3 Cultists","floor":22,"turns":4},{"damage":34,"enemies":"Slavers","floor":23,"turns":5},{"damage":28,"enemies":"Sentry and Sphere","floor":25,"turns":5},{"damage":4,"enemies":"Book of Stabbing","floor":29,"turns":4}],"seed_played":"2464738027518580862","potions_obtained":[{"floor":8,"key":"EntropicBrew"},{"floor":16,"key":"Strength Potion"},{"floor":17,"key":"SpeedPotion"},{"floor":22,"key":"Swift Potion"}],"is_trial":false,"path_per_floor":["M","?","$","M","T","E","R","E","T","R","M","R","E","?","R","B",null,"M","?","M","$","M","E","R","M","T","$","?","E"],"character_chosen":"DEFECT","items_purchased":["Capacitor","Redo","ClockworkSouvenir","Pear","Happy Flower","Loop","Regen Potion","PowerPotion"],"campfire_rested":4,"item_purchase_floors":[3,3,21,21,21,21,21,27],"current_hp_per_floor":[82,82,82,82,82,53,53,19,19,45,45,71,52,52,78,29,94,62,62,50,60,43,9,40,12,12,12,3,0],"gold":50,"neow_bonus":"TEN_PERCENT_HP_BONUS","is_prod":false,"is_daily":false,"chose_seed":false,"campfire_upgraded":0,"win_rate":0,"timestamp":1561442585,"path_taken":["M","?","$","?","?","E","R","E","T","R","M","R","E","?","R","BOSS","M","?","M","$","?","E","R","M","T","?","?","E"],"build_version":"2019-01-23","purchased_purges":1,"victory":false,"max_hp_per_floor":[82,82,82,82,82,89,89,89,89,89,89,89,89,89,89,89,94,94,94,94,104,104,104,104,104,104,104,104,104],"card_choices":[{"not_picked":["Conserve Battery","Sweeping Beam"],"picked":"Turbo","floor":1},{"not_picked":["Compile Driver","Buffer"],"picked":"Leap","floor":4},{"not_picked":["Sweeping Beam","Compile Driver"],"picked":"Ball Lightning","floor":6},{"not_picked":["Beam Cell","Coolheaded"],"picked":"Cold Snap","floor":8},{"not_picked":["Leap","Stack"],"picked":"Cold Snap","floor":11},{"not_picked":["Skim","Hologram"],"picked":"Amplify","floor":13},{"not_picked":["Core Surge","Thunder Strike"],"picked":"Buffer","floor":16},{"not_picked":["Beam Cell","Barrage"],"picked":"Ball Lightning","floor":17},{"not_picked":["Rebound","Cold Snap+1"],"picked":"Static Discharge+1","floor":18},{"not_picked":["Steam","Beam Cell+1"],"picked":"Sweeping Beam","floor":20},{"not_picked":["Hologram+1","Conserve Battery"],"picked":"Darkness","floor":22},{"not_picked":["Recycle","Blizzard"],"picked":"Chill","floor":23},{"not_picked":["Consume","Hologram+1"],"picked":"BootSequence","floor":25}],"player_experience":126314,"relics_obtained":[{"floor":6,"key":"Strawberry"},{"floor":8,"key":"Boot"},{"floor":9,"key":"Bottled Flame"},{"floor":13,"key":"Old Coin"},{"floor":23,"key":"Blue Candle"},{"floor":26,"key":"Vajra"}],"event_choices":[{"damage_healed":0,"gold_gain":0,"player_choice":"Forge","damage_taken":0,"max_hp_gain":0,"max_hp_loss":0,"event_name":"Accursed Blacksmith","floor":2,"gold_loss":0,"cards_upgraded":["Dualcast"]},{"damage_healed":0,"gold_gain":0,"player_choice":"Grow","damage_taken":0,"max_hp_gain":0,"max_hp_loss":0,"event_name":"Living Wall","floor":14,"gold_loss":0,"cards_upgraded":["Capacitor"]},{"damage_healed":0,"gold_gain":200,"player_choice":"Gold","damage_taken":0,"max_hp_gain":0,"max_hp_loss":0,"event_name":"Wheel of Change","floor":19,"gold_loss":0},{"damage_healed":0,"gold_gain":0,"player_choice":"Stopped","damage_taken":9,"max_hp_gain":0,"max_hp_loss":0,"event_name":"Cursed Tome","floor":28,"gold_loss":0}],"is_beta":false,"boss_relics":[{"not_picked":["Sozu","Coffee Dripper"],"picked":"Tiny House"}],"items_purged_floors":[21],"is_endless":false,"potions_floor_spawned":[8,16,22],"killed_by":"Book of Stabbing","ascension_level":2}