{"gold_per_floor":[112,130,149,23,40,40,73,73,155,180,37,72,89,89,89,167,167,183,183,183,216,233,233,263,263,316,330,330,346,374,374,374,447,447,460,460,510,119,139,167,167,187,239,250,250,105,132,152,152,152,152,152,152,18,18],"floor_reached":55,"playtime":3948,"items_purged":["Strike_B","Strike_B","Strike_B+1"],"score":2141,"play_id":"5ffc3ece-b98f-4d55-b4a7-b8c14c3d216e","local_time":"20190720003853","is_ascension_mode":true,"campfire_choices":[{"data":"Biased Cognition","floor":6.0,"key":"SMITH"},{"floor":8.0,"key":"REST"},{"data":"Darkness","floor":15.0,"key":"SMITH"},{"data":"Multi-Cast","floor":23.0,"key":"SMITH"},{"data":"Coolheaded","floor":28.0,"key":"SMITH"},{"floor":32.0,"key":"REST"},{"data":"Capacitor","floor":41.0,"key":"SMITH"},{"floor":45.0,"key":"RECALL"},{"floor":49.0,"key":"DIG"},{"floor":53.0,"key":"DIG"}],"neow_cost":"NONE","seed_source_timestamp":121640070891961,"circlet_count":0,"master_deck":["AscendersBane","Defend_B+1","Defend_B+1","Defend_B+1","Defend_B+1","Zap","Dualcast","Coolheaded+1","Rebound","Biased Cognition+1","Cold Snap","Conserve Battery","Capacitor+1","Coolheaded","Doom and Gloom","Chill","Darkness+1","Multi-Cast+1","Glacier+1","Recycle","Conserve Battery+1","Recycle","Hologram+1","Echo Form+1","Core Surge","Coolheaded","Coolheaded+1","Loop+1","Capacitor+1","All For One"],"special_seed":0,"relics":["Cracked Core","StoneCalendar","Frozen Egg 2","Potion Belt","PreservedInsect","Snecko Eye","Red Mask","Anchor","Omamori","Bronze Scales","Coffee Dripper","Sundial","Shovel","FossilizedHelix","Happy Flower","Ornamental Fan"],"potions_floor_usage":[],"damage_taken":[{"damage":0.0,"enemies":"Cultist","floor":1.0,"turns":3.0},{"damage":7.0,"enemies":"Jaw Worm","floor":2.0,"turns":4.0},{"damage":13.0,"enemies":"Small Slimes","floor":3.0,"turns":3.0},{"damage":11.0,"enemies":"Exordium Wildlife","floor":5.0,"turns":5.0},{"damage":17.0,"enemies":"Lagavulin","floor":7.0,"turns":6.0},{"damage":3.0,"enemies":"3 Sentries","floor":10.0,"turns":7.0},{"damage":8.0,"enemies":"Gremlin Nob","floor":12.0,"turns":3.0},{"damage":0.0,"enemies":"Large Slime","floor":13.0,"turns":6.0},{"damage":22.0,"enemies":"The Guardian","floor":16.0,"turns":11.0},{"damage":9.0,"enemies":"Spheric Guardian","floor":18.0,"turns":4.0},{"damage":14.0,"enemies":"Masked Bandits","floor":21.0,"turns":7.0},{"damage":7.0,"enemies":"Shell Parasite","floor":22.0,"turns":6.0},{"damage":0.0,"enemies":"Book of Stabbing","floor":24.0,"turns":6.0},{"damage":6.0,"enemies":"Chosen and Byrds","floor":27.0,"turns":8.0},{"damage":0.0,"enemies":"Centurion and Healer","floor":29.0,"turns":7.0},{"damage":6.0,"enemies":"Slavers","floor":30.0,"turns":6.0},{"damage":5.0,"enemies":"Collector","floor":33.0,"turns":8.0},{"damage":0.0,"enemies":"Orb Walker","floor":35.0,"turns":3.0},{"damage":0.0,"enemies":"3 Shapes","floor":39.0,"turns":4.0},{"damage":11.0,"enemies":"Giant Head","floor":40.0,"turns":6.0},{"damage":8.0,"enemies":"3 Darklings","floor":42.0,"turns":6.0},{"damage":3.0,"enemies":"Transient","floor":44.0,"turns":6.0},{"damage":0.0,"enemies":"Nemesis","floor":47.0,"turns":5.0},{"damage":0.0,"enemies":"4 Shapes","floor":48.0,"turns":6.0},{"damage":12.0,"enemies":"Time Eater","floor":50.0,"turns":10.0},{"damage":0.0,"enemies":"Awakened One","floor":51.0,"turns":12.0},{"damage":60,"enemies":"Shield and Spear","floor":55,"turns":4}],"seed_played":"6731852276536563306","potions_obtained":[{"floor":2.0,"key":"LiquidBronze"},{"floor":3.0,"key":"Strength Potion"},{"floor":16.0,"key":"PowerPotion"},{"floor":21.0,"key":"EntropicBrew"},{"floor":22.0,"key":"Weak Potion"},{"floor":24.0,"key":"SpeedPotion"},{"floor":29.0,"key":"GamblersBrew"},{"floor":42.0,"key":"Dexterity Potion"},{"floor":47.0,"key":"LiquidBronze"}],"is_trial":false,"path_per_floor":["M","M","M","$","M","R","E","R","T","E","$","E","M","?","R","B",null,"M","?","?","?","M","R","E","?","T","M","R","M","E","?","R","B",null,"M","?","?","$","M","E","R","M","T","M","R","$","E","M","R","B","B",null,"R","$","E"],"character_chosen":"DEFECT","items_purchased":["Cold Snap","Doom and Gloom","Sundial","Capacitor+1","Block Potion","FocusPotion","SpeedPotion"],"campfire_rested":2,"item_purchase_floors":[4,11,38,46,46,54,54],"current_hp_per_floor":[71,64,51,51,40,40,23,46,46,43,43,35,35,35,35,13,62,53,53,53,39,32,32,32,32,32,26,26,26,20,20,43,38,68,68,68,61,61,61,50,50,42,42,39,39,39,39,39,39,27,27,65,65,65,5],"gold":18,"neow_bonus":"TEN_PERCENT_HP_BONUS","is_prod":false,"is_daily":false,"chose_seed":false,"campfire_upgraded":5,"win_rate":0,"timestamp":1563597533,"path_taken":["M","M","M","$","M","R","E","R","T","E","?","E","M","?","R","BOSS","M","?","?","?","?","R","E","?","T","M","R","M","E","?","R","BOSS","M","?","?","$","M","E","R","?","T","M","R","?","E","M","R","BOSS","BOSS","R","$","E"],"build_version":"2019-07-17","purchased_purges":3,"victory":false,"max_hp_per_floor":[78,78,78,78,78,78,78,78,78,78,78,78,78,78,78,78,78,78,78,78,78,78,78,78,78,78,78,78,78,78,78,78,78,78,78,78,78,78,78,78,78,78,78,78,78,78,78,78,78,78,78,78,78,78,78],"card_choices":[{"not_picked":["Stack","Turbo"],"picked":"Coolheaded","floor":1.0},{"not_picked":["Fusion","Stack"],"picked":"Rebound","floor":2.0},{"not_picked":["Coolheaded","Chaos"],"picked":"Biased Cognition","floor":3.0},{"not_picked":["Fusion","Rebound"],"picked":"Conserve Battery","floor":5.0},{"not_picked":["Hologram","Reprogram"],"picked":"Capacitor","floor":7.0},{"not_picked":["Turbo","Steam Power"],"picked":"Coolheaded","floor":10.0},{"not_picked":["Go for the Eyes","Barrage"],"picked":"Chill","floor":12.0},{"not_picked":["Coolheaded","Hello World+1"],"picked":"Darkness","floor":13.0},{"not_picked":["Hyperbeam","Rainbow"],"picked":"Multi-Cast","floor":16.0},{"not_picked":["Cold Snap+1","Ball Lightning"],"picked":"Glacier+1","floor":18.0},{"not_picked":["Rebound","Beam Cell"],"picked":"Conserve Battery+1","floor":21.0},{"not_picked":["FTL","Stack+1","Turbo"],"picked":"SKIP","floor":22.0},{"not_picked":["Coolheaded","Redo"],"picked":"Recycle","floor":24.0},{"not_picked":["Beam Cell","Conserve Battery"],"picked":"Hologram+1","floor":27.0},{"not_picked":["Conserve Battery","Hologram","Turbo"],"picked":"SKIP","floor":29.0},{"not_picked":["Hologram","Darkness"],"picked":"Echo Form+1","floor":30.0},{"not_picked":["Fission","Thunder Strike"],"picked":"Core Surge","floor":33.0},{"not_picked":["Scrape+1","Turbo"],"picked":"Coolheaded","floor":35.0},{"not_picked":["Ball Lightning+1","White Noise+1"],"picked":"Coolheaded+1","floor":39.0},{"not_picked":["Leap","Barrage","Darkness"],"picked":"SKIP","floor":40.0},{"not_picked":["Heatsinks+1","Hologram"],"picked":"Loop+1","floor":42.0},{"not_picked":["Go for the Eyes","Storm+1","Gash"],"picked":"SKIP","floor":44.0},{"not_picked":["Gash","Conserve Battery","Steam"],"picked":"SKIP","floor":47.0},{"not_picked":["Conserve Battery","Blizzard"],"picked":"All For One","floor":48.0}],"player_experience":1615703,"relics_obtained":[{"floor":7.0,"key":"StoneCalendar"},{"floor":9.0,"key":"Frozen Egg 2"},{"floor":10.0,"key":"Potion Belt"},{"floor":12.0,"key":"PreservedInsect"},{"floor":21.0,"key":"Red Mask"},{"floor":24.0,"key":"Anchor"},{"floor":26.0,"key":"Omamori"},{"floor":30.0,"key":"Bronze Scales"},{"floor":40.0,"key":"Shovel"},{"floor":47.0,"key":"FossilizedHelix"},{"floor":49.0,"key":"Happy Flower"},{"floor":53.0,"key":"Ornamental Fan"}],"event_choices":[{"damage_healed":0.0,"max_hp_gain":0.0,"max_hp_loss":0.0,"gold_gain":0.0,"event_name":"Match and Keep!","player_choice":"0 cards matched","floor":14.0,"gold_loss":0.0,"damage_taken":0.0,"cards_obtained":[]},{"damage_healed":0.0,"max_hp_gain":0.0,"max_hp_loss":0.0,"gold_gain":0.0,"event_name":"The Library","player_choice":"Read","floor":19.0,"gold_loss":0.0,"damage_taken":0.0,"cards_obtained":["Recycle"]},{"damage_healed":0.0,"max_hp_gain":0.0,"max_hp_loss":0.0,"gold_gain":0.0,"event_name":"Back to Basics","player_choice":"Simplicity","floor":20.0,"gold_loss":0.0,"damage_taken":0.0,"cards_upgraded":["Strike_B","Strike_B","Defend_B","Defend_B","Defend_B","Defend_B"]},{"damage_healed":0.0,"max_hp_gain":0.0,"max_hp_loss":0.0,"gold_gain":0.0,"event_name":"Masked Bandits","player_choice":"Fought Bandits","floor":21.0,"gold_loss":0.0,"damage_taken":0.0},{"damage_healed":0.0,"max_hp_gain":0.0,"max_hp_loss":0.0,"gold_gain":0.0,"event_name":"The Mausoleum","player_choice":"Ignored","floor":25.0,"gold_loss":0.0,"damage_taken":0.0},{"damage_healed":0.0,"max_hp_gain":0.0,"max_hp_loss":0.0,"gold_gain":0.0,"event_name":"Forgotten Altar","player_choice":"Smashed Altar","floor":31.0,"gold_loss":0.0,"damage_taken":0.0,"cards_obtained":["Decay"]},{"cards_removed":["Strike_B"],"damage_healed":0.0,"max_hp_gain":0.0,"max_hp_loss":0.0,"gold_gain":0.0,"event_name":"Falling","player_choice":"Removed Attack","floor":36.0,"gold_loss":0.0,"damage_taken":0.0},{"damage_healed":0.0,"max_hp_gain":0.0,"max_hp_loss":0.0,"gold_gain":50.0,"event_name":"FaceTrader","player_choice":"Touch","floor":37.0,"gold_loss":0.0,"damage_taken":7.0}],"is_beta":false,"boss_relics":[{"not_picked":["Lizard Tail","Runic Pyramid"],"picked":"Snecko Eye"},{"not_picked":["Orrery","Calling Bell"],"picked":"Coffee Dripper"}],"items_purged_floors":[4,11,38],"is_endless":false,"potions_floor_spawned":[2,3,7,16,21,22,24,29,42,47],"killed_by":"Shield and Spear","ascension_level":20}