{"gold_per_floor":[214,214,237,237,255,255,280,280,326,342,292,136,156,173,173,269,269,285,285,302,242,253,253,100,114,168,168,187,214,214,38,38,134,134,144,144,162,12,30,30,61,61,114,133,168,179,179,192,192,192],"floor_reached":50,"playtime":3743,"items_purged":["Strike_B","Defend_B","Defend_B","Defend_B"],"score":574,"play_id":"903073f7-6a5d-47fb-963f-176f85fc06f6","local_time":"20190722095912","is_ascension_mode":true,"campfire_choices":[{"data":"White Noise","floor":6,"key":"SMITH"},{"data":"Hologram","floor":8,"key":"SMITH"},{"data":"Dualcast","floor":15,"key":"SMITH"},{"floor":23,"key":"REST"},{"floor":27,"key":"REST"},{"data":"Coolheaded","floor":30,"key":"SMITH"},{"floor":32,"key":"RECALL"},{"data":"Hologram","floor":40,"key":"SMITH"},{"floor":42,"key":"REST"},{"floor":47,"key":"REST"},{"data":"Gash","floor":49,"key":"SMITH"}],"neow_cost":"NONE","seed_source_timestamp":684306229899009,"circlet_count":0,"master_deck":["Zap+1","Dualcast+1","White Noise+1","Sunder","Hologram+1","Turbo","FTL","Gash+1","Reboot","Coolheaded+1","Coolheaded+1","BootSequence+1","Hologram+1","Beam Cell+1","White Noise+1","Rebound+1","Steam","Glacier+1","Streamline+1","Go for the Eyes+1","Reprogram"],"special_seed":0,"relics":["Cracked Core","Oddly Smooth Stone","Ancient Tea Set","Lizard Tail","Regal Pillow","Sundial","Orrery","Happy Flower","Potion Belt","Anchor"],"potions_floor_usage":[20,29,29,33,41,44,44,45,50,50],"damage_taken":[{"damage":0,"enemies":"Small Slimes","floor":1,"turns":2},{"damage":6,"enemies":"Jaw Worm","floor":5,"turns":4},{"damage":12,"enemies":"Gremlin Nob","floor":7,"turns":4},{"damage":0,"enemies":"2 Louse","floor":10,"turns":2},{"damage":0,"enemies":"Gremlin Gang","floor":13,"turns":4},{"damage":2,"enemies":"Exordium Wildlife","floor":14,"turns":3},{"damage":4,"enemies":"Slime Boss","floor":16,"turns":6},{"damage":18,"enemies":"3 Byrds","floor":18,"turns":5},{"damage":8,"enemies":"2 Thieves","floor":20,"turns":4},{"damage":20,"enemies":"Snake Plant","floor":22,"turns":3},{"damage":19,"enemies":"Snecko","floor":25,"turns":5},{"damage":7,"enemies":"Centurion and Healer","floor":28,"turns":5},{"damage":2,"enemies":"Book of Stabbing","floor":29,"turns":7},{"damage":44,"enemies":"Automaton","floor":33,"turns":8},{"damage":13,"enemies":"Orb Walker","floor":35,"turns":4},{"damage":0,"enemies":"3 Shapes","floor":37,"turns":4},{"damage":10,"enemies":"Maw","floor":39,"turns":8},{"damage":9,"enemies":"Giant Head","floor":41,"turns":10},{"damage":48,"enemies":"Writhing Mass","floor":44,"turns":6},{"damage":37,"enemies":"Nemesis","floor":45,"turns":15},{"damage":24,"enemies":"3 Darklings","floor":46,"turns":6},{"damage":0,"enemies":"4 Shapes","floor":48,"turns":7},{"damage":60,"enemies":"Time Eater","floor":50,"turns":7}],"seed_played":"-6499244691401189782","potions_obtained":[{"floor":5,"key":"SteroidPotion"},{"floor":10,"key":"Weak Potion"},{"floor":13,"key":"Energy Potion"},{"floor":16,"key":"AttackPotion"},{"floor":20,"key":"Fire Potion"},{"floor":29,"key":"SteroidPotion"},{"floor":33,"key":"SkillPotion"},{"floor":35,"key":"Poison Potion"},{"floor":41,"key":"Explosive Potion"},{"floor":44,"key":"Weak Potion"},{"floor":45,"key":"EssenceOfSteel"}],"is_trial":false,"path_per_floor":["M","?","T","?","M","R","E","R","T","M","?","$","M","M","R","B",null,"M","?","M","?","M","R","$","M","T","R","M","E","R","$","R","B",null,"M","?","M","$","M","R","E","R","T","M","E","M","R","M","R","B"],"character_chosen":"DEFECT","items_purchased":["FTL","Hologram","Steam"],"campfire_rested":4,"item_purchase_floors":[12,24,31],"current_hp_per_floor":[75,75,75,75,69,69,57,57,57,57,57,57,57,55,55,51,75,57,57,49,49,29,51,51,32,32,69,62,60,60,60,60,16,75,62,62,62,62,52,52,43,75,75,27,37,13,50,50,50,0],"gold":192,"neow_bonus":"HUNDRED_GOLD","is_prod":false,"is_daily":false,"chose_seed":false,"campfire_upgraded":6,"win_rate":0,"timestamp":1563803952,"path_taken":["M","?","?","?","?","R","E","R","T","M","?","$","M","M","R","BOSS","M","?","?","?","M","R","$","?","T","R","M","E","R","$","R","BOSS","M","?","M","$","M","R","E","R","T","?","E","?","R","M","R","BOSS"],"build_version":"2019-07-17","purchased_purges":4,"victory":false,"max_hp_per_floor":[75,75,75,75,75,75,75,75,75,75,75,75,75,75,75,75,75,75,75,75,75,75,75,75,75,75,75,75,75,75,75,75,75,75,75,75,75,75,75,75,75,75,75,75,75,75,75,75,75,75],"card_choices":[{"not_picked":["Steam","Rebound"],"picked":"White Noise","floor":1},{"not_picked":["Lockon","Loop"],"picked":"Sunder","floor":5},{"not_picked":["Barrage","Turbo"],"picked":"Hologram","floor":7},{"not_picked":["Hologram","Consume"],"picked":"Turbo","floor":10},{"not_picked":["Undo","Melter","Blizzard"],"picked":"SKIP","floor":13},{"not_picked":["Conserve Battery","Beam Cell"],"picked":"Gash","floor":14},{"not_picked":["Meteor Strike","Multi-Cast"],"picked":"Reboot","floor":16},{"not_picked":["Beam Cell","Leap"],"picked":"Coolheaded","floor":18},{"not_picked":["Ball Lightning","Undo"],"picked":"Coolheaded+1","floor":20},{"not_picked":["Redo+1","Blizzard"],"picked":"BootSequence+1","floor":22},{"not_picked":["Barrage","Chaos"],"picked":"Beam Cell+1","floor":25},{"not_picked":["Compile Driver","Electrodynamics"],"picked":"White Noise+1","floor":28},{"not_picked":["Turbo","Ball Lightning+1"],"picked":"Rebound+1","floor":29},{"not_picked":["Coolheaded","Rip and Tear+1"],"picked":"Glacier","floor":34},{"not_picked":["Conserve Battery","Beam Cell+1"],"picked":"Streamline+1","floor":35},{"not_picked":["Glacier","Rebound"],"picked":"Go for the Eyes+1","floor":37},{"not_picked":["Reinforced Body","Amplify"],"picked":"Reprogram","floor":39},{"not_picked":["Steam+1","Genetic Algorithm","Rip and Tear"],"picked":"SKIP","floor":41},{"not_picked":["Redo","Steam+1","Barrage"],"picked":"SKIP","floor":44},{"not_picked":["Force Field","Hologram","Conserve Battery"],"picked":"SKIP","floor":45},{"not_picked":["Blizzard","Steam","Barrage"],"picked":"SKIP","floor":46},{"not_picked":["Coolheaded","Hologram","Compile Driver+1"],"picked":"SKIP","floor":48}],"player_experience":153974,"relics_obtained":[{"floor":3,"key":"Oddly Smooth Stone"},{"floor":7,"key":"Ancient Tea Set"},{"floor":26,"key":"Regal Pillow"},{"floor":29,"key":"Sundial"},{"floor":41,"key":"Happy Flower"},{"floor":43,"key":"Potion Belt"},{"floor":45,"key":"Anchor"}],"event_choices":[{"damage_healed":0,"gold_gain":0,"player_choice":"Grow","damage_taken":0,"max_hp_gain":0,"max_hp_loss":0,"event_name":"Living Wall","floor":2,"gold_loss":0,"cards_upgraded":["Zap"]},{"cards_removed":["Strike_B"],"damage_healed":0,"gold_gain":0,"player_choice":"Purged","damage_taken":0,"max_hp_gain":0,"max_hp_loss":0,"event_name":"Purifier","floor":4,"gold_loss":0},{"cards_removed":["Strike_B"],"damage_healed":0,"gold_gain":0,"player_choice":"Card Removal","damage_taken":0,"max_hp_gain":0,"max_hp_loss":0,"event_name":"The Cleric","floor":11,"gold_loss":50},{"cards_removed":["Strike_B"],"damage_healed":0,"gold_gain":0,"player_choice":"Card Removal","damage_taken":0,"max_hp_gain":0,"max_hp_loss":0,"event_name":"Wheel of Change","floor":19,"gold_loss":0},{"cards_removed":["Defend_B"],"damage_healed":0,"gold_gain":0,"player_choice":"Single Remove","damage_taken":0,"max_hp_gain":0,"max_hp_loss":0,"event_name":"Designer","floor":21,"gold_loss":60},{"damage_healed":0,"gold_gain":0,"player_choice":"Forge","damage_taken":0,"max_hp_gain":0,"max_hp_loss":0,"event_name":"Accursed Blacksmith","floor":36,"gold_loss":0,"cards_upgraded":["Glacier"]}],"is_beta":false,"boss_relics":[{"not_picked":["Runic Dome","Busted Crown"],"picked":"Lizard Tail"},{"not_picked":["Astrolabe","Velvet Choker"],"picked":"Orrery"}],"items_purged_floors":[12,24,31,38],"is_endless":false,"potions_floor_spawned":[5,10,13,16,20,25,29,33,35,41,44,45],"killed_by":"Time Eater","ascension_level":2}