{"gold_per_floor":[115,115,115,15,90,90,119,119,119,152,152,172,172,186,186,260,260,279,294,219,234,234,234,259,259,312,324,336],"floor_reached":28,"playtime":1130,"items_purged":["Strike_R"],"score":588,"play_id":"4c98ab18-73b4-4bd0-8c54-4604e9ab73f2","local_time":"20190309143309","is_ascension_mode":true,"campfire_choices":[{"data":"Body Slam","floor":6,"key":"SMITH"},{"data":"Body Slam","floor":8,"key":"SMITH"},{"data":"Bash","floor":11,"key":"SMITH"},{"data":"Shrug It Off","floor":13,"key":"SMITH"},{"data":"Defend_R","floor":15,"key":"SMITH"},{"floor":23,"key":"REST"},{"floor":27,"key":"REST"}],"neow_cost":"NONE","seed_source_timestamp":65948327963186,"circlet_count":0,"master_deck":["AscendersBane","Strike_R","Strike_R","Defend_R","Defend_R","Defend_R","Defend_R+1","Bash+1","Body Slam+1","Headbutt","Body Slam+1","Shrug It Off+1","Fiend Fire","Havoc+1","Battle Trance","Intimidate+1"],"relics":["Burning Blood","NeowsBlessing","Du-Vu Doll","Omamori","Charon\u0027s Ashes","Gremlin Horn","Black Star","Molten Egg 2","Torii","MawBank"],"potions_floor_usage":[16,24,25],"damage_taken":[{"damage":0,"enemies":"Cultist","floor":1,"turns":1},{"damage":0,"enemies":"Lagavulin","floor":7,"turns":1},{"damage":0,"enemies":"3 Sentries","floor":10,"turns":1},{"damage":8,"enemies":"Small Slimes","floor":12,"turns":3},{"damage":0,"enemies":"2 Louse","floor":14,"turns":2},{"damage":56,"enemies":"Hexaghost","floor":16,"turns":11},{"damage":4,"enemies":"Chosen","floor":18,"turns":3},{"damage":25,"enemies":"Shell Parasite","floor":19,"turns":5},{"damage":31,"enemies":"Snake Plant","floor":21,"turns":5},{"damage":34,"enemies":"Slavers","floor":24,"turns":8},{"damage":1,"enemies":"Chosen and Byrds","floor":25,"turns":3},{"damage":51,"enemies":"Snecko","floor":28,"turns":11}],"seed_played":"9043496709632096371","potions_obtained":[{"floor":1,"key":"SkillPotion"},{"floor":7,"key":"Block Potion"},{"floor":19,"key":"SmokeBomb"}],"is_trial":false,"path_per_floor":["M","?","?","$","?","R","E","R","T","E","R","M","R","M","R","B",null,"M","M","?","M","?","R","E","M","T","R","M"],"character_chosen":"IRONCLAD","items_purchased":["Headbutt"],"campfire_rested":2,"item_purchase_floors":[4],"current_hp_per_floor":[74,69,62,62,51,51,57,57,57,63,63,61,61,67,67,17,61,63,44,44,19,19,41,13,18,18,40,0],"gold":336,"neow_bonus":"THREE_ENEMY_KILL","is_prod":false,"is_daily":false,"chose_seed":false,"campfire_upgraded":5,"win_rate":0,"timestamp":1552159989,"path_taken":["M","?","?","$","?","R","E","R","T","E","R","M","R","M","R","BOSS","M","M","?","?","?","R","E","M","T","R","M"],"build_version":"2019-01-23","purchased_purges":1,"victory":false,"max_hp_per_floor":[75,75,75,75,75,75,75,75,75,75,75,75,75,75,75,75,75,75,75,75,75,75,75,75,75,75,75,75],"card_choices":[{"not_picked":["Shockwave","Twin Strike"],"picked":"Body Slam","floor":1},{"not_picked":["Searing Blow","Rampage"],"picked":"Body Slam","floor":7},{"not_picked":["Twin Strike","Wild Strike","Anger"],"picked":"SKIP","floor":10},{"not_picked":["Twin Strike","Wild Strike","Anger"],"picked":"SKIP","floor":10},{"not_picked":["Headbutt","Iron Wave"],"picked":"Shrug It Off","floor":12},{"not_picked":["Cleave","Sword Boomerang","Body Slam"],"picked":"SKIP","floor":14},{"not_picked":["Limit Break","Immolate"],"picked":"Fiend Fire","floor":16},{"not_picked":["Havoc","Flex","Pommel Strike"],"picked":"SKIP","floor":18},{"not_picked":["Cleave","Perfected Strike"],"picked":"Havoc+1","floor":19},{"not_picked":["Wild Strike","Twin Strike"],"picked":"Battle Trance","floor":21},{"not_picked":["Perfected Strike","Warcry"],"picked":"Intimidate+1","floor":24}],"player_experience":833446,"relics_obtained":[{"floor":7,"key":"Omamori"},{"floor":9,"key":"Charon\u0027s Ashes"},{"floor":10,"key":"Gremlin Horn"},{"floor":24,"key":"Molten Egg 2"},{"floor":24,"key":"Torii"},{"floor":26,"key":"MawBank"}],"event_choices":[{"damage_healed":0,"gold_gain":0,"player_choice":"Success","damage_taken":5,"relics_obtained":["Du-Vu Doll"],"max_hp_gain":0,"max_hp_loss":0,"event_name":"Scrap Ooze","floor":2,"gold_loss":0},{"cards_removed":["Strike_R"],"damage_healed":0,"gold_gain":0,"player_choice":"Card Removal","damage_taken":7,"max_hp_gain":0,"max_hp_loss":0,"event_name":"Golden Wing","floor":3,"gold_loss":0},{"damage_healed":0,"gold_gain":75,"player_choice":"Gather Gold","damage_taken":11,"max_hp_gain":0,"max_hp_loss":0,"event_name":"World of Goop","floor":5,"gold_loss":0},{"cards_removed":["Strike_R"],"damage_healed":0,"gold_gain":0,"player_choice":"Single Remove","damage_taken":0,"max_hp_gain":0,"max_hp_loss":0,"event_name":"Designer","floor":20,"gold_loss":75},{"damage_healed":0,"gold_gain":0,"player_choice":"Got Potions","damage_taken":0,"max_hp_gain":0,"max_hp_loss":0,"event_name":"Lab","floor":22,"gold_loss":0}],"is_beta":false,"boss_relics":[{"not_picked":["Black Blood","Orrery"],"picked":"Black Star"}],"items_purged_floors":[4],"is_endless":false,"potions_floor_spawned":[1,7,10,19,25],"killed_by":"Snecko","ascension_level":20}