{"gold_per_floor":[110,8,8,8,21,21,64,64,64,64,87,87,87,187,187,306,306,320,320,419,433,457,457,497,516,543,593,593,633,653,672,672,672],"floor_reached":33,"playtime":2441,"items_purged":["Strike_R"],"score":325,"play_id":"73f5559c-5354-4f90-8110-3ed3e1cbcaec","local_time":"20180820190549","is_ascension_mode":true,"campfire_choices":[{"data":"Armaments","floor":6,"key":"SMITH"},{"data":"Bash","floor":8,"key":"SMITH"},{"data":"True Grit","floor":10,"key":"SMITH"},{"data":"Warcry","floor":12,"key":"SMITH"},{"floor":15,"key":"REST"},{"floor":23,"key":"REST"},{"floor":28,"key":"REST"},{"floor":32,"key":"REST"}],"neow_cost":"","seed_source_timestamp":400623564486284,"circlet_count":0,"master_deck":["Strike_R","Strike_R+1","Strike_R+1","Strike_R","Defend_R","Defend_R","Defend_R","Defend_R","Bash+1","Armaments+1","Warcry","True Grit+1","Warcry+1","Flex+1","Dark Embrace","Clothesline+1","Flex+1","True Grit+1","Exhume+1","Flex+1","True Grit+1","Impervious+1","Whirlwind"],"relics":["Burning Blood","Golden Idol","Gremlin Horn","Toxic Egg 2","Dead Branch","Sozu","Sundial","Whetstone","Gambling Chip"],"potions_floor_usage":[31,33],"damage_taken":[{"damage":0,"enemies":"2 Louse","floor":1,"turns":3},{"damage":0,"enemies":"Small Slimes","floor":5,"turns":6},{"damage":32,"enemies":"Gremlin Nob","floor":7,"turns":5},{"damage":0,"enemies":"Cultist","floor":11,"turns":4},{"damage":54,"enemies":"Hexaghost","floor":16,"turns":13},{"damage":26,"enemies":"2 Thieves","floor":18,"turns":5},{"damage":7,"enemies":"Shell Parasite","floor":21,"turns":8},{"damage":24,"enemies":"Snake Plant","floor":22,"turns":5},{"damage":48,"enemies":"Slavers","floor":24,"turns":13},{"damage":9,"enemies":"3 Cultists","floor":25,"turns":7},{"damage":29,"enemies":"Book of Stabbing","floor":29,"turns":7},{"damage":19,"enemies":"Shelled Parasite and Fungi","floor":30,"turns":7},{"damage":14,"enemies":"Centurion and Healer","floor":31,"turns":8},{"damage":34,"enemies":"Collector","floor":33,"turns":6}],"seed_played":"-1948431526654669477","potions_obtained":[{"floor":7,"key":"Explosive Potion"},{"floor":11,"key":"Block Potion"}],"is_trial":false,"path_per_floor":["M","$","?","?","M","R","E","R","T","R","M","R","T","?","R","B",null,"M","?","?","M","M","R","E","M","T","?","R","E","M","M","R"],"character_chosen":"IRONCLAD","items_purchased":["Warcry"],"campfire_rested":4,"item_purchase_floors":[2],"current_hp_per_floor":[80,80,80,60,66,66,40,40,40,40,46,46,46,46,70,22,80,60,44,44,43,25,49,7,28,28,28,52,29,16,8,32,0],"gold":672,"neow_bonus":"","is_prod":false,"is_daily":false,"chose_seed":false,"campfire_upgraded":4,"win_rate":0,"timestamp":1534806349,"path_taken":["M","$","?","?","?","R","E","R","T","R","M","R","?","?","R","BOSS","M","?","?","M","M","R","E","M","T","?","R","E","M","M","R","BOSS"],"build_version":"2018-08-16","purchased_purges":1,"victory":false,"max_hp_per_floor":[80,80,80,80,80,80,80,80,80,80,80,80,80,80,80,80,80,80,80,80,80,80,80,80,80,80,80,80,80,80,80,80,80],"card_choices":[{"not_picked":["Headbutt","Pommel Strike"],"picked":"Armaments","floor":1},{"not_picked":["Fire Breathing","Thunderclap"],"picked":"True Grit","floor":5},{"not_picked":["True Grit","Juggernaut"],"picked":"Warcry","floor":7},{"not_picked":["Infernal Blade+1","Rampage"],"picked":"Flex+1","floor":11},{"not_picked":["Fiend Fire","Brutality"],"picked":"Dark Embrace","floor":16},{"not_picked":["Searing Blow+1","Anger+1"],"picked":"Clothesline+1","floor":18},{"not_picked":["True Grit+1","Pommel Strike"],"picked":"Flex+1","floor":21},{"not_picked":["Body Slam","Clash+1"],"picked":"True Grit+1","floor":22},{"not_picked":["Feel No Pain","Headbutt"],"picked":"Exhume+1","floor":24},{"not_picked":["Thunderclap+1","Sword Boomerang"],"picked":"Flex+1","floor":25},{"not_picked":["Perfected Strike","Sword Boomerang"],"picked":"True Grit+1","floor":29},{"not_picked":["Headbutt","Havoc+1"],"picked":"Impervious+1","floor":30},{"not_picked":["Twin Strike","Iron Wave"],"picked":"Whirlwind","floor":31}],"player_experience":86678,"relics_obtained":[{"floor":7,"key":"Gremlin Horn"},{"floor":9,"key":"Toxic Egg 2"},{"floor":13,"key":"Dead Branch"},{"floor":24,"key":"Sundial"},{"floor":26,"key":"Whetstone"},{"floor":29,"key":"Gambling Chip"}],"event_choices":[{"event_name":"The Cleric","player_choice":"Leave","floor":3,"damage_taken":0},{"event_name":"Golden Idol","player_choice":"Take Damage","floor":4,"damage_taken":0},{"event_name":"Golden Shrine","player_choice":"Pray","floor":14,"damage_taken":0},{"event_name":"Cursed Tome","player_choice":"Obtained Book","floor":19,"damage_taken":0},{"event_name":"Nest","player_choice":"Stole From Cult","floor":20,"damage_taken":0},{"event_name":"The Joust","player_choice":"Bet on Murderer","floor":27,"damage_taken":0}],"is_beta":false,"boss_relics":[{"not_picked":["Velvet Choker","Black Blood"],"picked":"Sozu"}],"items_purged_floors":[2],"is_endless":false,"potions_floor_spawned":[7,11,21,22,29,30],"killed_by":"Collector","ascension_level":3}