{"gold_per_floor":[119,119,119,48,58,58,10,10,34,34,44,70,85,95,95,194,194,194,194,194,194,194,194,194,194,194,194,194,194,194,119,119,119,119,119,19,19,19,19,19,19,19,19,19,19,19,19,19,19,19],"floor_reached":51,"playtime":2271,"items_purged":["Strike_R","Strike_R"],"score":841,"play_id":"71d8d495-8e7b-4ec3-87ae-2680cc08fb98","local_time":"20180820180226","is_ascension_mode":true,"campfire_choices":[{"data":"Inflame","floor":6,"key":"SMITH"},{"data":"Flex","floor":8,"key":"SMITH"},{"data":"Bash","floor":10,"key":"SMITH"},{"data":"Whirlwind","floor":15,"key":"SMITH"},{"data":"Limit Break","floor":23,"key":"SMITH"},{"floor":25,"key":"REST"},{"data":"Heavy Blade","floor":29,"key":"SMITH"},{"floor":32,"key":"REST"},{"floor":41,"key":"REST"},{"data":"Seeing Red","floor":44,"key":"SMITH"},{"data":"Double Tap","floor":46,"key":"SMITH"},{"floor":49,"key":"REST"}],"neow_cost":"","seed_source_timestamp":396970333367829,"circlet_count":0,"master_deck":["Strike_R","Strike_R","Defend_R","Defend_R","Defend_R","Defend_R","Bash+1","Pommel Strike","Inflame+1","Evolve","Flex+1","Whirlwind+1","Metallicize","Body Slam","Limit Break+1","Iron Wave+1","Armaments+1","RitualDagger","Heavy Blade+1","Spot Weakness","Battle Trance","Offering","Double Tap+1","Warcry+1","Warcry+1","Iron Wave+1","Seeing Red+1","Cleave+1"],"relics":["Burning Blood","Shuriken","Pen Nib","Oddly Smooth Stone","Ectoplasm","Blood Vial","Charon\u0027s Ashes","Mark of Pain","Sundial","Mango","Dodecahedron","Vajra","Letter Opener"],"potions_floor_usage":[33,50,50,50],"damage_taken":[{"damage":1,"enemies":"Cultist","floor":1,"turns":3},{"damage":0,"enemies":"Small Slimes","floor":5,"turns":3},{"damage":0,"enemies":"2 Louse","floor":11,"turns":2},{"damage":16,"enemies":"Lagavulin","floor":12,"turns":7},{"damage":16,"enemies":"Looter","floor":13,"turns":3},{"damage":0,"enemies":"Exordium Wildlife","floor":14,"turns":2},{"damage":36,"enemies":"The Guardian","floor":16,"turns":10},{"damage":21,"enemies":"3 Byrds","floor":18,"turns":4},{"damage":0,"enemies":"Spheric Guardian","floor":19,"turns":2},{"damage":0,"enemies":"Centurion and Healer","floor":20,"turns":3},{"damage":43,"enemies":"Slavers","floor":24,"turns":5},{"damage":21,"enemies":"Cultist and Chosen","floor":27,"turns":5},{"damage":49,"enemies":"Automaton","floor":33,"turns":8},{"damage":6,"enemies":"Orb Walker","floor":35,"turns":2},{"damage":39,"floor":37,"turns":4},{"damage":0,"enemies":"Flame Bruiser 1 Orb","floor":38,"turns":3},{"damage":25,"floor":39,"turns":3},{"damage":14,"enemies":"2 Orb Walkers","floor":40,"turns":3},{"damage":14,"enemies":"Maw","floor":42,"turns":5},{"damage":34,"enemies":"Nemesis","floor":45,"turns":5},{"damage":5,"enemies":"Flame Bruiser 2 Orb","floor":48,"turns":3},{"damage":33,"enemies":"Time Eater","floor":50,"turns":7}],"seed_played":"-1788385110772652396","potions_obtained":[{"floor":12,"key":"Dexterity Potion"},{"floor":13,"key":"EssenceOfSteel"},{"floor":16,"key":"LiquidBronze"},{"floor":18,"key":"Explosive Potion"},{"floor":20,"key":"SteroidPotion"},{"floor":35,"key":"PowerPotion"},{"floor":39,"key":"Weak Potion"}],"is_trial":false,"path_per_floor":["M","?","?","$","M","R","$","R","T","R","M","E","M","M","R","B",null,"M","M","M","?","?","R","E","R","T","M","?","R","?","$","R","B",null,"M","$","?","M","?","E","R","M","T","R","E","R","$","M","R","B"],"character_chosen":"IRONCLAD","items_purchased":["Inflame","Flex"],"campfire_rested":4,"item_purchase_floors":[4,7],"current_hp_per_floor":[80,77,82,82,85,85,85,85,85,85,85,75,65,71,71,41,85,70,76,82,76,76,76,39,64,64,51,51,51,35,35,62,21,90,90,90,57,65,62,56,87,81,81,81,55,55,55,58,89,64],"gold":19,"neow_bonus":"","is_prod":false,"is_daily":false,"chose_seed":false,"campfire_upgraded":8,"win_rate":0,"timestamp":1534802546,"path_taken":["M","?","?","?","M","R","$","R","T","R","M","E","M","M","R","BOSS","M","M","M","?","?","R","E","R","T","M","?","R","?","$","R","BOSS","M","$","?","M","?","E","R","M","T","R","E","R","$","M","R","BOSS"],"build_version":"2018-08-16","purchased_purges":2,"victory":true,"max_hp_per_floor":[80,80,85,85,85,85,85,85,85,85,85,85,85,85,85,85,85,85,85,85,85,85,85,85,85,85,85,85,85,90,90,90,90,90,90,90,90,90,104,104,104,104,104,104,104,104,104,104,104,104],"card_choices":[{"not_picked":["Flame Barrier","Clothesline"],"picked":"Pommel Strike","floor":1},{"not_picked":["Shrug It Off","Havoc"],"picked":"Evolve","floor":5},{"not_picked":["Headbutt","Feel No Pain","Anger"],"picked":"SKIP","floor":11},{"not_picked":["Sword Boomerang","Wild Strike"],"picked":"Whirlwind","floor":12},{"not_picked":["Hemokinesis","Rupture"],"picked":"Metallicize","floor":13},{"not_picked":["Reckless Charge","Warcry"],"picked":"Body Slam","floor":14},{"not_picked":["Offering","Exhume"],"picked":"Limit Break","floor":16},{"not_picked":["Sever Soul","Perfected Strike+1","Dual Wield+1"],"picked":"SKIP","floor":18},{"not_picked":["Anger","Whirlwind"],"picked":"Iron Wave+1","floor":19},{"not_picked":["Feel No Pain","Second Wind+1"],"picked":"Armaments+1","floor":20},{"not_picked":["Flex+1","True Grit"],"picked":"Spot Weakness","floor":24},{"not_picked":["Clash","Whirlwind"],"picked":"Battle Trance","floor":27},{"not_picked":["Dark Embrace","Fiend Fire"],"picked":"Double Tap","floor":33},{"not_picked":["Clash","Infernal Blade"],"picked":"Warcry+1","floor":35},{"not_picked":["Whirlwind","Rampage"],"picked":"Warcry+1","floor":37},{"not_picked":["Corruption","Uppercut+1","Anger+1"],"picked":"SKIP","floor":38},{"not_picked":["Perfected Strike","Searing Blow+1"],"picked":"Iron Wave+1","floor":40},{"not_picked":["Havoc+1","Cleave"],"picked":"Seeing Red","floor":42},{"not_picked":["Iron Wave","Brutality","Anger+1"],"picked":"SKIP","floor":45},{"not_picked":["Flex","Fiend Fire"],"picked":"Cleave+1","floor":48}],"player_experience":83125,"relics_obtained":[{"floor":9,"key":"Pen Nib"},{"floor":12,"key":"Oddly Smooth Stone"},{"floor":24,"key":"Blood Vial"},{"floor":26,"key":"Charon\u0027s Ashes"},{"floor":37,"key":"Sundial"},{"floor":39,"key":"Mango"},{"floor":40,"key":"Dodecahedron"},{"floor":43,"key":"Vajra"},{"floor":45,"key":"Letter Opener"}],"event_choices":[{"event_name":"Scrap Ooze","player_choice":"success","floor":2,"damage_taken":3},{"event_name":"Big Fish","player_choice":"Donut","floor":3,"damage_taken":0},{"event_name":"Nest","player_choice":"Joined the Cult","floor":21,"damage_taken":0},{"event_name":"The Library","player_choice":"Read","floor":22,"damage_taken":0},{"event_name":"Transmorgrifier","player_choice":"Transform","floor":28,"damage_taken":0},{"event_name":"Forgotten Altar","player_choice":"Shed Blood","floor":30,"damage_taken":0},{"event_name":"Mysterious Sphere","player_choice":"Fight","floor":37,"damage_taken":0},{"event_name":"MindBloom","player_choice":"Fight","floor":39,"damage_taken":0}],"is_beta":false,"boss_relics":[{"not_picked":["Black Blood","Calling Bell"],"picked":"Ectoplasm"},{"not_picked":["Black Star","Snecko Eye"],"picked":"Mark of Pain"}],"items_purged_floors":[31,36],"is_endless":false,"potions_floor_spawned":[12,13,16,18,20,24,35,39,42],"ascension_level":2}