{"gold_per_floor":[117,117,117,134,151,151,178,69,69,94,94,44,44,67,67,196,196,182,105,123,137,162,200,215,240,264,264,289,193,193,193],"floor_reached":31,"playtime":2515,"items_purged":["Regret","Strike_G","Strike_G","Defend_G"],"score":280,"play_id":"14c37309-5740-4378-b880-01463a57ae0b","local_time":"20180820125629","is_ascension_mode":true,"campfire_choices":[{"data":"Deadly Poison","floor":6,"key":"SMITH"},{"floor":11,"key":"REST"},{"data":"Footwork","floor":15,"key":"SMITH"},{"floor":27,"key":"REST"}],"neow_cost":"TEN_PERCENT_HP_LOSS","seed_source_timestamp":378388817119549,"circlet_count":0,"master_deck":["Defend_G","Defend_G","Defend_G","Defend_G","Survivor","Neutralize","Acrobatics","Deadly Poison+1","Well Laid Plans","Corpse Explosion","Footwork+1","Reflex","Bullet Time","Phantasmal Killer+1","Dash+1","Caltrops+1","Dagger Throw+1","Dagger Throw+1","Deadly Poison","Prepared","Acrobatics+1","Footwork","Backflip+1","Prepared","Dodge and Roll","Deflect","Tactician"],"relics":["Ring of the Snake","Du-Vu Doll","Oddly Smooth Stone","Paper Crane","Snake Skull","Smiling Mask","Tough Bandages","Golden Idol","Astrolabe","Mercury Hourglass","Whetstone"],"potions_floor_usage":[23,23,23],"damage_taken":[{"damage":0,"enemies":"Jaw Worm","floor":1,"turns":7},{"damage":0,"enemies":"2 Louse","floor":4,"turns":3},{"damage":0,"enemies":"Cultist","floor":5,"turns":3},{"damage":12,"enemies":"Lagavulin","floor":7,"turns":8},{"damage":15,"enemies":"Gremlin Nob","floor":10,"turns":5},{"damage":0,"enemies":"Large Slime","floor":14,"turns":5},{"damage":14,"enemies":"The Guardian","floor":16,"turns":10},{"damage":10,"enemies":"2 Thieves","floor":18,"turns":4},{"damage":0,"enemies":"Shell Parasite","floor":20,"turns":6},{"damage":16,"enemies":"Sentry and Sphere","floor":21,"turns":12},{"damage":16,"enemies":"Cultist and Chosen","floor":22,"turns":6},{"damage":3,"enemies":"Slavers","floor":23,"turns":3},{"damage":9,"enemies":"Snake Plant","floor":24,"turns":3},{"damage":0,"enemies":"Centurion and Healer","floor":25,"turns":7},{"damage":9,"enemies":"3 Cultists","floor":28,"turns":3},{"damage":13,"enemies":"Gremlin Leader","floor":31,"turns":3}],"seed_played":"-6070926274214502366","potions_obtained":[{"floor":1,"key":"FearPotion"},{"floor":10,"key":"SteroidPotion"},{"floor":16,"key":"PowerPotion"},{"floor":18,"key":"Block Potion"},{"floor":20,"key":"PowerPotion"},{"floor":21,"key":"Poison Potion"},{"floor":24,"key":"Fire Potion"}],"is_trial":false,"path_per_floor":["M","?","?","M","M","R","E","$","T","E","R","$","?","M","R","B",null,"M","$","M","M","M","E","M","M","T","R","M","$","?"],"character_chosen":"THE_SILENT","items_purchased":["Footwork","Dagger Throw","Deflect"],"campfire_rested":2,"item_purchase_floors":[8,19,29],"current_hp_per_floor":[63,63,63,63,63,63,51,51,51,36,54,54,54,54,54,40,58,48,48,48,32,16,13,4,4,4,21,12,12,12,0],"gold":193,"neow_bonus":"ONE_RARE_RELIC","is_prod":false,"is_daily":false,"chose_seed":false,"campfire_upgraded":2,"win_rate":0,"timestamp":1534784189,"path_taken":["M","?","?","M","M","R","E","$","T","E","R","$","?","M","R","BOSS","M","$","M","M","M","E","M","M","T","R","M","$","?","E"],"build_version":"2018-08-16","purchased_purges":4,"victory":false,"max_hp_per_floor":[63,63,63,63,63,63,63,63,63,63,63,63,58,58,58,58,58,58,58,58,58,58,58,58,58,58,58,58,58,58,58],"card_choices":[{"not_picked":["Terror","Backflip"],"picked":"Acrobatics","floor":1},{"not_picked":["Dodge and Roll","Slice"],"picked":"Deadly Poison","floor":4},{"not_picked":["Backflip","Slice"],"picked":"Well Laid Plans","floor":5},{"not_picked":["Burst","Riddle With Holes"],"picked":"Corpse Explosion","floor":7},{"not_picked":["Die Die Die","Caltrops","Outmaneuver"],"picked":"SKIP","floor":10},{"not_picked":["Flying Knee","Backflip"],"picked":"Reflex","floor":14},{"not_picked":["Wraith Form v2","A Thousand Cuts"],"picked":"Bullet Time","floor":16},{"not_picked":["Flechettes+1","Underhanded Strike"],"picked":"Dagger Throw","floor":18},{"not_picked":["Blade Dance","Deflect+1"],"picked":"Deadly Poison","floor":20},{"not_picked":["Flying Knee","Dagger Spray+1"],"picked":"Prepared","floor":21},{"not_picked":["Sucker Punch","Unload"],"picked":"Acrobatics+1","floor":22},{"not_picked":["Bane+1","Deflect"],"picked":"Footwork","floor":23},{"not_picked":["Slice","Predator"],"picked":"Backflip+1","floor":24},{"not_picked":["Blade Dance","PiercingWail"],"picked":"Prepared","floor":25},{"not_picked":["Poisoned Stab","Backflip"],"picked":"Dodge and Roll","floor":28}],"player_experience":66037,"relics_obtained":[{"floor":7,"key":"Snake Skull"},{"floor":9,"key":"Smiling Mask"},{"floor":10,"key":"Tough Bandages"},{"floor":23,"key":"Mercury Hourglass"},{"floor":26,"key":"Whetstone"}],"event_choices":[{"event_name":"Big Fish","player_choice":"Box","floor":2,"damage_taken":0},{"event_name":"WeMeetAgain","player_choice":"Potion","floor":3,"damage_taken":0},{"event_name":"Golden Idol","player_choice":"Lose Max HP","floor":13,"damage_taken":0},{"event_name":"The Library","player_choice":"Read","floor":30,"damage_taken":0}],"is_beta":false,"boss_relics":[{"not_picked":["Empty Cage","Ring of the Serpent"],"picked":"Astrolabe"}],"items_purged_floors":[8,12,19,29],"is_endless":false,"potions_floor_spawned":[1,10,16,18,20,21,24],"killed_by":"Gremlin Leader","ascension_level":1}