{"gold_per_floor":[218,218,42,42,42,68,80,93,118,148,165,165,195,206,206,311,311,321,246,345,365,382,382,416,426,426,456,284,346,346,141,141,244,244,263,273,123,223,240,275,275,304,304,304,315,344,135,150,150,150,150,150,74,99,99],"floor_reached":55,"playtime":4442,"items_purged":["Strike_G","Strike_G","Strike_G","Strike_G"],"score":931,"play_id":"77784edb-0048-4ec9-80fa-2f66495683b6","local_time":"20190711031917","is_ascension_mode":true,"campfire_choices":[{"data":"Apotheosis","floor":12,"key":"SMITH"},{"floor":15,"key":"REST"},{"data":"Storm of Steel","floor":23,"key":"SMITH"},{"floor":32,"key":"REST"},{"floor":41,"key":"RECALL"},{"floor":44,"key":"REST"},{"data":"Adrenaline","floor":49,"key":"SMITH"},{"data":"Footwork","floor":52,"key":"SMITH"}],"neow_cost":"NONE","seed_source_timestamp":227056663269128,"circlet_count":0,"master_deck":["Defend_G","Defend_G","Defend_G","Defend_G","Defend_G","Survivor","Neutralize","Apotheosis+1","Backflip","Acrobatics","Cloak And Dagger","Cloak And Dagger","Blur","Storm of Steel+1","Acrobatics","Finisher","Footwork","Cloak And Dagger","Prepared+1","Footwork+1","Infinite Blades","Phantasmal Killer","Blade Dance+1","Parasite","Calculated Gamble+1","Adrenaline+1","Concentrate+1","Infinite Blades","Accuracy","Adrenaline"],"relics":["Ring of the Snake","Anchor","Oddly Smooth Stone","Lantern","Mercury Hourglass","Philosopher\u0027s Stone","Red Mask","Shuriken","Tingsha","Tiny Chest","MutagenicStrength","WristBlade","FossilizedHelix","Darkstone Periapt","Dodecahedron","Ice Cream","DollysMirror","Happy Flower"],"potions_floor_usage":[29,36,39,50],"damage_taken":[{"damage":0,"enemies":"Jaw Worm","floor":1,"turns":6},{"damage":24,"enemies":"3 Sentries","floor":6,"turns":21},{"damage":0,"enemies":"Small Slimes","floor":7,"turns":5},{"damage":0,"enemies":"2 Louse","floor":8,"turns":3},{"damage":3,"enemies":"Lagavulin","floor":10,"turns":11},{"damage":5,"enemies":"Blue Slaver","floor":11,"turns":4},{"damage":0,"enemies":"3 Sentries","floor":13,"turns":9},{"damage":1,"enemies":"Large Slime","floor":14,"turns":6},{"damage":23,"enemies":"Hexaghost","floor":16,"turns":17},{"damage":12,"enemies":"Spheric Guardian","floor":18,"turns":6},{"damage":0,"enemies":"3 Byrds","floor":21,"turns":3},{"damage":0,"enemies":"Shelled Parasite and Fungi","floor":22,"turns":5},{"damage":0,"enemies":"Masked Bandits","floor":24,"turns":6},{"damage":2,"enemies":"Snake Plant","floor":25,"turns":5},{"damage":3,"enemies":"Slavers","floor":27,"turns":4},{"damage":38,"enemies":"Gremlin Leader","floor":29,"turns":5},{"damage":10,"enemies":"Champ","floor":33,"turns":13},{"damage":10,"enemies":"3 Shapes","floor":35,"turns":3},{"damage":12,"enemies":"3 Darklings","floor":36,"turns":4},{"damage":0,"enemies":"Mind Bloom Boss Battle","floor":38,"turns":6},{"damage":0,"enemies":"Writhing Mass","floor":39,"turns":5},{"damage":0,"enemies":"Reptomancer","floor":40,"turns":6},{"damage":6,"enemies":"Nemesis","floor":42,"turns":7},{"damage":0,"enemies":"4 Shapes","floor":45,"turns":4},{"damage":0,"enemies":"Giant Head","floor":46,"turns":4},{"damage":0,"enemies":"Transient","floor":48,"turns":5},{"damage":22,"enemies":"Awakened One","floor":50,"turns":7},{"damage":0,"enemies":"Shield and Spear","floor":54,"turns":6},{"damage":99,"enemies":"The Heart","floor":55,"turns":3}],"seed_played":"-6777458485077289494","potions_obtained":[{"floor":7,"key":"Regen Potion"},{"floor":8,"key":"FairyPotion"},{"floor":10,"key":"EntropicBrew"},{"floor":33,"key":"Fruit Juice"},{"floor":38,"key":"SkillPotion"},{"floor":39,"key":"Explosive Potion"},{"floor":40,"key":"FairyPotion"}],"is_trial":false,"path_per_floor":["M","?","$","?","?","E","M","M","T","E","M","R","E","M","R","B",null,"M","$","?","M","M","R","?","M","T","E","$","E","?","$","R","B",null,"M","M","$","?","M","E","R","E","T","R","M","E","$","M","R","B",null,"R","$","E","B"],"character_chosen":"THE_SILENT","items_purchased":["Apotheosis","Footwork","Infinite Blades","DollysMirror","Accuracy"],"campfire_rested":3,"item_purchase_floors":[3,28,31,47,53],"current_hp_per_floor":[70,75,75,75,75,51,51,51,51,48,43,43,43,42,64,41,75,63,63,63,63,63,63,63,61,61,58,58,25,25,25,47,37,75,65,58,58,58,58,58,58,52,52,76,76,76,76,76,76,54,80,80,80,80,0],"gold":99,"neow_bonus":"HUNDRED_GOLD","is_prod":false,"is_daily":false,"chose_seed":false,"campfire_upgraded":4,"win_rate":0,"timestamp":1562829557,"path_taken":["M","?","$","?","?","E","M","M","T","E","M","R","E","M","R","BOSS","M","$","?","M","M","R","?","M","T","E","$","E","?","$","R","BOSS","M","M","$","?","M","E","R","E","T","R","M","E","$","M","R","BOSS","R","$","E","BOSS"],"build_version":"2019-07-05","purchased_purges":4,"victory":false,"max_hp_per_floor":[70,75,75,75,75,75,75,75,75,75,75,75,75,75,75,75,75,75,75,75,75,75,75,75,75,75,75,75,75,75,75,75,75,75,75,80,80,80,80,80,80,80,80,80,80,80,80,80,80,80,80,80,80,80,80],"card_choices":[{"not_picked":["Underhanded Strike","PiercingWail","Heel Hook"],"picked":"SKIP","floor":1},{"not_picked":["Riddle With Holes","Dodge and Roll"],"picked":"Backflip","floor":6},{"not_picked":["Slice","PiercingWail"],"picked":"Acrobatics","floor":7},{"not_picked":["Underhanded Strike","Flechettes"],"picked":"Cloak And Dagger","floor":8},{"not_picked":["Reflex","Poisoned Stab","Slice"],"picked":"SKIP","floor":10},{"not_picked":["Backstab","Sucker Punch"],"picked":"Cloak And Dagger","floor":11},{"not_picked":["Calculated Gamble","Terror"],"picked":"Blur","floor":13},{"not_picked":["Calculated Gamble","Dodge and Roll","PiercingWail"],"picked":"SKIP","floor":14},{"not_picked":["Malaise","Doppelganger"],"picked":"Storm of Steel","floor":16},{"not_picked":["Dagger Spray+1","Choke"],"picked":"Acrobatics","floor":18},{"not_picked":["Deadly Poison","Outmaneuver+1","Deflect+1"],"picked":"SKIP","floor":21},{"not_picked":["Sucker Punch+1","Masterful Stab+1"],"picked":"Finisher","floor":22},{"not_picked":["Deadly Poison+1","Prepared"],"picked":"Footwork","floor":24},{"not_picked":["Catalyst","Deadly Poison+1"],"picked":"Cloak And Dagger","floor":25},{"not_picked":["PiercingWail","Doppelganger"],"picked":"Prepared+1","floor":27},{"not_picked":["Dagger Throw","Dodge and Roll+1","Choke"],"picked":"SKIP","floor":29},{"not_picked":["Storm of Steel","Unload"],"picked":"Phantasmal Killer","floor":33},{"not_picked":["Outmaneuver+1","Poisoned Stab","PiercingWail"],"picked":"SKIP","floor":35},{"not_picked":["Predator","Poisoned Stab+1","Bane"],"picked":"SKIP","floor":36},{"not_picked":["Backflip","Terror+1"],"picked":"Blade Dance+1","floor":38},{"not_picked":["Slice+1","Cloak And Dagger+1"],"picked":"Calculated Gamble+1","floor":39},{"not_picked":["Terror+1","Distraction+1","Catalyst"],"picked":"SKIP","floor":40},{"not_picked":["Riddle With Holes","Flying Knee+1","Underhanded Strike"],"picked":"SKIP","floor":42},{"not_picked":["Poisoned Stab","Blade Dance+1"],"picked":"Adrenaline","floor":45},{"not_picked":["Backflip+1","Quick Slash"],"picked":"Concentrate+1","floor":46},{"not_picked":["Underhanded Strike+1","Dagger Spray","Cloak And Dagger"],"picked":"SKIP","floor":48},{"not_picked":["Infinite Blades+1","Expertise"],"picked":"Adrenaline","floor":54}],"player_experience":99609,"relics_obtained":[{"floor":6,"key":"Anchor"},{"floor":9,"key":"Oddly Smooth Stone"},{"floor":10,"key":"Lantern"},{"floor":13,"key":"Mercury Hourglass"},{"floor":24,"key":"Red Mask"},{"floor":26,"key":"Shuriken"},{"floor":27,"key":"Tingsha"},{"floor":29,"key":"Tiny Chest"},{"floor":38,"key":"FossilizedHelix"},{"floor":40,"key":"Darkstone Periapt"},{"floor":42,"key":"Dodecahedron"},{"floor":46,"key":"Ice Cream"},{"floor":54,"key":"Happy Flower"}],"event_choices":[{"damage_healed":0,"gold_gain":0,"player_choice":"Donut","damage_taken":0,"max_hp_gain":5,"max_hp_loss":0,"event_name":"Big Fish","floor":2,"gold_loss":0},{"damage_healed":0,"gold_gain":0,"player_choice":"Ignored","damage_taken":0,"max_hp_gain":0,"max_hp_loss":0,"event_name":"Liars Game","floor":4,"gold_loss":0},{"cards_removed":["Strike_G"],"damage_healed":0,"gold_gain":0,"player_choice":"Forget","damage_taken":0,"max_hp_gain":0,"max_hp_loss":0,"event_name":"Living Wall","floor":5,"gold_loss":0},{"damage_healed":0,"gold_gain":99,"player_choice":"Stole From Cult","damage_taken":0,"max_hp_gain":0,"max_hp_loss":0,"event_name":"Nest","floor":20,"gold_loss":0},{"damage_healed":0,"gold_gain":0,"player_choice":"Fought Bandits","damage_taken":0,"max_hp_gain":0,"max_hp_loss":0,"event_name":"Masked Bandits","floor":24,"gold_loss":0},{"damage_healed":0,"gold_gain":0,"player_choice":"Inject Mutagens","damage_taken":0,"relics_obtained":["MutagenicStrength"],"max_hp_gain":0,"max_hp_loss":0,"event_name":"Drug Dealer","floor":30,"gold_loss":0},{"damage_healed":0,"gold_gain":0,"player_choice":"Fight","damage_taken":0,"max_hp_gain":0,"max_hp_loss":0,"event_name":"MindBloom","floor":38,"gold_loss":0}],"is_beta":false,"boss_relics":[{"not_picked":["HoveringKite","Fusion Hammer"],"picked":"Philosopher\u0027s Stone"},{"not_picked":["Velvet Choker","Busted Crown"],"picked":"WristBlade"}],"items_purged_floors":[19,28,31,37],"is_endless":false,"potions_floor_spawned":[7,8,10,13,22,24,25,33,38,39,40,45,54],"killed_by":"The Heart","ascension_level":1}