{"gold_per_floor":[115,115,62,76,89,89,422,19,42,42,88,114,132,144,144,221,221,236,236,236,236,255,255,287,212,212,212],"floor_reached":27,"playtime":784,"items_purged":[],"score":478,"play_id":"ada7660b-f651-43c1-a4ac-a49c6886a101","local_time":"20190714161332","is_ascension_mode":true,"campfire_choices":[{"data":"Static Discharge","floor":6,"key":"SMITH"},{"data":"Defragment","floor":10,"key":"SMITH"},{"data":"Seek","floor":15,"key":"SMITH"},{"floor":23,"key":"REST"}],"neow_cost":"NONE","seed_source_timestamp":395150772207940,"circlet_count":0,"master_deck":["AscendersBane","Strike_B","Defend_B","Defend_B","Defend_B","Defend_B","Zap","Dualcast","Defragment+1","Static Discharge+1","Seek+1","Capacitor","Doom and Gloom","Creative AI","Cold Snap","Echo Form","Genetic Algorithm","Skim","Storm","Coolheaded+1"],"relics":["Cracked Core","Centennial Puzzle","Old Coin","Mummified Hand","Bag of Marbles","PreservedInsect","Symbiotic Virus","Sozu","Juzu Bracelet","Matryoshka"],"potions_floor_usage":[7],"damage_taken":[{"damage":12,"enemies":"Jaw Worm","floor":1,"turns":3},{"damage":2,"enemies":"Cultist","floor":4,"turns":4},{"damage":7,"enemies":"2 Louse","floor":5,"turns":2},{"damage":25,"enemies":"3 Sentries","floor":7,"turns":5},{"damage":4,"enemies":"Gremlin Nob","floor":12,"turns":3},{"damage":12,"enemies":"Looter","floor":13,"turns":3},{"damage":2,"enemies":"Gremlin Gang","floor":14,"turns":2},{"damage":10,"enemies":"Hexaghost","floor":16,"turns":7},{"damage":2,"enemies":"Chosen","floor":18,"turns":3},{"damage":38,"enemies":"2 Thieves","floor":22,"turns":4},{"damage":31,"enemies":"Gremlin Leader","floor":24,"turns":3},{"damage":11,"enemies":"Book of Stabbing","floor":27,"turns":1}],"seed_played":"-382467168800486419","potions_obtained":[{"floor":5,"key":"Regen Potion"},{"floor":13,"key":"GamblersBrew"}],"is_trial":false,"path_per_floor":["M","?","$","M","M","R","E","$","T","R","T","E","M","M","R","B",null,"M","?","?","?","M","R","E","?","T","E"],"character_chosen":"DEFECT","items_purchased":["Fire Potion","Mummified Hand","Capacitor","Doom and Gloom"],"campfire_rested":1,"item_purchase_floors":[3,8,8,8],"current_hp_per_floor":[52,52,52,50,43,43,32,32,32,32,32,28,16,14,14,4,54,52,52,52,52,14,35,4,4,4,0],"gold":212,"neow_bonus":"THREE_CARDS","is_prod":false,"is_daily":false,"chose_seed":false,"campfire_upgraded":3,"win_rate":0,"timestamp":1563135212,"path_taken":["M","?","$","M","M","R","E","?","T","R","?","E","M","M","R","BOSS","M","?","?","?","?","R","E","?","T","E"],"build_version":"2019-07-05","purchased_purges":0,"victory":false,"max_hp_per_floor":[71,71,71,71,71,71,71,71,71,71,71,71,71,71,71,71,71,71,71,71,71,71,71,71,71,71,71],"card_choices":[{"not_picked":["Streamline","White Noise"],"picked":"Defragment","floor":0},{"not_picked":["Hologram","Consume"],"picked":"FTL","floor":1},{"not_picked":["Redo","Undo"],"picked":"Static Discharge","floor":4},{"not_picked":["Turbo","Streamline","Go for the Eyes"],"picked":"SKIP","floor":5},{"not_picked":["Double Energy","Steam"],"picked":"Seek","floor":7},{"not_picked":["Darkness","Beam Cell"],"picked":"Creative AI","floor":12},{"not_picked":["Skim","Rebound","Turbo"],"picked":"SKIP","floor":13},{"not_picked":["Compile Driver","Leap"],"picked":"Cold Snap","floor":14},{"not_picked":["Reboot","Machine Learning"],"picked":"Echo Form","floor":16},{"not_picked":["Streamline","Barrage","Turbo"],"picked":"SKIP","floor":18},{"not_picked":["Redo","Barrage","Ball Lightning"],"picked":"SKIP","floor":22},{"not_picked":["Chill","Scrape"],"picked":"Coolheaded+1","floor":24}],"player_experience":1603076,"relics_obtained":[{"floor":7,"key":"Old Coin"},{"floor":9,"key":"Bag of Marbles"},{"floor":11,"key":"PreservedInsect"},{"floor":12,"key":"Symbiotic Virus"},{"floor":24,"key":"Juzu Bracelet"},{"floor":26,"key":"Matryoshka"}],"event_choices":[{"cards_removed":["FTL"],"damage_healed":0,"gold_gain":0,"player_choice":"Gave Card","damage_taken":0,"relics_obtained":["Centennial Puzzle"],"max_hp_gain":0,"max_hp_loss":0,"event_name":"WeMeetAgain","floor":2,"gold_loss":0},{"damage_healed":0,"gold_gain":0,"player_choice":"Read","damage_taken":0,"max_hp_gain":0,"max_hp_loss":0,"event_name":"The Library","floor":19,"gold_loss":0,"cards_obtained":["Genetic Algorithm"]},{"damage_healed":0,"gold_gain":0,"cards_transformed":["Strike_B","Strike_B"],"player_choice":"Became Test Subject","damage_taken":0,"max_hp_gain":0,"max_hp_loss":0,"event_name":"Drug Dealer","floor":20,"gold_loss":0,"cards_obtained":["Scrape","Skim"]},{"damage_healed":0,"gold_gain":0,"cards_transformed":["Strike_B"],"player_choice":"Transformed","damage_taken":0,"max_hp_gain":0,"max_hp_loss":0,"event_name":"Transmorgrifier","floor":21,"gold_loss":0,"cards_obtained":["Storm"]},{"cards_removed":["Scrape"],"damage_healed":0,"gold_gain":0,"player_choice":"Gave Gold","damage_taken":0,"max_hp_gain":0,"max_hp_loss":0,"event_name":"Beggar","floor":25,"gold_loss":75}],"is_beta":false,"boss_relics":[{"not_picked":["Black Star","Eternal Feather"],"picked":"Sozu"}],"items_purged_floors":[],"is_endless":false,"potions_floor_spawned":[5,13,14,18,24],"killed_by":"Book of Stabbing","ascension_level":20}