{"gold_per_floor":[117,130,45,59,72,99,99,125,125,125,140,140,140,65,65,138,138,149,149,149,199,216,216,141,141,141,160,30,30,41,41],"floor_reached":31,"playtime":1339,"items_purged":["Strike_R","Strike_R"],"score":437,"play_id":"9b2fc076-6659-4855-885d-7cbe8b4beeb2","local_time":"20181018191211","is_ascension_mode":true,"campfire_choices":[{"floor":7.0,"key":"REST"},{"data":"Barricade","floor":10.0,"key":"SMITH"},{"data":"Uppercut","floor":12.0,"key":"SMITH"},{"floor":15.0,"key":"REST"},{"data":"Armaments","floor":23,"key":"SMITH"},{"data":"True Grit","floor":25,"key":"SMITH"},{"floor":29,"key":"REST"}],"neow_cost":"NONE","seed_source_timestamp":772632727040752,"circlet_count":0,"master_deck":["Strike_R","Defend_R","Defend_R","Defend_R","Defend_R","Bash","AscendersBane","Carnage","Cleave","Uppercut+1","Barricade+1","Iron Wave","True Grit+1","Iron Wave","Armaments+1","Body Slam","Demon Form","Ghostly Armor","Havoc","Entrench","True Grit"],"special_seed":0,"relics":["Burning Blood","Lantern","Happy Flower","Bottled Flame","Runic Cube","Anchor"],"potions_floor_usage":[22,31],"damage_taken":[{"damage":1.0,"enemies":"Cultist","floor":1.0,"turns":3.0},{"damage":12.0,"enemies":"Jaw Worm","floor":2.0,"turns":3.0},{"damage":0.0,"enemies":"Small Slimes","floor":4.0,"turns":2.0},{"damage":12.0,"enemies":"Blue Slaver","floor":5.0,"turns":4.0},{"damage":50.0,"enemies":"Lagavulin","floor":6.0,"turns":10.0},{"damage":41.0,"enemies":"3 Sentries","floor":8.0,"turns":12.0},{"damage":0.0,"enemies":"3 Louse","floor":11.0,"turns":3.0},{"damage":21.0,"enemies":"Slime Boss","floor":16.0,"turns":7.0},{"damage":26.0,"enemies":"3 Byrds","floor":18.0,"turns":6.0},{"damage":12,"enemies":"Spheric Guardian","floor":22,"turns":5},{"damage":14,"enemies":"Centurion and Healer","floor":27,"turns":10},{"damage":21,"enemies":"Snake Plant","floor":30,"turns":9},{"damage":4,"enemies":"Gremlin Leader","floor":31,"turns":4}],"seed_played":"-3566384498870798456","potions_obtained":[{"floor":5.0,"key":"FairyPotion"},{"floor":8.0,"key":"AttackPotion"},{"floor":16.0,"key":"SpeedPotion"},{"floor":22,"key":"AttackPotion"}],"is_trial":false,"path_per_floor":["M","M","$","M","M","E","R","E","T","R","M","R","?","?","R","B",null,"M","?","?","?","M","R","$","R","T","M","$","R","M"],"character_chosen":"IRONCLAD","items_purchased":["Barricade","True Grit"],"campfire_rested":3,"item_purchase_floors":[3,28],"current_hp_per_floor":[73,67,67,73,67,23,45,10,10,10,16,16,16,16,38,23,62,42,42,21,21,15,15,15,15,15,7,7,31,16,12],"gold":41,"neow_bonus":"TRANSFORM_CARD","is_prod":false,"is_daily":false,"chose_seed":false,"campfire_upgraded":4,"win_rate":0,"timestamp":1539904331,"path_taken":["M","M","$","M","?","E","R","E","T","R","?","R","?","?","R","BOSS","M","?","?","?","M","R","$","R","T","M","$","R","?","E"],"build_version":"2018-10-11","purchased_purges":2,"victory":false,"max_hp_per_floor":[75,75,75,75,75,75,75,75,75,75,75,75,75,75,75,75,75,75,75,80,80,80,80,80,80,80,80,80,80,80,80],"card_choices":[{"not_picked":["Anger","Burning Pact"],"picked":"Cleave","floor":1.0},{"not_picked":["Thunderclap","Perfected Strike"],"picked":"Uppercut","floor":2.0},{"not_picked":["Hemokinesis","Sword Boomerang"],"picked":"Iron Wave","floor":4.0},{"not_picked":["Anger","Dropkick"],"picked":"True Grit","floor":5.0},{"not_picked":["Clothesline","Cleave"],"picked":"Iron Wave","floor":6.0},{"not_picked":["Iron Wave","Thunderclap"],"picked":"Armaments","floor":8.0},{"not_picked":["Spot Weakness","Hemokinesis"],"picked":"Body Slam","floor":11.0},{"not_picked":["Double Tap","Barricade"],"picked":"Demon Form","floor":16.0},{"not_picked":["Wild Strike+1","Sword Boomerang"],"picked":"Ghostly Armor","floor":18.0},{"not_picked":["Inflame","Ghostly Armor"],"picked":"Havoc","floor":22},{"not_picked":["Clash","Iron Wave"],"picked":"Entrench","floor":27},{"not_picked":["Bloodletting+1","Flex+1","Corruption"],"picked":"SKIP","floor":30}],"player_experience":603876,"relics_obtained":[{"floor":6.0,"key":"Lantern"},{"floor":8.0,"key":"Happy Flower"},{"floor":9.0,"key":"Bottled Flame"},{"floor":26,"key":"Anchor"}],"event_choices":[{"event_name":"Dead Adventurer","player_choice":"Searched \u00270\u0027 times","floor":13.0,"damage_taken":0.0},{"event_name":"The Cleric","player_choice":"Card Removal","floor":14.0,"damage_taken":0.0},{"event_name":"Ghosts","player_choice":"Ignored","floor":19.0,"damage_taken":0.0},{"event_name":"Forgotten Altar","player_choice":"Shed Blood","floor":20.0,"damage_taken":0.0},{"event_name":"Nest","player_choice":"Stole From Cult","floor":21.0,"damage_taken":0.0}],"is_beta":false,"boss_relics":[{"not_picked":["Runic Dome","White Beast Statue"],"picked":"Runic Cube"}],"items_purged_floors":[24,28],"is_endless":false,"potions_floor_spawned":[5,8,16,22,27],"killed_by":"Gremlin Leader","ascension_level":16}