{"gold_per_floor":[110,110,185,205,205,260,260,292,292,311,327,327,360,13,13,86,86,100,116,25,25,36,36,64,64,64,84,34,34,34,67,67,139,139,153,45,64,64,84,84,116,116,139,156,172,202,249,263,263,263],"floor_reached":51,"playtime":3715,"items_purged":["Strike_B","Strike_B","Defend_B"],"score":1458,"play_id":"b35c9659-5f42-42cd-b03a-9683aa53e58c","local_time":"20180920201710","is_ascension_mode":true,"campfire_choices":[{"data":"Defragment","floor":7,"key":"SMITH"},{"floor":12,"key":"REST"},{"data":"Recycle","floor":15,"key":"SMITH"},{"floor":23,"key":"REST"},{"data":"Fission","floor":25,"key":"SMITH"},{"floor":29,"key":"REST"},{"data":"Capacitor","floor":32,"key":"SMITH"},{"floor":40,"key":"REST"},{"floor":42,"key":"REST"},{"floor":49,"key":"REST"}],"neow_cost":"NONE","seed_source_timestamp":670056778345231,"circlet_count":0,"master_deck":["Defend_B","Defend_B","Defend_B+1","Zap","Dualcast","AscendersBane","Conserve Battery","Streamline","Leap","Defragment+1","Fusion","Genetic Algorithm","Sunder","Glacier","Capacitor+1","Recycle+1","Fission+1","Consume+1","Ball Lightning","Reinforced Body","Ball Lightning","Sunder+1","Recycle","Multi-Cast+1","The Bomb","Bandage Up","Capacitor+1","Defragment","Defragment+1","Hologram+1"],"relics":["Cracked Core","NeowsBlessing","Darkstone Periapt","Tiny Chest","PreservedInsect","Smiling Mask","Mummified Hand","Regal Pillow","Snecko Eye","Potion Belt","Pantograph","Question Card","Fusion Hammer","Strawberry","Art of War","Centennial Puzzle","War Paint"],"potions_floor_usage":[8,13,16,16,24,27,33,41,45,50,50,50],"damage_taken":[{"damage":0,"enemies":"Jaw Worm","floor":1,"turns":1},{"damage":0,"enemies":"2 Louse","floor":4,"turns":1},{"damage":0,"enemies":"3 Sentries","floor":6,"turns":2},{"damage":16,"enemies":"Gremlin Nob","floor":8,"turns":3},{"damage":3,"enemies":"Small Slimes","floor":10,"turns":4},{"damage":9,"enemies":"Looter","floor":11,"turns":4},{"damage":20,"enemies":"Lagavulin","floor":13,"turns":6},{"damage":8,"enemies":"Hexaghost","floor":16,"turns":13},{"damage":26,"enemies":"Spheric Guardian","floor":18,"turns":6},{"damage":13,"enemies":"3 Byrds","floor":19,"turns":5},{"damage":9,"enemies":"Centurion and Healer","floor":22,"turns":7},{"damage":14,"enemies":"Slavers","floor":24,"turns":5},{"damage":8,"enemies":"Chosen and Byrds","floor":27,"turns":6},{"damage":0,"enemies":"Gremlin Leader","floor":31,"turns":5},{"damage":10,"enemies":"Champ","floor":33,"turns":14},{"damage":0,"enemies":"Orb Walker","floor":35,"turns":4},{"damage":0,"enemies":"3 Shapes","floor":37,"turns":3},{"damage":4,"enemies":"Maw","floor":39,"turns":7},{"damage":0,"enemies":"Giant Head","floor":41,"turns":7},{"damage":2,"enemies":"Sphere and 2 Shapes","floor":44,"turns":5},{"damage":11,"enemies":"Reptomancer","floor":45,"turns":5},{"damage":16,"enemies":"Nemesis","floor":46,"turns":3},{"damage":2,"enemies":"Transient","floor":48,"turns":6},{"damage":45,"enemies":"Awakened One","floor":50,"turns":15}],"seed_played":"-4277134339338939352","potions_obtained":[{"floor":4,"key":"Fire Potion"},{"floor":6,"key":"Dexterity Potion"},{"floor":10,"key":"EssenceOfSteel"},{"floor":13,"key":"AttackPotion"},{"floor":18,"key":"FearPotion"},{"floor":22,"key":"Ancient Potion"},{"floor":24,"key":"Dexterity Potion"},{"floor":31,"key":"Weak Potion"},{"floor":37,"key":"Fire Potion"},{"floor":39,"key":"SkillPotion"},{"floor":44,"key":"Ancient Potion"},{"floor":46,"key":"LiquidBronze"}],"is_trial":false,"path_per_floor":["M","?","?","M","T","E","R","E","T","M","M","R","E","$","R","B",null,"M","M","$","?","M","R","E","R","T","M","$","R","?","E","R","B",null,"M","$","M","?","M","R","E","R","T","M","M","E","T","M","R","B"],"character_chosen":"DEFECT","items_purchased":["Capacitor","Regal Pillow","Recycle","Reinforced Body","Dexterity Potion"],"campfire_rested":6,"item_purchase_floors":[14,14,14,20,36],"current_hp_per_floor":[64,64,53,53,53,53,53,37,37,34,25,46,26,26,26,18,58,32,19,19,19,10,46,32,32,32,24,24,60,60,60,60,61,69,69,69,69,64,64,71,78,78,78,76,69,53,53,55,78,37],"gold":263,"neow_bonus":"THREE_ENEMY_KILL","is_prod":false,"is_daily":false,"chose_seed":false,"campfire_upgraded":4,"win_rate":0,"timestamp":1537489030,"path_taken":["M","?","?","?","?","E","R","E","T","M","?","R","E","$","R","BOSS","M","?","$","?","M","R","E","R","T","?","$","R","?","E","R","BOSS","M","?","M","?","M","R","E","R","T","M","?","E","?","?","R","BOSS"],"build_version":"2018-09-06","purchased_purges":3,"victory":true,"max_hp_per_floor":[71,71,71,71,71,71,71,71,71,71,71,71,71,71,71,71,71,71,71,71,71,71,71,71,71,71,71,71,71,71,71,71,71,71,71,71,71,71,71,71,78,78,78,78,78,78,78,78,78,78],"card_choices":[{"not_picked":["Scrape","Static Discharge"],"picked":"Conserve Battery","floor":1},{"not_picked":["Rip and Tear","Double Energy"],"picked":"Leap","floor":4},{"not_picked":["Coolheaded","Turbo"],"picked":"Defragment","floor":6},{"not_picked":["Leap","Stack"],"picked":"Fusion","floor":8},{"not_picked":["Machine Learning","Sweeping Beam"],"picked":"Genetic Algorithm","floor":10},{"not_picked":["Beam Cell","Double Energy"],"picked":"Sunder","floor":11},{"not_picked":["Recycle","Hologram"],"picked":"Glacier","floor":13},{"not_picked":["Amplify","Rainbow"],"picked":"Fission","floor":16},{"not_picked":["Hologram","Streamline"],"picked":"Consume+1","floor":18},{"not_picked":["Compile Driver","Doom and Gloom"],"picked":"Ball Lightning","floor":19},{"not_picked":["FTL","Conserve Battery"],"picked":"Ball Lightning","floor":22},{"not_picked":["Streamline","Genetic Algorithm","Leap"],"picked":"SKIP","floor":24},{"not_picked":["Ball Lightning","Steam"],"picked":"Sunder+1","floor":27},{"not_picked":["Beam Cell","Coolheaded"],"picked":"Recycle","floor":31},{"not_picked":["Reboot","Hyperbeam","Seek"],"picked":"Multi-Cast","floor":33},{"not_picked":["Hello World","Fusion","Steam+1","Streamline"],"picked":"SKIP","floor":35},{"not_picked":["Melter","Barrage","Stack","Streamline+1"],"picked":"SKIP","floor":37},{"not_picked":["Panacea","Dramatic Entrance","PanicButton"],"picked":"The Bomb","floor":38},{"not_picked":["Blind","Mind Blast","Secret Technique"],"picked":"Bandage Up","floor":38},{"not_picked":["FTL","Stack","Gash"],"picked":"Capacitor+1","floor":39},{"not_picked":["Rebound","Ball Lightning","Melter"],"picked":"Defragment","floor":41},{"not_picked":["Steam","Rip and Tear","Rainbow"],"picked":"Defragment+1","floor":44},{"not_picked":["Gash+1","Reprogram","Tempest+1","Streamline"],"picked":"SKIP","floor":45},{"not_picked":["Gash","Chill","BootSequence","Darkness"],"picked":"SKIP","floor":46},{"not_picked":["Stack","Go for the Eyes+1","Compile Driver"],"picked":"Hologram+1","floor":48}],"player_experience":487360,"relics_obtained":[{"floor":5,"key":"Darkstone Periapt"},{"floor":6,"key":"Tiny Chest"},{"floor":8,"key":"PreservedInsect"},{"floor":9,"key":"Smiling Mask"},{"floor":13,"key":"Mummified Hand"},{"floor":24,"key":"Potion Belt"},{"floor":26,"key":"Pantograph"},{"floor":31,"key":"Question Card"},{"floor":41,"key":"Strawberry"},{"floor":43,"key":"Art of War"},{"floor":46,"key":"Centennial Puzzle"},{"floor":47,"key":"War Paint"}],"event_choices":[{"event_name":"Living Wall","player_choice":"Change","floor":2,"damage_taken":0},{"event_name":"World of Goop","player_choice":"Gather Gold","floor":3,"damage_taken":0},{"event_name":"Ghosts","player_choice":"Ignored","floor":21,"damage_taken":0},{"event_name":"Purifier","player_choice":"One Purge","floor":30,"damage_taken":0},{"event_name":"SensoryStone","player_choice":"Memory 2","floor":38,"damage_taken":0}],"is_beta":false,"boss_relics":[{"not_picked":["Sozu","Inserter"],"picked":"Snecko Eye"},{"not_picked":["Lizard Tail","Empty Cage"],"picked":"Fusion Hammer"}],"items_purged_floors":[14,28,36],"is_endless":false,"potions_floor_spawned":[4,6,10,13,18,22,24,31,37,39,44,46],"ascension_level":17}