{"gold_per_floor":[109,159,84,84,98,98,126,74,100,100,134,134,99,114,114,190,190,115,115,61,61,61,61,61,61,61,61,61],"floor_reached":28,"playtime":1018,"items_purged":["Strike_R"],"score":436,"play_id":"c5a8ac9c-9791-4551-97e3-59b777a5f4ad","local_time":"20181012194032","is_ascension_mode":true,"campfire_choices":[{"data":"Pommel Strike","floor":6,"key":"SMITH"},{"floor":10,"key":"REST"},{"data":"Armaments","floor":12,"key":"SMITH"},{"data":"Body Slam","floor":15,"key":"SMITH"},{"floor":23,"key":"REST"}],"neow_cost":"NONE","seed_source_timestamp":256337865901687,"circlet_count":0,"master_deck":["Strike_R","Strike_R","Strike_R","Defend_R","Defend_R","Defend_R","Defend_R","Bash","AscendersBane","Limit Break+1","Iron Wave","Pommel Strike+1","Armaments+1","Clothesline","Intimidate","Body Slam+1","Limit Break","Shrug It Off+1","Pommel Strike","Shrug It Off","Twin Strike","True Grit+1"],"relics":["Burning Blood","Vajra","Omamori","Shuriken","Ectoplasm","Bronze Scales","Juzu Bracelet"],"potions_floor_usage":[11,16,24,25,25],"damage_taken":[{"damage":18,"enemies":"Jaw Worm","floor":1,"turns":4},{"damage":5,"enemies":"Cultist","floor":5,"turns":4},{"damage":39,"enemies":"Gremlin Nob","floor":7,"turns":5},{"damage":32,"enemies":"3 Sentries","floor":11,"turns":9},{"damage":1,"enemies":"2 Louse","floor":14,"turns":3},{"damage":23,"enemies":"The Guardian","floor":16,"turns":12},{"damage":26,"enemies":"2 Thieves","floor":18,"turns":4},{"damage":3,"enemies":"Chosen","floor":19,"turns":5},{"damage":18,"enemies":"Sentry and Sphere","floor":24,"turns":6},{"damage":40,"enemies":"Book of Stabbing","floor":25,"turns":5},{"damage":25,"enemies":"Slavers","floor":28,"turns":2}],"seed_played":"2135891436584795860","potions_obtained":[{"floor":7,"key":"AttackPotion"},{"floor":11,"key":"FearPotion"},{"floor":16,"key":"Weak Potion"},{"floor":18,"key":"Swift Potion"},{"floor":24,"key":"LiquidBronze"}],"is_trial":false,"path_per_floor":["M","?","$","?","M","R","E","$","T","R","E","R","?","M","R","B",null,"M","M","$","?","?","R","M","E","T","?"],"character_chosen":"IRONCLAD","items_purchased":["Clothesline","Shrug It Off"],"campfire_rested":2,"item_purchase_floors":[8,20],"current_hp_per_floor":[56,56,56,56,57,57,24,24,24,46,20,20,38,43,43,26,63,43,46,46,46,46,68,56,22,22,22,0],"gold":61,"neow_bonus":"ONE_RANDOM_RARE_CARD","is_prod":false,"is_daily":false,"chose_seed":false,"campfire_upgraded":3,"win_rate":0,"timestamp":1539387632,"path_taken":["M","?","$","?","M","R","E","?","T","R","E","R","?","M","R","BOSS","M","M","$","?","?","R","M","E","T","?","E"],"build_version":"2018-10-11","purchased_purges":1,"victory":false,"max_hp_per_floor":[75,75,75,75,75,75,75,75,75,75,75,75,75,75,75,75,75,75,75,75,75,75,75,75,75,75,75,75],"card_choices":[{"not_picked":["Body Slam","Entrench"],"picked":"Iron Wave","floor":1},{"not_picked":["Dropkick","Sentinel"],"picked":"Pommel Strike","floor":5},{"not_picked":["Perfected Strike","Clash"],"picked":"Armaments","floor":7},{"not_picked":["Clothesline","Perfected Strike"],"picked":"Intimidate","floor":11},{"not_picked":["Dark Embrace","Twin Strike"],"picked":"Body Slam","floor":14},{"not_picked":["Bludgeon","Dark Embrace"],"picked":"Limit Break","floor":16},{"not_picked":["Heavy Blade","Blood for Blood+1"],"picked":"Shrug It Off+1","floor":18},{"not_picked":["Armaments","Heavy Blade"],"picked":"Pommel Strike","floor":19},{"not_picked":["Clash","Perfected Strike+1"],"picked":"Twin Strike","floor":24},{"not_picked":["Headbutt","Pommel Strike"],"picked":"True Grit+1","floor":25}],"player_experience":593340,"relics_obtained":[{"floor":7,"key":"Vajra"},{"floor":9,"key":"Omamori"},{"floor":11,"key":"Shuriken"},{"floor":25,"key":"Bronze Scales"},{"floor":26,"key":"Juzu Bracelet"}],"event_choices":[{"event_name":"Golden Shrine","player_choice":"Pray","floor":2,"damage_taken":0},{"event_name":"Liars Game","player_choice":"disagreed","floor":4,"damage_taken":0},{"event_name":"The Cleric","player_choice":"Healed","floor":13,"damage_taken":0},{"event_name":"Back to Basics","player_choice":"Elegance","floor":21,"damage_taken":0},{"event_name":"N\u0027loth","player_choice":"Ignored","floor":22,"damage_taken":0},{"event_name":"Accursed Blacksmith","player_choice":"Forge","floor":27,"damage_taken":0}],"is_beta":false,"boss_relics":[{"not_picked":["Runic Cube","Pandora\u0027s Box"],"picked":"Ectoplasm"}],"items_purged_floors":[3],"is_endless":false,"potions_floor_spawned":[7,11,16,18,24],"killed_by":"Slavers","ascension_level":16}