{"gold_per_floor":[111,128,144,163,51,51,65,65,65,65,65,95,105,115,115,215,215,229,240,105,105,119,119,119,119,119,34,53,70,70,80,80,175,175,189,206,8,19,31,60,60,0,0,0,30,48,48,48,48,48],"floor_reached":51,"playtime":4724,"items_purged":["Strike_G","Strike_G","Defend_G"],"score":736,"play_id":"2bb41333-e462-403f-aa91-bd5dfa869c0f","local_time":"20190709122821","is_ascension_mode":false,"campfire_choices":[{"data":"Noxious Fumes","floor":6.0,"key":"SMITH"},{"floor":10.0,"key":"REST"},{"floor":15,"key":"REST"},{"data":"Footwork","floor":23,"key":"SMITH"},{"data":"Neutralize","floor":25,"key":"SMITH"},{"floor":32,"key":"REST"},{"floor":41,"key":"REST"},{"data":"Footwork","floor":47,"key":"SMITH"},{"floor":49,"key":"REST"}],"neow_cost":"NONE","seed_source_timestamp":86818201620412,"circlet_count":0,"master_deck":["Defend_G+1","Defend_G","Survivor","Neutralize+1","Blur","Escape Plan","Backflip","Noxious Fumes+1","Sucker Punch","Deadly Poison","Escape Plan","Caltrops","Footwork+1","Acrobatics","Backflip+1","Adrenaline","Cloak And Dagger+1","Masterful Stab+1","Prepared+1","Well Laid Plans+1","Footwork+1","Acrobatics+1","Prepared+1","Parasite","Noxious Fumes+1"],"special_seed":0,"relics":["Ring of the Serpent","Letter Opener","Dodecahedron","War Paint","Question Card","Astrolabe","PreservedInsect","Red Mask","Sundial","Centennial Puzzle"],"potions_floor_usage":[16,33],"damage_taken":[{"damage":0.0,"enemies":"Cultist","floor":1.0,"turns":5.0},{"damage":0.0,"enemies":"Jaw Worm","floor":2.0,"turns":8.0},{"damage":0.0,"enemies":"Small Slimes","floor":3.0,"turns":6.0},{"damage":30.0,"enemies":"Gremlin Gang","floor":4.0,"turns":13.0},{"damage":0.0,"enemies":"Looter","floor":7.0,"turns":4.0},{"damage":68,"enemies":"Gremlin Nob","floor":12,"turns":6},{"damage":1,"enemies":"3 Louse","floor":13,"turns":3},{"damage":0,"enemies":"Blue Slaver","floor":14,"turns":4},{"damage":7,"enemies":"The Guardian","floor":16,"turns":11},{"damage":0,"enemies":"Shell Parasite","floor":18,"turns":7},{"damage":0,"enemies":"3 Byrds","floor":19,"turns":4},{"damage":4,"enemies":"Cultist and Chosen","floor":22,"turns":7},{"damage":6,"enemies":"Snecko","floor":28,"turns":6},{"damage":3,"enemies":"Centurion and Healer","floor":29,"turns":8},{"damage":4,"enemies":"Snake Plant","floor":31,"turns":5},{"damage":19,"enemies":"Collector","floor":33,"turns":9},{"damage":0,"enemies":"Orb Walker","floor":35,"turns":4},{"damage":0,"enemies":"3 Darklings","floor":36,"turns":4},{"damage":0,"enemies":"Spire Growth","floor":38,"turns":5},{"damage":0,"enemies":"Maw","floor":39,"turns":7},{"damage":40,"enemies":"Reptomancer","floor":40,"turns":9},{"damage":0,"enemies":"Giant Head","floor":45,"turns":8},{"damage":1,"enemies":"Writhing Mass","floor":46,"turns":6},{"damage":0,"enemies":"Awakened One","floor":50,"turns":12}],"seed_played":"-7449562325007035047","potions_obtained":[{"floor":1.0,"key":"Poison Potion"},{"floor":2.0,"key":"Fire Potion"},{"floor":7.0,"key":"GamblersBrew"},{"floor":18,"key":"Weak Potion"},{"floor":36,"key":"Explosive Potion"},{"floor":40,"key":"Dexterity Potion"}],"is_trial":false,"path_per_floor":["M","M","M","M","$","R","M","?","T","R","?","E","M","M","R","B",null,"M","M","$","?","M","R","?","R","T","?","M","M","$","M","R","B",null,"M","M","$","M","M","E","R","?","T","?","E","M","R","?","R","B",null],"character_chosen":"THE_SILENT","items_purchased":["Noxious Fumes","Caltrops","Footwork"],"campfire_rested":5,"item_purchase_floors":[5,20,37],"current_hp_per_floor":[70,70,70,40,40,40,40,37,37,58,70,2,1,1,22,15,70,70,70,70,70,66,66,66,66,66,66,60,57,57,53,70,51,70,70,70,70,70,70,30,51,51,51,51,51,50,50,50,70,70],"gold":48,"neow_bonus":"REMOVE_CARD","is_prod":false,"is_daily":false,"chose_seed":false,"campfire_upgraded":4,"win_rate":0,"timestamp":1562689701,"path_taken":["M","M","M","M","$","R","?","?","T","R","?","E","M","?","R","BOSS","M","M","$","?","M","R","?","R","T","?","M","?","?","M","R","BOSS","M","M","$","M","M","E","R","?","T","?","E","M","R","?","R","BOSS"],"build_version":"2019-07-05","purchased_purges":3,"victory":true,"max_hp_per_floor":[70,70,70,70,70,70,70,70,70,70,70,70,70,70,70,70,70,70,70,70,70,70,70,70,70,70,70,70,70,70,70,70,70,70,70,70,70,70,70,70,70,70,70,70,70,70,70,70,70,70],"card_choices":[{"not_picked":["Deadly Poison","Tactician"],"picked":"Blur","floor":1.0},{"not_picked":["Blade Dance","Expertise"],"picked":"Escape Plan","floor":2.0},{"not_picked":["Dodge and Roll","PiercingWail"],"picked":"Backflip","floor":3.0},{"not_picked":["Flechettes","Dagger Spray","Accuracy"],"picked":"SKIP","floor":4.0},{"not_picked":["Dagger Spray","Dodge and Roll","Dagger Throw"],"picked":"SKIP","floor":7.0},{"not_picked":["Riddle With Holes","Bane"],"picked":"Sucker Punch","floor":12},{"not_picked":["Masterful Stab","Distraction"],"picked":"Deadly Poison","floor":13},{"not_picked":["Blade Dance","All Out Attack","Reflex"],"picked":"SKIP","floor":14},{"not_picked":["Finisher+1","Dodge and Roll","Blade Dance"],"picked":"SKIP","floor":18},{"not_picked":["PiercingWail","Infinite Blades"],"picked":"Escape Plan","floor":19},{"not_picked":["Prepared","Blade Dance"],"picked":"Footwork","floor":22},{"not_picked":["Finisher+1","Dagger Throw","Slice"],"picked":"Acrobatics","floor":28},{"not_picked":["Distraction","Riddle With Holes+1","Quick Slash+1"],"picked":"Backflip+1","floor":29},{"not_picked":["Prepared","Flying Knee+1","Dagger Spray+1","PiercingWail"],"picked":"SKIP","floor":31},{"not_picked":["Venomology","Envenom","Wraith Form v2"],"picked":"Adrenaline","floor":33},{"not_picked":["Flying Knee+1","Caltrops+1","PiercingWail","Dagger Throw+1"],"picked":"SKIP","floor":35},{"not_picked":["Endless Agony","Dodge and Roll","Poisoned Stab"],"picked":"Well Laid Plans+1","floor":36},{"not_picked":["Backstab","Night Terror","Cloak And Dagger+1"],"picked":"Acrobatics+1","floor":38},{"not_picked":["Eviscerate","Dagger Spray","Expertise+1","Deadly Poison+1"],"picked":"SKIP","floor":39},{"not_picked":["Deflect+1","Tactician+1","Poisoned Stab"],"picked":"Prepared+1","floor":40},{"not_picked":["Night Terror","Expertise+1","Cloak And Dagger+1","Endless Agony"],"picked":"SKIP","floor":45},{"not_picked":["Terror+1","Masterful Stab","Outmaneuver+1"],"picked":"Noxious Fumes+1","floor":46}],"player_experience":41293,"relics_obtained":[{"floor":9.0,"key":"Letter Opener"},{"floor":12,"key":"Dodecahedron"},{"floor":26,"key":"War Paint"},{"floor":40,"key":"PreservedInsect"},{"floor":43,"key":"Sundial"},{"floor":45,"key":"Centennial Puzzle"}],"event_choices":[{"damage_healed":0.0,"max_hp_gain":0.0,"max_hp_loss":0.0,"gold_gain":0.0,"event_name":"Scrap Ooze","player_choice":"Fled","floor":8.0,"gold_loss":0.0,"damage_taken":3.0},{"damage_healed":12.0,"max_hp_gain":0.0,"max_hp_loss":0.0,"gold_gain":0.0,"event_name":"Wheel of Change","player_choice":"Full Heal","floor":11.0,"gold_loss":0.0,"damage_taken":0.0},{"damage_healed":0,"gold_gain":0,"cards_transformed":["Strike_G","Defend_G"],"player_choice":"Became Test Subject","damage_taken":0,"max_hp_gain":0,"max_hp_loss":0,"event_name":"Drug Dealer","floor":21,"gold_loss":0,"cards_obtained":["Bullet Time","Dagger Throw"]},{"damage_healed":0,"gold_gain":0,"player_choice":"Ignored","damage_taken":0,"max_hp_gain":0,"max_hp_loss":0,"event_name":"Ghosts","floor":24,"gold_loss":0},{"damage_healed":0,"gold_gain":0,"player_choice":"Obtained Relic","damage_taken":0,"relics_obtained":["Question Card"],"max_hp_gain":0,"max_hp_loss":0,"event_name":"Addict","floor":27,"gold_loss":85},{"damage_healed":0,"gold_gain":0,"player_choice":"Paid","damage_taken":0,"relics_obtained":["Red Mask"],"max_hp_gain":0,"max_hp_loss":0,"event_name":"Tomb of Lord Red Mask","floor":42,"gold_loss":60},{"cards_removed":["Defend_G"],"damage_healed":0,"gold_gain":0,"player_choice":"Removed Skill","damage_taken":0,"max_hp_gain":0,"max_hp_loss":0,"event_name":"Falling","floor":44,"gold_loss":0},{"damage_healed":0,"gold_gain":0,"player_choice":"Memory 1","damage_taken":0,"max_hp_gain":0,"max_hp_loss":0,"event_name":"SensoryStone","floor":48,"gold_loss":0}],"is_beta":false,"boss_relics":[{"not_picked":["Ectoplasm","Lizard Tail"],"picked":"Ring of the Serpent"},{"not_picked":["Eternal Feather","Runic Pyramid"],"picked":"Astrolabe"}],"items_purged_floors":[5,20,37],"is_endless":false,"potions_floor_spawned":[1,2,7,13,14,18,19,31,36,38,40],"ascension_level":0}