{"gold_per_floor":[115,129,54,54,74,101,101,101,101,120,120,149,165,65,65,169,169,186,186,186,186,186,186,202,216,216,216,228,21,34,46,46,151,151,161,161,12,32,50,50,62,62,62,73,93,93,163,12,12,12],"floor_reached":51,"playtime":2226,"items_purged":["Strike_R","Strike_R"],"score":709,"play_id":"e07f669a-1c56-4b6d-b5d3-f50b63adcae7","local_time":"20190717164834","is_ascension_mode":false,"campfire_choices":[{"data":"Bash","floor":7.0,"key":"SMITH"},{"floor":11.0,"key":"REST"},{"data":"Flame Barrier","floor":15.0,"key":"SMITH"},{"data":"Flex","floor":23.0,"key":"SMITH"},{"data":"Feed","floor":27.0,"key":"SMITH"},{"floor":32.0,"key":"REST"},{"data":"Immolate","floor":40,"key":"SMITH"},{"floor":42,"key":"REST"},{"data":"Inflame","floor":49,"key":"SMITH"}],"neow_cost":"NONE","seed_source_timestamp":0,"circlet_count":0,"master_deck":["Strike_R","Strike_R","Defend_R","Defend_R+1","Defend_R","Defend_R","Bash+1","Pommel Strike","Shrug It Off","Clothesline","Cleave","Flame Barrier+1","Pommel Strike","Reaper","Flex+1","Battle Trance+1","Shockwave","Feed+1","Sword Boomerang+1","Flex+1","Seeing Red","Blood for Blood","True Grit+1","Immolate+1","Dual Wield+1","Spot Weakness","Sentinel","Rampage+1","Flame Barrier","Juggernaut","Parasite","Blood for Blood+1","Doubt","Inflame+1","Spot Weakness"],"special_seed":0,"relics":["Burning Blood","Bottled Flame","StoneCalendar","Letter Opener","Orichalcum","Lizard Tail","Prayer Wheel","Happy Flower","Self Forming Clay","MealTicket","Cursed Key","War Paint","Ornamental Fan","Pantograph"],"potions_floor_usage":[50,50],"damage_taken":[{"damage":1.0,"enemies":"Cultist","floor":1.0,"turns":3.0},{"damage":11.0,"enemies":"Jaw Worm","floor":2.0,"turns":2.0},{"damage":14.0,"enemies":"Small Slimes","floor":5.0,"turns":5.0},{"damage":38.0,"enemies":"3 Sentries","floor":6.0,"turns":10.0},{"damage":11.0,"enemies":"Blue Slaver","floor":10.0,"turns":3.0},{"damage":8.0,"enemies":"Lagavulin","floor":12.0,"turns":7.0},{"damage":4.0,"enemies":"Looter","floor":13.0,"turns":2.0},{"damage":35.0,"enemies":"Hexaghost","floor":16.0,"turns":8.0},{"damage":7.0,"enemies":"Shell Parasite","floor":18.0,"turns":7.0},{"damage":19.0,"enemies":"2 Thieves","floor":24.0,"turns":4.0},{"damage":23.0,"enemies":"Shelled Parasite and Fungi","floor":25.0,"turns":6.0},{"damage":27.0,"enemies":"3 Cultists","floor":28.0,"turns":6.0},{"damage":21.0,"enemies":"Snake Plant","floor":30.0,"turns":4.0},{"damage":18.0,"enemies":"Centurion and Healer","floor":31.0,"turns":4.0},{"damage":77.0,"enemies":"Automaton","floor":33.0,"turns":12.0},{"damage":24,"enemies":"3 Darklings","floor":35,"turns":6},{"damage":4,"enemies":"Orb Walker","floor":38,"turns":3},{"damage":50,"enemies":"Transient","floor":39,"turns":5},{"damage":11,"enemies":"3 Darklings","floor":41,"turns":4},{"damage":18,"enemies":"Spire Growth","floor":44,"turns":5},{"damage":26,"enemies":"Sphere and 2 Shapes","floor":45,"turns":6},{"damage":95,"enemies":"Awakened One","floor":50,"turns":11}],"seed_played":"2941046297545532328","potions_obtained":[{"floor":6.0,"key":"AttackPotion"},{"floor":12.0,"key":"SpeedPotion"},{"floor":13.0,"key":"Poison Potion"},{"floor":31.0,"key":"EssenceOfSteel"},{"floor":38,"key":"Ancient Potion"},{"floor":39,"key":"SneckoOil"}],"is_trial":false,"path_per_floor":["M","M","$","T","M","E","R","?","T","M","R","E","M","$","R","B",null,"M","?","?","?","T","R","M","M","T","R","M","$","M","M","R","B",null,"M","?","$","M","M","R","M","R","T","M","M","$","T","$","R","B",null],"character_chosen":"IRONCLAD","items_purchased":["MealTicket","War Paint","PowerPotion","Inflame","Spot Weakness"],"campfire_rested":3,"item_purchase_floors":[29,37,48,48,48],"current_hp_per_floor":[88,83,83,83,75,43,43,43,43,38,64,62,64,64,64,35,88,87,87,87,87,87,87,74,57,57,57,52,52,41,33,63,56,100,94,94,100,100,56,56,51,81,81,75,55,70,70,85,85,29],"gold":12,"neow_bonus":"TEN_PERCENT_HP_BONUS","is_prod":false,"is_daily":false,"chose_seed":false,"campfire_upgraded":6,"win_rate":0.0,"timestamp":1563396514,"path_taken":["M","?","$","?","?","E","R","?","T","M","R","E","M","?","R","BOSS","M","?","?","?","?","R","M","M","T","R","M","$","M","M","R","BOSS","M","?","$","?","M","R","M","R","T","M","M","$","?","?","R","BOSS"],"build_version":"2019-07-05","purchased_purges":2,"victory":true,"max_hp_per_floor":[88,88,88,88,88,88,88,88,88,88,88,88,88,88,88,88,88,88,88,88,88,88,88,88,88,88,88,92,92,96,100,100,100,100,100,100,100,100,100,100,100,100,100,100,100,100,100,100,100,100],"card_choices":[{"not_picked":["Clash","Ghostly Armor"],"picked":"Pommel Strike","floor":1.0},{"not_picked":["Headbutt","Pommel Strike"],"picked":"Shrug It Off","floor":2.0},{"not_picked":["Flex","Sword Boomerang"],"picked":"Clothesline","floor":5.0},{"not_picked":["Warcry","Uppercut"],"picked":"Cleave","floor":6.0},{"not_picked":["Havoc","Iron Wave"],"picked":"Flame Barrier","floor":10.0},{"not_picked":["Evolve","Thunderclap","Sentinel"],"picked":"SKIP","floor":12.0},{"not_picked":["Uppercut","Corruption"],"picked":"Pommel Strike","floor":13.0},{"not_picked":["Brutality","Fiend Fire"],"picked":"Reaper","floor":16.0},{"not_picked":["Cleave","Twin Strike"],"picked":"Flex","floor":18.0},{"not_picked":["Sword Boomerang","Cleave"],"picked":"Battle Trance","floor":24.0},{"not_picked":["Sentinel+1","Sever Soul","Wild Strike"],"picked":"SKIP","floor":24.0},{"not_picked":["Anger","Cleave+1"],"picked":"Shockwave","floor":25.0},{"not_picked":["Shrug It Off","Reckless Charge"],"picked":"Feed","floor":25.0},{"not_picked":["Iron Wave","Headbutt"],"picked":"Sword Boomerang+1","floor":28.0},{"not_picked":["Wild Strike","Sentinel"],"picked":"Flex+1","floor":28.0},{"not_picked":["Fire Breathing","Pommel Strike"],"picked":"Seeing Red","floor":30.0},{"not_picked":["Headbutt+1","Wild Strike+1"],"picked":"Blood for Blood","floor":30.0},{"not_picked":["Havoc","Sword Boomerang+1"],"picked":"True Grit+1","floor":31.0},{"not_picked":["Sword Boomerang","Perfected Strike","Cleave"],"picked":"SKIP","floor":31.0},{"not_picked":["Feed","Brutality"],"picked":"Immolate","floor":33.0},{"not_picked":["Warcry","Ghostly Armor+1"],"picked":"Dual Wield+1","floor":35},{"not_picked":["Pommel Strike+1","Headbutt"],"picked":"Spot Weakness","floor":35},{"not_picked":["Sword Boomerang+1","Sentinel+1"],"picked":"Rampage+1","floor":38},{"not_picked":["Battle Trance+1","Hemokinesis"],"picked":"Flame Barrier","floor":38},{"not_picked":["Clothesline+1","Havoc"],"picked":"Juggernaut","floor":39},{"not_picked":["Pommel Strike+1","Body Slam+1","Battle Trance+1"],"picked":"SKIP","floor":39},{"not_picked":["Evolve","Hemokinesis","Clash+1"],"picked":"SKIP","floor":41},{"not_picked":["Uppercut","Seeing Red+1","Twin Strike"],"picked":"SKIP","floor":41},{"not_picked":["Burning Pact+1","Perfected Strike","Heavy Blade"],"picked":"SKIP","floor":44},{"not_picked":["Wild Strike+1","Dual Wield+1","Pommel Strike+1"],"picked":"SKIP","floor":44},{"not_picked":["Hemokinesis","Sever Soul+1"],"picked":"Blood for Blood+1","floor":45},{"not_picked":["Warcry","Searing Blow","Clothesline+1"],"picked":"SKIP","floor":45}],"player_experience":81317,"relics_obtained":[{"floor":4.0,"key":"Bottled Flame"},{"floor":6.0,"key":"StoneCalendar"},{"floor":9.0,"key":"Letter Opener"},{"floor":12.0,"key":"Orichalcum"},{"floor":22.0,"key":"Happy Flower"},{"floor":26.0,"key":"Self Forming Clay"},{"floor":43,"key":"Ornamental Fan"},{"floor":47,"key":"Pantograph"}],"event_choices":[{"damage_healed":0.0,"max_hp_gain":0.0,"max_hp_loss":0.0,"gold_gain":0.0,"event_name":"Dead Adventurer","player_choice":"Searched \u00271\u0027 times","floor":8.0,"gold_loss":0.0,"damage_taken":0.0},{"damage_healed":0.0,"max_hp_gain":0.0,"max_hp_loss":0.0,"gold_gain":0.0,"event_name":"Ghosts","player_choice":"Ignored","floor":19.0,"gold_loss":0.0,"damage_taken":0.0},{"damage_healed":0.0,"max_hp_gain":0.0,"max_hp_loss":0.0,"gold_gain":0.0,"event_name":"The Mausoleum","player_choice":"Opened","floor":20.0,"gold_loss":0.0,"damage_taken":0.0,"relics_obtained":["Prayer Wheel"]},{"damage_healed":0.0,"max_hp_gain":0.0,"max_hp_loss":0.0,"gold_gain":0.0,"event_name":"Vampires","player_choice":"Ignored","floor":21.0,"gold_loss":0.0,"damage_taken":0.0},{"damage_healed":0,"gold_gain":0,"cards_transformed":["Strike_R"],"player_choice":"Transformed","damage_taken":0,"max_hp_gain":0,"max_hp_loss":0,"event_name":"Transmorgrifier","floor":36,"gold_loss":0,"cards_obtained":["Sentinel"]}],"is_beta":false,"boss_relics":[{"not_picked":["Busted Crown","Astrolabe"],"picked":"Lizard Tail"},{"not_picked":["Fusion Hammer","Coffee Dripper"],"picked":"Cursed Key"}],"items_purged_floors":[3,14],"is_endless":false,"potions_floor_spawned":[6,12,13,31,38,39],"ascension_level":0}