{"gold_per_floor":[114,132,97,109,119,136,170,170,241,260,260,291,291,305,305,401,401,419,114,133,161,177,177,189,224,250,264,264,284,310,324,324,324],"floor_reached":33,"playtime":2759,"items_purged":["Strike_B"],"score":303,"play_id":"32e90fb4-cf5c-4d26-b512-483ab2ec5954","local_time":"20190523174201","is_ascension_mode":false,"campfire_choices":[{"floor":13,"key":"REST"},{"floor":15,"key":"REST"},{"floor":23,"key":"REST"},{"floor":32,"key":"REST"}],"neow_cost":"NONE","seed_source_timestamp":342352568990100,"circlet_count":0,"master_deck":["Strike_B","Strike_B","Strike_B","Defend_B","Defend_B","Defend_B","Defend_B","Zap","Dualcast","Electrodynamics","Conserve Battery","Static Discharge","Darkness","Self Repair","Auto Shields","Barrage","Creative AI","Doom and Gloom","Coolheaded","Reboot","Cold Snap+1","Static Discharge","Beam Cell","Coolheaded","Consume","Steam","Stack","Stack","Reprogram+1","Redo+1","Ball Lightning","Electrodynamics"],"relics":["Cracked Core","Bottled Lightning","Sundial","Girya","Velvet Choker","Red Mask","Omamori","Happy Flower","Kunai","Nunchaku"],"potions_floor_usage":[27,27,27,30],"damage_taken":[{"damage":10,"enemies":"Small Slimes","floor":1,"turns":2},{"damage":0,"enemies":"2 Louse","floor":2,"turns":2},{"damage":11,"enemies":"Jaw Worm","floor":4,"turns":3},{"damage":14,"enemies":"3 Louse","floor":5,"turns":3},{"damage":13,"enemies":"Exordium Thugs","floor":6,"turns":4},{"damage":15,"enemies":"3 Sentries","floor":7,"turns":5},{"damage":9,"enemies":"Blue Slaver","floor":10,"turns":3},{"damage":20,"enemies":"Lagavulin","floor":12,"turns":6},{"damage":26,"enemies":"Gremlin Gang","floor":14,"turns":3},{"damage":5,"enemies":"Slime Boss","floor":16,"turns":7},{"damage":10,"enemies":"3 Byrds","floor":18,"turns":2},{"damage":8,"enemies":"Shell Parasite","floor":20,"turns":7},{"damage":25,"enemies":"Masked Bandits","floor":21,"turns":3},{"damage":20,"enemies":"Centurion and Healer","floor":22,"turns":5},{"damage":10,"enemies":"Cultist and Chosen","floor":24,"turns":4},{"damage":37,"enemies":"Gremlin Leader","floor":25,"turns":7},{"damage":7,"enemies":"Snake Plant","floor":27,"turns":3},{"damage":13,"enemies":"Snecko","floor":29,"turns":4},{"damage":8,"enemies":"Book of Stabbing","floor":30,"turns":8},{"damage":13,"enemies":"Cultist and Chosen","floor":31,"turns":6},{"damage":36,"enemies":"Collector","floor":33,"turns":6}],"seed_played":"800619524379305202","potions_obtained":[{"floor":4,"key":"Strength Potion"},{"floor":7,"key":"Swift Potion"},{"floor":12,"key":"Poison Potion"},{"floor":14,"key":"Swift Potion"},{"floor":18,"key":"LiquidBronze"},{"floor":27,"key":"Weak Potion"},{"floor":30,"key":"SneckoOil"},{"floor":31,"key":"AttackPotion"}],"is_trial":false,"path_per_floor":["M","M","?","M","M","M","E","?","T","M","?","E","R","M","R","B",null,"M","$","M","?","M","R","M","E","T","M","?","M","E","M","R","B"],"character_chosen":"DEFECT","items_purchased":["Static Discharge","Beam Cell","Coolheaded","Block Potion"],"campfire_rested":4,"item_purchase_floors":[19,19,19,19],"current_hp_per_floor":[65,65,75,64,50,44,36,54,54,45,38,25,46,27,48,50,72,69,69,68,50,37,58,55,25,25,25,25,19,18,5,26,0],"gold":324,"neow_bonus":"ONE_RANDOM_RARE_CARD","is_prod":false,"is_daily":false,"chose_seed":false,"campfire_upgraded":0,"win_rate":0.0,"timestamp":1558647721,"path_taken":["M","M","?","M","M","M","E","?","T","M","?","E","R","M","R","BOSS","M","$","M","?","M","R","M","E","T","M","?","M","E","M","R","BOSS"],"build_version":"2019-01-23","purchased_purges":1,"victory":false,"max_hp_per_floor":[75,75,75,75,75,75,75,75,75,75,72,72,72,72,72,72,72,72,72,72,72,72,72,72,72,72,72,72,72,72,72,72,72],"card_choices":[{"not_picked":["Redo","Self Repair"],"picked":"Conserve Battery","floor":1},{"not_picked":["Rip and Tear","Steam"],"picked":"Static Discharge","floor":2},{"not_picked":["Glacier","Genetic Algorithm"],"picked":"Darkness","floor":4},{"not_picked":["Scrape","Hologram"],"picked":"Self Repair","floor":5},{"not_picked":["Gash","Conserve Battery"],"picked":"Auto Shields","floor":6},{"not_picked":["Sweeping Beam","Reprogram"],"picked":"Barrage","floor":7},{"not_picked":["Sweeping Beam","Double Energy"],"picked":"Creative AI","floor":10},{"not_picked":["Double Energy","Gash"],"picked":"Doom and Gloom","floor":12},{"not_picked":["Barrage","Hologram"],"picked":"Coolheaded","floor":14},{"not_picked":["Thunder Strike","Buffer"],"picked":"Reboot","floor":16},{"not_picked":["Stack+1","Streamline"],"picked":"Cold Snap+1","floor":18},{"not_picked":["Hello World+1","Force Field"],"picked":"Consume","floor":20},{"not_picked":["Sweeping Beam","Aggregate"],"picked":"Steam","floor":21},{"not_picked":["Compile Driver","Go for the Eyes","Consume"],"picked":"SKIP","floor":22},{"not_picked":["Steam Power","Go for the Eyes"],"picked":"Stack","floor":24},{"not_picked":["Compile Driver","Doom and Gloom"],"picked":"Stack","floor":25},{"not_picked":["White Noise","Go for the Eyes"],"picked":"Reprogram+1","floor":27},{"not_picked":["Streamline","Barrage"],"picked":"Redo+1","floor":29},{"not_picked":["Chill","FTL"],"picked":"Ball Lightning","floor":30},{"not_picked":["Ball Lightning","Coolheaded"],"picked":"Electrodynamics","floor":31}],"player_experience":19765,"relics_obtained":[{"floor":7,"key":"Bottled Lightning"},{"floor":9,"key":"Sundial"},{"floor":12,"key":"Girya"},{"floor":21,"key":"Red Mask"},{"floor":25,"key":"Omamori"},{"floor":26,"key":"Happy Flower"},{"floor":30,"key":"Nunchaku"}],"event_choices":[{"damage_healed":18,"gold_gain":0,"player_choice":"Healed","damage_taken":0,"max_hp_gain":0,"max_hp_loss":0,"event_name":"The Cleric","floor":3,"gold_loss":35},{"damage_healed":18,"gold_gain":0,"player_choice":"Healed and dodged fight","damage_taken":0,"max_hp_gain":0,"max_hp_loss":0,"event_name":"Mushrooms","floor":8,"gold_loss":0,"cards_obtained":["Parasite"]},{"cards_removed":["Parasite"],"damage_healed":0,"gold_gain":0,"player_choice":"Card Removal","damage_taken":7,"max_hp_gain":0,"max_hp_loss":0,"event_name":"Golden Wing","floor":11,"gold_loss":0},{"damage_healed":0,"gold_gain":0,"player_choice":"Fought Bandits","damage_taken":0,"max_hp_gain":0,"max_hp_loss":0,"event_name":"Masked Bandits","floor":21,"gold_loss":0},{"damage_healed":0,"gold_gain":0,"player_choice":"Opened","damage_taken":0,"relics_obtained":["Kunai"],"max_hp_gain":0,"max_hp_loss":0,"event_name":"The Mausoleum","floor":28,"gold_loss":0,"cards_obtained":["Writhe"]}],"is_beta":false,"boss_relics":[{"not_picked":["Ectoplasm","Busted Crown"],"picked":"Velvet Choker"}],"items_purged_floors":[19],"is_endless":false,"potions_floor_spawned":[4,7,12,14,16,18,21,27,30,31],"killed_by":"Collector","ascension_level":0}