{"gold_per_floor":[115,115,125,137,40,71,71,71,71,114,214,214],"floor_reached":12,"playtime":383,"items_purged":[],"score":95,"play_id":"75d89cf3-5c6c-4eb7-a0ad-d5742fb92b22","local_time":"20190621015537","is_ascension_mode":true,"campfire_choices":[{"floor":7,"key":"REST"}],"neow_cost":"NONE","seed_source_timestamp":76059365299900,"circlet_count":0,"master_deck":["Strike_B","Strike_B","Strike_B","Strike_B","Defend_B","Defend_B","Defend_B","Defend_B","Zap+1","Dualcast+1","Gash","Melter","Turbo","Coolheaded+1","Self Repair","Storm","Cold Snap"],"relics":["Cracked Core","Kunai","Golden Idol","War Paint"],"potions_floor_usage":[],"damage_taken":[{"damage":5,"enemies":"Small Slimes","floor":1,"turns":3},{"damage":12,"enemies":"Jaw Worm","floor":3,"turns":3},{"damage":0,"enemies":"2 Louse","floor":4,"turns":3},{"damage":37,"enemies":"Gremlin Nob","floor":6,"turns":4},{"damage":33,"enemies":"3 Sentries","floor":10,"turns":10},{"damage":16,"enemies":"Lots of Slimes","floor":12,"turns":2}],"seed_played":"1657393939337420742","potions_obtained":[{"floor":10,"key":"Dexterity Potion"}],"is_trial":false,"path_per_floor":["M","?","M","M","$","E","R","?","T","E","?","M"],"character_chosen":"DEFECT","items_purchased":["Coolheaded","Self Repair"],"campfire_rested":1,"item_purchase_floors":[5,5],"current_hp_per_floor":[77,77,65,65,65,35,59,39,39,13,13,0],"gold":214,"neow_bonus":"TEN_PERCENT_HP_BONUS","is_prod":false,"is_daily":false,"chose_seed":false,"campfire_upgraded":0,"win_rate":0,"timestamp":1561096537,"path_taken":["M","?","M","M","$","E","R","?","T","E","?","?"],"build_version":"2019-01-23","purchased_purges":0,"victory":false,"max_hp_per_floor":[82,82,82,82,82,82,82,82,82,82,82,82],"card_choices":[{"not_picked":["Coolheaded","Steam"],"picked":"Gash","floor":1},{"not_picked":["Stack","Aggregate"],"picked":"Melter","floor":3},{"not_picked":["Melter","Skim"],"picked":"Turbo","floor":4},{"not_picked":["Core Surge","Sweeping Beam"],"picked":"Storm","floor":6},{"not_picked":["Stack","FTL"],"picked":"Cold Snap","floor":10}],"player_experience":105051,"relics_obtained":[{"floor":6,"key":"Kunai"},{"floor":10,"key":"War Paint"}],"event_choices":[{"damage_healed":0,"gold_gain":0,"player_choice":"Grow","damage_taken":0,"max_hp_gain":0,"max_hp_loss":0,"event_name":"Living Wall","floor":2,"gold_loss":0,"cards_upgraded":["Dualcast"]},{"damage_healed":0,"gold_gain":0,"player_choice":"Take Damage","damage_taken":20,"relics_obtained":["Golden Idol"],"max_hp_gain":0,"max_hp_loss":0,"event_name":"Golden Idol","floor":8,"gold_loss":0},{"damage_healed":0,"gold_gain":100,"player_choice":"Pray","damage_taken":0,"max_hp_gain":0,"max_hp_loss":0,"event_name":"Golden Shrine","floor":11,"gold_loss":0}],"is_beta":false,"boss_relics":[],"items_purged_floors":[],"is_endless":false,"potions_floor_spawned":[10],"killed_by":"Lots of Slimes","ascension_level":2}