{"gold_per_floor":[113,131,56,56,56,56,84,84,108,134,147,157,53,66,66,139,139,39,39,39,39,39],"floor_reached":22,"playtime":1175,"items_purged":["Strike_B"],"score":492,"play_id":"ddf6c4cc-20f8-49cf-aba1-bf25445d40b7","local_time":"20181008231109","is_ascension_mode":true,"campfire_choices":[{"data":"Zap","floor":6,"key":"SMITH"},{"floor":8,"key":"REST"},{"data":"Go for the Eyes","floor":15,"key":"SMITH"}],"neow_cost":"NONE","seed_source_timestamp":2238400013857079,"circlet_count":0,"master_deck":["Strike_B","Defend_B","Defend_B","Defend_B","Defend_B","Zap+1","Dualcast","AscendersBane","Go for the Eyes+1","Chill","Cold Snap","Chill","Glacier","Hello World","Stack","Melter","Conserve Battery","Skim","Electrodynamics","Ball Lightning"],"relics":["Cracked Core","Omamori","Bronze Scales","Mercury Hourglass","Ectoplasm","Red Mask"],"potions_floor_usage":[7,16,16,22],"damage_taken":[{"damage":4,"enemies":"2 Louse","floor":1,"turns":2},{"damage":13,"enemies":"Small Slimes","floor":2,"turns":4},{"damage":19,"enemies":"Gremlin Nob","floor":7,"turns":4},{"damage":11,"enemies":"3 Sentries","floor":10,"turns":11},{"damage":0,"enemies":"Cultist","floor":11,"turns":2},{"damage":7,"enemies":"Exordium Wildlife","floor":12,"turns":5},{"damage":7,"enemies":"Looter","floor":14,"turns":3},{"damage":0,"enemies":"The Guardian","floor":16,"turns":9},{"damage":6,"enemies":"2 Thieves","floor":18,"turns":4},{"damage":10,"enemies":"Masked Bandits","floor":19,"turns":4},{"damage":0,"enemies":"3 Byrds","floor":20,"turns":3},{"damage":6,"enemies":"Centurion and Healer","floor":21,"turns":6},{"damage":10,"enemies":"Colosseum Slavers","floor":22,"turns":3},{"damage":55,"enemies":"Colosseum Nobs","floor":22,"turns":3}],"seed_played":"-162887950773109217","potions_obtained":[{"floor":1,"key":"Energy Potion"},{"floor":2,"key":"AttackPotion"},{"floor":10,"key":"Ancient Potion"},{"floor":12,"key":"PowerPotion"},{"floor":14,"key":"FocusPotion"},{"floor":20,"key":"Energy Potion"},{"floor":21,"key":"Swift Potion"}],"is_trial":false,"path_per_floor":["M","M","?","?","?","R","E","R","T","E","M","M","$","M","R","B",null,"M","?","M","M"],"character_chosen":"DEFECT","items_purchased":["Conserve Battery"],"campfire_rested":1,"item_purchase_floors":[13],"current_hp_per_floor":[60,47,47,47,47,47,28,49,49,38,38,31,31,24,24,24,59,53,43,43,37,0],"gold":39,"neow_bonus":"THREE_CARDS","is_prod":false,"is_daily":false,"chose_seed":false,"campfire_upgraded":2,"win_rate":0,"timestamp":1539054669,"path_taken":["M","M","?","?","?","R","E","R","T","E","?","M","$","M","R","BOSS","M","?","?","M","?"],"build_version":"2018-10-04v2","purchased_purges":1,"victory":false,"max_hp_per_floor":[71,71,71,71,71,71,71,71,71,71,71,71,71,71,71,71,71,71,71,71,71,71],"card_choices":[{"not_picked":["Turbo","Conserve Battery"],"picked":"Go for the Eyes","floor":0},{"not_picked":["Turbo","Gash"],"picked":"Chill","floor":1},{"not_picked":["Conserve Battery","Fusion"],"picked":"Cold Snap","floor":2},{"not_picked":["Hologram","Stack"],"picked":"Glacier","floor":7},{"not_picked":["Go for the Eyes","Melter"],"picked":"Hello World","floor":10},{"not_picked":["Turbo","Go for the Eyes"],"picked":"Stack","floor":11},{"not_picked":["Compile Driver","Rebound"],"picked":"Melter","floor":12},{"not_picked":["Scrape","Go for the Eyes"],"picked":"Skim","floor":14},{"not_picked":["Fission","Meteor Strike"],"picked":"Electrodynamics","floor":16},{"not_picked":["Coolheaded","Sunder"],"picked":"Ball Lightning","floor":18},{"not_picked":["Conserve Battery","Blizzard","Hello World"],"picked":"SKIP","floor":20},{"not_picked":["Turbo","Compile Driver","Barrage"],"picked":"SKIP","floor":21}],"player_experience":587040,"relics_obtained":[{"floor":7,"key":"Omamori"},{"floor":9,"key":"Bronze Scales"},{"floor":10,"key":"Mercury Hourglass"},{"floor":19,"key":"Red Mask"}],"event_choices":[{"event_name":"The Cleric","player_choice":"Card Removal","floor":3,"damage_taken":0},{"event_name":"Transmorgrifier","player_choice":"Transform","floor":4,"damage_taken":0},{"event_name":"Liars Game","player_choice":"disagreed","floor":5,"damage_taken":0},{"event_name":"Masked Bandits","player_choice":"Fought Bandits","floor":19,"damage_taken":0},{"event_name":"Colosseum","player_choice":"Fight","floor":22,"damage_taken":0},{"event_name":"Colosseum","player_choice":"Fought Nobs","floor":22,"damage_taken":0}],"is_beta":false,"boss_relics":[{"not_picked":["Black Star","Nuclear Battery"],"picked":"Ectoplasm"}],"items_purged_floors":[13],"is_endless":false,"potions_floor_spawned":[1,2,10,12,14,20,21,22],"killed_by":"Colosseum Nobs","ascension_level":20}