{"gold_per_floor":[119,132,23,40,56,56,90,101,101,101,118,148,161,161,161,238,238,248,173,184,125,125,125,156,156,156,81,81,96,96,46,46,119,119,119],"floor_reached":35,"playtime":2190,"items_purged":["Gash"],"score":751,"play_id":"04e81633-f21c-401a-8ab4-934c48872002","local_time":"20180921190239","is_ascension_mode":true,"campfire_choices":[{"data":"Go for the Eyes","floor":6,"key":"SMITH"},{"data":"Genetic Algorithm","floor":10,"key":"SMITH"},{"data":"Loop","floor":15,"key":"SMITH"},{"data":"Sunder","floor":23,"key":"SMITH"},{"data":"Creative AI","floor":25,"key":"SMITH"},{"data":"Hologram","floor":28,"key":"SMITH"},{"floor":30,"key":"REST"},{"floor":32,"key":"REST"}],"neow_cost":"NONE","seed_source_timestamp":753508927533550,"circlet_count":0,"master_deck":["Zap+1","Dualcast+1","AscendersBane","Streamline","Self Repair+1","Go for the Eyes+1","Loop+1","Core Surge","Cold Snap","Genetic Algorithm+1","Darkness+1","Redo","Creative AI+1","Steam","Cold Snap","Hello World","Go for the Eyes","Skim","Sunder+1","Hologram+1","Conserve Battery","Biased Cognition"],"relics":["Cracked Core","Juzu Bracelet","Torii","Gremlin Horn","Pandora\u0027s Box","Du-Vu Doll","Girya","Fusion Hammer"],"potions_floor_usage":[11,12,16,18,24],"damage_taken":[{"damage":0,"enemies":"Small Slimes","floor":1,"turns":3},{"damage":1,"enemies":"2 Louse","floor":2,"turns":2},{"damage":4,"enemies":"Cultist","floor":4,"turns":4},{"damage":3,"enemies":"Exordium Wildlife","floor":5,"turns":3},{"damage":28,"enemies":"Lagavulin","floor":7,"turns":6},{"damage":5,"enemies":"2 Fungi Beasts","floor":8,"turns":4},{"damage":4,"enemies":"Gremlin Gang","floor":11,"turns":6},{"damage":32,"enemies":"3 Sentries","floor":12,"turns":7},{"damage":7,"enemies":"Large Slime","floor":13,"turns":6},{"damage":18,"enemies":"The Guardian","floor":16,"turns":9},{"damage":21,"enemies":"Shell Parasite","floor":18,"turns":4},{"damage":13,"enemies":"3 Byrds","floor":20,"turns":4},{"damage":27,"enemies":"Book of Stabbing","floor":24,"turns":7},{"damage":23,"enemies":"Snake Plant","floor":29,"turns":5},{"damage":49,"enemies":"Automaton","floor":33,"turns":9},{"damage":69,"enemies":"3 Darklings","floor":35,"turns":4}],"seed_played":"-4572960581271213879","potions_obtained":[{"floor":2,"key":"Regen Potion"},{"floor":5,"key":"Swift Potion"},{"floor":8,"key":"PowerPotion"},{"floor":12,"key":"EntropicBrew"},{"floor":20,"key":"Weak Potion"}],"is_trial":false,"path_per_floor":["M","M","$","M","M","R","E","M","T","R","M","E","M","?","R","B",null,"M","$","M","$","?","R","E","R","T","?","R","M","R","?","R","B",null],"character_chosen":"DEFECT","items_purchased":["Go for the Eyes","Loop","Hologram"],"campfire_rested":2,"item_purchase_floors":[3,3,21],"current_hp_per_floor":[64,63,63,66,70,70,49,51,51,51,69,44,44,44,44,33,62,48,48,35,35,49,49,29,29,29,29,29,13,34,34,55,16,57,0],"gold":119,"neow_bonus":"UPGRADE_CARD","is_prod":false,"is_daily":false,"chose_seed":false,"campfire_upgraded":6,"win_rate":0,"timestamp":1537570959,"path_taken":["M","M","$","M","M","R","E","M","T","R","M","E","M","?","R","BOSS","M","$","M","$","?","R","E","R","T","?","R","M","R","?","R","BOSS","M"],"build_version":"2018-09-20","purchased_purges":1,"victory":false,"max_hp_per_floor":[71,71,71,71,71,71,71,71,71,71,71,71,71,71,71,71,71,71,71,71,71,71,71,71,71,71,71,71,71,71,71,71,71,71,71],"card_choices":[{"not_picked":["Gash","Hologram"],"picked":"Streamline","floor":1},{"not_picked":["Blizzard","Steam"],"picked":"Self Repair","floor":2},{"not_picked":["Aggregate","Hologram"],"picked":"Core Surge","floor":4},{"not_picked":["Heatsinks","Stack"],"picked":"Cold Snap","floor":5},{"not_picked":["Rebound","Gash","Steam Power"],"picked":"SKIP","floor":7},{"not_picked":["Force Field","Hologram"],"picked":"Genetic Algorithm","floor":8},{"not_picked":["Beam Cell","Blizzard"],"picked":"Darkness","floor":11},{"not_picked":["Gash","Reboot"],"picked":"Redo","floor":12},{"not_picked":["Streamline","Rebound","Go for the Eyes"],"picked":"SKIP","floor":13},{"not_picked":["Thunder Strike","All For One"],"picked":"Creative AI","floor":16},{"not_picked":["Storm+1","Beam Cell","Compile Driver"],"picked":"SKIP","floor":18},{"not_picked":["Beam Cell+1","Barrage","Static Discharge"],"picked":"SKIP","floor":20},{"not_picked":["Rebound","Ball Lightning+1","Creative AI"],"picked":"SKIP","floor":24},{"not_picked":["Aggregate","Cold Snap"],"picked":"Conserve Battery","floor":29},{"not_picked":["Electrodynamics","Machine Learning"],"picked":"Biased Cognition","floor":33}],"player_experience":510181,"relics_obtained":[{"floor":7,"key":"Juzu Bracelet"},{"floor":9,"key":"Torii"},{"floor":12,"key":"Gremlin Horn"},{"floor":24,"key":"Du-Vu Doll"},{"floor":26,"key":"Girya"}],"event_choices":[{"event_name":"Living Wall","player_choice":"Grow","floor":14,"damage_taken":0},{"event_name":"The Library","player_choice":"Heal","floor":22,"damage_taken":0},{"event_name":"Beggar","player_choice":"Gave Gold","floor":27,"damage_taken":0},{"event_name":"Designer","player_choice":"Upgrade 2 Random Cards","floor":31,"damage_taken":0}],"is_beta":false,"boss_relics":[{"not_picked":["Philosopher\u0027s Stone","White Beast Statue"],"picked":"Pandora\u0027s Box"},{"not_picked":["Orrery","Eternal Feather"],"picked":"Fusion Hammer"}],"items_purged_floors":[19],"is_endless":false,"potions_floor_spawned":[2,5,7,8,12,20],"killed_by":"3 Darklings","ascension_level":19}