{"gold_per_floor":[110,185,25,25,25,25,43,43,43,43,59,59,91,108,108,183,183,183],"floor_reached":18,"playtime":971,"items_purged":[],"score":416,"play_id":"7dca6998-c3b5-4281-b2ba-0f471ab489b5","local_time":"20190523235445","is_ascension_mode":true,"campfire_choices":[{"floor":6.0,"key":"REST"},{"floor":10.0,"key":"REST"},{"data":"Fission","floor":12.0,"key":"SMITH"},{"data":"Doom and Gloom","floor":15,"key":"SMITH"}],"neow_cost":"NONE","seed_source_timestamp":707235517091172,"circlet_count":0,"master_deck":["AscendersBane","Strike_B","Strike_B","Strike_B","Strike_B","Defend_B","Defend_B","Defend_B+1","Defend_B","Zap+1","Dualcast","BootSequence","Cold Snap","Fission+1","Doom and Gloom+1","Lockon","Biased Cognition"],"special_seed":0,"relics":["Cracked Core","Happy Flower","WarpedTongs","The Courier","Bottled Lightning","Nuclear Battery"],"potions_floor_usage":[13,13],"damage_taken":[{"damage":5.0,"enemies":"2 Louse","floor":1.0,"turns":3.0},{"damage":5.0,"enemies":"Small Slimes","floor":7.0,"turns":3.0},{"damage":0.0,"enemies":"Cultist","floor":11.0,"turns":3.0},{"damage":16,"enemies":"Gremlin Nob","floor":13,"turns":4},{"damage":0,"enemies":"Looter","floor":14,"turns":2},{"damage":0,"enemies":"Slime Boss","floor":16,"turns":5},{"damage":37,"enemies":"Shell Parasite","floor":18,"turns":4}],"seed_played":"3131028498978624763","potions_obtained":[{"floor":1.0,"key":"Weak Potion"},{"floor":11.0,"key":"Fire Potion"}],"is_trial":false,"path_per_floor":["M","?","$","?","?","R","M","?","T","R","M","R","E","M","R","B",null,"M"],"character_chosen":"DEFECT","items_purchased":["Happy Flower"],"campfire_rested":2,"item_purchase_floors":[3],"current_hp_per_floor":[66,55,55,32,32,55,50,43,43,66,66,66,50,50,50,50,71,34],"gold":183,"neow_bonus":"TEN_PERCENT_HP_BONUS","is_prod":false,"is_daily":false,"chose_seed":false,"campfire_upgraded":2,"win_rate":0,"timestamp":1558670085,"path_taken":["M","?","$","?","?","R","?","?","T","R","M","R","E","M","R","BOSS","M"],"build_version":"2019-01-23","purchased_purges":0,"victory":false,"max_hp_per_floor":[78,78,78,78,78,78,78,78,78,78,78,78,78,78,78,78,78,78],"card_choices":[{"not_picked":["Rebound","Compile Driver"],"picked":"BootSequence","floor":1.0},{"not_picked":["Rebound","Barrage"],"picked":"Cold Snap","floor":7.0},{"not_picked":["Tempest","Heatsinks"],"picked":"Fission","floor":11.0},{"not_picked":["Ball Lightning","Coolheaded"],"picked":"Doom and Gloom","floor":13},{"not_picked":["Beam Cell","Ball Lightning"],"picked":"Lockon","floor":14},{"not_picked":["Seek","Rainbow"],"picked":"Biased Cognition","floor":16}],"player_experience":1414723,"relics_obtained":[{"floor":9.0,"key":"The Courier"},{"floor":13,"key":"Bottled Lightning"}],"event_choices":[{"damage_healed":0.0,"max_hp_gain":0.0,"max_hp_loss":0.0,"gold_gain":75.0,"event_name":"World of Goop","player_choice":"Gather Gold","floor":2.0,"gold_loss":0.0,"damage_taken":11.0},{"damage_healed":0.0,"max_hp_gain":0.0,"max_hp_loss":0.0,"gold_gain":0.0,"event_name":"Shining Light","player_choice":"Entered Light","floor":4.0,"gold_loss":0.0,"damage_taken":23.0,"cards_upgraded":["Defend_B","Zap"]},{"damage_healed":0.0,"max_hp_gain":0.0,"max_hp_loss":0.0,"gold_gain":0.0,"event_name":"Accursed Blacksmith","player_choice":"Rummage","floor":5.0,"gold_loss":0.0,"damage_taken":0.0,"relics_obtained":["WarpedTongs"],"cards_obtained":["Pain"]},{"cards_removed":["Pain"],"damage_healed":0.0,"max_hp_gain":0.0,"max_hp_loss":0.0,"gold_gain":0.0,"event_name":"Golden Wing","player_choice":"Card Removal","floor":8.0,"gold_loss":0.0,"damage_taken":7.0}],"is_beta":false,"boss_relics":[{"not_picked":["Orrery","Pandora\u0027s Box"],"picked":"Nuclear Battery"}],"items_purged_floors":[],"is_endless":false,"potions_floor_spawned":[1,11],"killed_by":"Shell Parasite","ascension_level":20}