{"gold_per_floor":[110,39,49,49,60,60,94,94,94,111,111,125,125,152,152,249,249,235,235,235,250,28,28,28,28,28,48,58,58,91,91],"floor_reached":31,"playtime":1416,"items_purged":[],"score":276,"play_id":"81ca11ce-451d-436b-b985-8671e9a94e2c","local_time":"20190722051419","is_ascension_mode":true,"campfire_choices":[{"floor":6,"key":"RECALL"},{"data":"Shrug It Off","floor":11,"key":"SMITH"},{"floor":13,"key":"REST"},{"floor":15,"key":"REST"},{"data":"Heavy Blade","floor":23,"key":"SMITH"},{"floor":25,"key":"REST"},{"floor":29,"key":"REST"}],"neow_cost":"NONE","seed_source_timestamp":4849504585346,"circlet_count":0,"master_deck":["Strike_R","Strike_R","Strike_R","Strike_R","Defend_R","Defend_R","Defend_R","Defend_R","Bash+1","Spot Weakness","Flex","Flame Barrier","Shrug It Off+1","Parasite","Battle Trance","Intimidate","Reaper","RitualDagger","Heavy Blade+1","Thinking Ahead","Seeing Red","Disarm","Metallicize","Power Through"],"relics":["Black Blood","Potion Belt","StoneCalendar","Shuriken","Matryoshka","PreservedInsect"],"potions_floor_usage":[7,14,16,18,28,31],"damage_taken":[{"damage":3,"enemies":"Cultist","floor":1,"turns":5},{"damage":15,"enemies":"Small Slimes","floor":3,"turns":4},{"damage":6,"enemies":"2 Louse","floor":5,"turns":4},{"damage":36,"enemies":"3 Sentries","floor":7,"turns":9},{"damage":15,"enemies":"Exordium Thugs","floor":10,"turns":7},{"damage":0,"enemies":"Looter","floor":12,"turns":3},{"damage":42,"enemies":"Lagavulin","floor":14,"turns":12},{"damage":35,"enemies":"Hexaghost","floor":16,"turns":11},{"damage":17,"enemies":"2 Thieves","floor":18,"turns":5},{"damage":46,"enemies":"3 Byrds","floor":21,"turns":7},{"damage":42,"enemies":"Snake Plant","floor":27,"turns":5},{"damage":23,"enemies":"Snecko","floor":28,"turns":7},{"damage":26,"enemies":"Book of Stabbing","floor":30,"turns":7},{"damage":86,"enemies":"3 Cultists","floor":31,"turns":6}],"seed_played":"8986244831432222052","potions_obtained":[{"floor":3,"key":"Fire Potion"},{"floor":5,"key":"SpeedPotion"},{"floor":10,"key":"Swift Potion"},{"floor":14,"key":"Fruit Juice"},{"floor":16,"key":"Explosive Potion"},{"floor":27,"key":"GamblersBrew"},{"floor":30,"key":"BloodPotion"}],"is_trial":false,"path_per_floor":["M","$","M","?","M","R","E","?","T","M","R","M","R","E","R","B",null,"M","?","T","M","$","R","?","R","T","M","M","R","E","M"],"character_chosen":"IRONCLAD","items_purchased":["Spot Weakness","Thinking Ahead","Seeing Red"],"campfire_rested":4,"item_purchase_floors":[2,22,22],"current_hp_per_floor":[80,80,71,64,64,64,34,54,54,45,45,51,75,39,63,39,85,85,79,79,52,52,52,36,63,63,37,28,55,39,0],"gold":91,"neow_bonus":"UPGRADE_CARD","is_prod":false,"is_daily":false,"chose_seed":false,"campfire_upgraded":2,"win_rate":0,"timestamp":1563786859,"path_taken":["M","$","M","?","M","R","E","?","T","M","R","M","R","E","R","BOSS","M","?","?","M","$","R","?","R","T","?","M","R","E","M"],"build_version":"2019-07-17","purchased_purges":0,"victory":false,"max_hp_per_floor":[80,80,80,80,80,80,80,80,80,80,80,80,80,80,80,85,85,85,85,85,85,85,85,90,90,90,90,90,90,90,90],"card_choices":[{"not_picked":["Sword Boomerang","Sever Soul","Rupture"],"picked":"SKIP","floor":1},{"not_picked":["Sword Boomerang","Entrench"],"picked":"Flex","floor":3},{"not_picked":["Body Slam","Havoc"],"picked":"Flame Barrier","floor":5},{"not_picked":["Perfected Strike","Intimidate"],"picked":"Shrug It Off","floor":7},{"not_picked":["Warcry","Thunderclap"],"picked":"Battle Trance","floor":10},{"not_picked":["Clash","Entrench","Thunderclap"],"picked":"SKIP","floor":12},{"not_picked":["Havoc","Twin Strike"],"picked":"Intimidate","floor":14},{"not_picked":["Exhume","Juggernaut"],"picked":"Reaper","floor":16},{"not_picked":["Entrench","Thunderclap+1","Anger"],"picked":"SKIP","floor":18},{"not_picked":["Armaments","Thunderclap+1"],"picked":"Heavy Blade","floor":21},{"not_picked":["Rage","Twin Strike"],"picked":"Disarm","floor":27},{"not_picked":["Anger","Perfected Strike"],"picked":"Metallicize","floor":28},{"not_picked":["Headbutt+1","Second Wind"],"picked":"Power Through","floor":30}],"player_experience":106074,"relics_obtained":[{"floor":7,"key":"Potion Belt"},{"floor":14,"key":"StoneCalendar"},{"floor":20,"key":"Shuriken"},{"floor":26,"key":"Matryoshka"},{"floor":30,"key":"PreservedInsect"}],"event_choices":[{"cards_removed":["Strike_R"],"damage_healed":0,"gold_gain":0,"player_choice":"Card Removal","damage_taken":7,"max_hp_gain":0,"max_hp_loss":0,"event_name":"Golden Wing","floor":4,"gold_loss":0},{"damage_healed":20,"gold_gain":0,"player_choice":"Healed and dodged fight","damage_taken":0,"max_hp_gain":0,"max_hp_loss":0,"event_name":"Mushrooms","floor":8,"gold_loss":0,"cards_obtained":["Parasite"]},{"damage_healed":0,"gold_gain":0,"player_choice":"Joined the Cult","damage_taken":6,"max_hp_gain":0,"max_hp_loss":0,"event_name":"Nest","floor":19,"gold_loss":0,"cards_obtained":["RitualDagger"]},{"damage_healed":0,"gold_gain":0,"player_choice":"Shed Blood","damage_taken":21,"max_hp_gain":5,"max_hp_loss":0,"event_name":"Forgotten Altar","floor":24,"gold_loss":0}],"is_beta":false,"boss_relics":[{"not_picked":["White Beast Statue","Runic Cube"],"picked":"Black Blood"}],"items_purged_floors":[],"is_endless":false,"potions_floor_spawned":[3,5,10,14,16,27,30],"killed_by":"3 Cultists","ascension_level":1}