{"gold_per_floor":[117,117,136,154,42,74,74,103,103,103,103,123,136,165,165,242,242,261,274,274,27,43,69,69,69],"floor_reached":25,"playtime":2477,"items_purged":[],"score":482,"play_id":"5752d990-64bc-40e7-a4b7-cb53cb64a914","local_time":"20190504145801","is_ascension_mode":true,"campfire_choices":[{"data":"Spot Weakness","floor":7,"key":"SMITH"},{"data":"Bash","floor":10,"key":"SMITH"},{"data":"Exhume","floor":15,"key":"SMITH"},{"data":"True Grit","floor":24,"key":"SMITH"}],"neow_cost":"TEN_PERCENT_HP_LOSS","seed_source_timestamp":47715816793795,"circlet_count":0,"master_deck":["AscendersBane","Strike_R","Strike_R","Strike_R","Strike_R","Defend_R","Defend_R","Defend_R","Defend_R","Bash+1","Reaper","Iron Wave","Clothesline","Spot Weakness+1","Thunderclap","Battle Trance","Exhume+1","Battle Trance","Shockwave","Sword Boomerang","Shrug It Off","Shrug It Off","True Grit+1","Body Slam+1","Headbutt+1","Spot Weakness","Havoc+1"],"relics":["Burning Blood","Self Forming Clay","Unceasing Top","Orichalcum","Orrery","Medical Kit","The Courier"],"potions_floor_usage":[6,16,23,25],"damage_taken":[{"damage":19,"enemies":"Jaw Worm","floor":1,"turns":5},{"damage":4,"enemies":"2 Louse","floor":3,"turns":4},{"damage":4,"enemies":"Cultist","floor":4,"turns":5},{"damage":24,"enemies":"Gremlin Nob","floor":6,"turns":4},{"damage":21,"enemies":"3 Sentries","floor":8,"turns":5},{"damage":0,"enemies":"Large Slime","floor":12,"turns":4},{"damage":11,"enemies":"2 Fungi Beasts","floor":13,"turns":4},{"damage":51,"enemies":"Lagavulin","floor":14,"turns":9},{"damage":50,"enemies":"The Guardian","floor":16,"turns":15},{"damage":29,"enemies":"3 Byrds","floor":18,"turns":7},{"damage":15,"enemies":"Spheric Guardian","floor":19,"turns":5},{"damage":50,"enemies":"Centurion and Healer","floor":22,"turns":10},{"damage":56,"enemies":"Book of Stabbing","floor":23,"turns":7},{"damage":85,"enemies":"Slavers","floor":25,"turns":7}],"seed_played":"-6271972054890831499","potions_obtained":[{"floor":6,"key":"SpeedPotion"},{"floor":12,"key":"Ancient Potion"},{"floor":13,"key":"Weak Potion"},{"floor":16,"key":"GamblersBrew"},{"floor":19,"key":"SkillPotion"}],"is_trial":false,"path_per_floor":["M","?","M","M","$","E","R","E","T","R","?","M","M","E","R","B",null,"M","M","?","$","M","E","R","E"],"character_chosen":"IRONCLAD","items_purchased":["Thunderclap","Poison Potion","Spot Weakness","Medical Kit"],"campfire_rested":0,"item_purchase_floors":[5,5,21,21],"current_hp_per_floor":[59,64,72,73,73,61,61,65,65,65,65,73,68,32,32,36,64,53,49,83,83,83,49,49,0],"gold":69,"neow_bonus":"THREE_RARE_CARDS","is_prod":false,"is_daily":false,"chose_seed":false,"campfire_upgraded":4,"win_rate":0,"timestamp":1556996281,"path_taken":["M","?","M","M","$","E","R","E","T","R","?","M","M","E","R","BOSS","M","M","?","$","?","E","R","E"],"build_version":"2019-01-23","purchased_purges":0,"victory":false,"max_hp_per_floor":[68,73,73,73,73,73,73,73,73,73,73,73,73,73,73,73,73,73,73,83,83,83,83,83,83],"card_choices":[{"not_picked":["Berserk","Demon Form"],"picked":"Reaper","floor":0},{"not_picked":["Armaments","Wild Strike"],"picked":"Iron Wave","floor":1},{"not_picked":["Perfected Strike","Pummel"],"picked":"Clothesline","floor":3},{"not_picked":["Armaments","True Grit"],"picked":"Spot Weakness","floor":4},{"not_picked":["Havoc","Reckless Charge"],"picked":"Battle Trance","floor":6},{"not_picked":["Clash","Second Wind","Warcry"],"picked":"SKIP","floor":8},{"not_picked":["Armaments","Clothesline"],"picked":"Battle Trance","floor":12},{"not_picked":["Double Tap","Perfected Strike"],"picked":"Shockwave","floor":13},{"not_picked":["Ghostly Armor","Searing Blow","Wild Strike"],"picked":"SKIP","floor":14},{"not_picked":["Bludgeon","Demon Form"],"picked":"Fiend Fire","floor":16},{"not_picked":["Warcry","Juggernaut"],"picked":"Sword Boomerang","floor":17},{"not_picked":["Dropkick","Clash"],"picked":"Shrug It Off","floor":17},{"not_picked":["Pommel Strike","Warcry"],"picked":"Shrug It Off","floor":17},{"not_picked":["Intimidate","Anger"],"picked":"True Grit","floor":17},{"not_picked":["Pommel Strike","Blood for Blood"],"picked":"Body Slam+1","floor":18},{"not_picked":["Flex+1","Sever Soul+1"],"picked":"Headbutt+1","floor":19},{"not_picked":["Seeing Red","Thunderclap","Perfected Strike"],"picked":"SKIP","floor":22},{"not_picked":["Spot Weakness","Heavy Blade"],"picked":"Havoc+1","floor":23}],"player_experience":1187406,"relics_obtained":[{"floor":6,"key":"Self Forming Clay"},{"floor":8,"key":"Unceasing Top"},{"floor":14,"key":"Orichalcum"},{"floor":23,"key":"The Courier"}],"event_choices":[{"damage_healed":0,"gold_gain":0,"player_choice":"Donut","damage_taken":0,"max_hp_gain":5,"max_hp_loss":0,"event_name":"Big Fish","floor":2,"gold_loss":0},{"damage_healed":0,"gold_gain":0,"cards_transformed":["Strike_R"],"player_choice":"Change","damage_taken":0,"max_hp_gain":0,"max_hp_loss":0,"event_name":"Living Wall","floor":11,"gold_loss":0,"cards_obtained":["Exhume"]},{"cards_removed":["Fiend Fire"],"damage_healed":24,"gold_gain":0,"player_choice":"Offered Rare","damage_taken":0,"max_hp_gain":10,"max_hp_loss":0,"event_name":"Bonfire Elementals","floor":20,"gold_loss":0}],"is_beta":false,"boss_relics":[{"not_picked":["Black Blood","Calling Bell"],"picked":"Orrery"}],"items_purged_floors":[],"is_endless":false,"potions_floor_spawned":[6,12,13,14,16,19],"killed_by":"Slavers","ascension_level":20}