{"gold_per_floor":[109,120,90,109,34,34,61,61],"floor_reached":8,"playtime":379,"items_purged":[],"score":112,"play_id":"d7841d60-da07-4cab-9430-782079a92884","local_time":"20190508235247","is_ascension_mode":true,"campfire_choices":[{"data":"Neutralize","floor":6,"key":"SMITH"}],"neow_cost":"NONE","seed_source_timestamp":427491183813599,"circlet_count":0,"master_deck":["AscendersBane","Defend_G","Defend_G","Defend_G","Defend_G","Defend_G","Strike_G","Strike_G","Strike_G","Strike_G","Survivor","Neutralize+1","Quick Slash","Blur","Noxious Fumes","Glass Knife"],"relics":["Ring of the Snake","Regal Pillow","Happy Flower"],"potions_floor_usage":[],"damage_taken":[{"damage":0,"enemies":"2 Louse","floor":1,"turns":3},{"damage":4,"enemies":"Cultist","floor":2,"turns":5},{"damage":0,"enemies":"Jaw Worm","floor":4,"turns":5},{"damage":36,"enemies":"3 Sentries","floor":7,"turns":10},{"damage":24,"enemies":"Exordium Wildlife","floor":8,"turns":4}],"seed_played":"8431292704842476152","potions_obtained":[{"floor":3,"key":"EntropicBrew"},{"floor":3,"key":"Ancient Potion"},{"floor":7,"key":"SteroidPotion"}],"is_trial":false,"path_per_floor":["M","M","?","M","?","R","E","M"],"character_chosen":"THE_SILENT","items_purchased":[],"campfire_rested":0,"item_purchase_floors":[],"current_hp_per_floor":[59,55,55,55,55,55,19,0],"gold":61,"neow_bonus":"RANDOM_COMMON_RELIC","is_prod":false,"is_daily":false,"chose_seed":false,"campfire_upgraded":1,"win_rate":0,"timestamp":1557373967,"path_taken":["M","M","?","?","?","R","E","M"],"build_version":"2019-01-23","purchased_purges":0,"victory":false,"max_hp_per_floor":[66,66,66,66,66,66,66,66],"card_choices":[{"not_picked":["Deflect","Blade Dance"],"picked":"Quick Slash","floor":1},{"not_picked":["Prepared","Underhanded Strike"],"picked":"Blur","floor":2},{"not_picked":["Leg Sweep","Dagger Spray"],"picked":"Noxious Fumes","floor":4},{"not_picked":["Slice","Deadly Poison"],"picked":"Glass Knife","floor":7}],"player_experience":1252039,"relics_obtained":[{"floor":7,"key":"Happy Flower"}],"event_choices":[{"damage_healed":0,"gold_gain":0,"player_choice":"Bought 2 Potions","damage_taken":0,"max_hp_gain":0,"max_hp_loss":0,"event_name":"The Woman in Blue","floor":3,"gold_loss":0},{"cards_removed":["Strike_G"],"damage_healed":0,"gold_gain":0,"player_choice":"Card Removal","damage_taken":0,"max_hp_gain":0,"max_hp_loss":0,"event_name":"The Cleric","floor":5,"gold_loss":75}],"is_beta":false,"boss_relics":[],"items_purged_floors":[],"is_endless":false,"potions_floor_spawned":[7],"killed_by":"Exordium Wildlife","ascension_level":20}