{"gold_per_floor":[111,38,38,51,67,67,92,103,103,103,103,103,122,135,135,255,255,271,58,83,83,108,108,128,128,179,212,60,79,79,92,92,197,197,216,226,226,244,262,289,164,174,200,50,66,82,102,102,102,102],"floor_reached":51,"playtime":4507,"items_purged":["Strike_R","Strike_R","Doubt","Doubt"],"score":866,"play_id":"a34ea751-cffd-4718-b31b-0858656b3642","local_time":"20180822230454","is_ascension_mode":true,"campfire_choices":[{"data":"Armaments","floor":6,"key":"SMITH"},{"data":"Inflame","floor":10,"key":"SMITH"},{"data":"Heavy Blade","floor":12,"key":"SMITH"},{"data":"Shrug It Off","floor":15,"key":"SMITH"},{"data":"Double Tap","floor":23,"key":"SMITH"},{"data":"Shockwave","floor":30,"key":"SMITH"},{"data":"True Grit","floor":32,"key":"SMITH"},{"data":"Barricade","floor":49,"key":"SMITH"}],"neow_cost":"NONE","seed_source_timestamp":585693260417139,"circlet_count":0,"master_deck":["Strike_R","Strike_R","Strike_R+1","Defend_R","Defend_R","Defend_R","Defend_R","Bash+1","Armaments+1","Whirlwind","Anger+1","Pummel","Heavy Blade+1","Inflame+1","Shrug It Off+1","Double Tap+1","Reaper","Twin Strike+1","True Grit+1","Pummel+1","Shockwave+1","Barricade+1","Parasite","Inflame+1","Inflame","Shrug It Off+1","Disarm+1","Writhe"],"relics":["Burning Blood","Meat on the Bone","Bottled Lightning","Bloody Idol","Velvet Choker","Centennial Puzzle","Oddly Smooth Stone","Darkstone Periapt","Calling Bell","Red Skull","Shuriken","Unceasing Top","Whetstone","Strawberry"],"potions_floor_usage":[27,33,40,45,50,50,50],"damage_taken":[{"damage":16,"enemies":"Jaw Worm","floor":1,"turns":4},{"damage":7,"enemies":"2 Louse","floor":4,"turns":2},{"damage":1,"enemies":"Cultist","floor":5,"turns":3},{"damage":35,"enemies":"Lagavulin","floor":7,"turns":6},{"damage":17,"enemies":"Gremlin Gang","floor":8,"turns":6},{"damage":6,"enemies":"Looter","floor":13,"turns":3},{"damage":8,"enemies":"2 Fungi Beasts","floor":14,"turns":4},{"damage":47,"enemies":"Hexaghost","floor":16,"turns":9},{"damage":15,"enemies":"Spheric Guardian","floor":18,"turns":4},{"damage":16,"enemies":"3 Byrds","floor":20,"turns":4},{"damage":35,"enemies":"Shelled Parasite and Fungi","floor":22,"turns":5},{"damage":25,"enemies":"Centurion and Healer","floor":24,"turns":6},{"damage":75,"enemies":"Slavers","floor":27,"turns":8},{"damage":14,"enemies":"Sentry and Sphere","floor":29,"turns":4},{"damage":13,"enemies":"Snecko","floor":31,"turns":4},{"damage":57,"enemies":"Champ","floor":33,"turns":11},{"damage":62,"enemies":"Flame Bruiser 1 Orb","floor":35,"turns":8},{"damage":31,"enemies":"3 Darklings","floor":36,"turns":7},{"damage":15,"enemies":"Maw","floor":38,"turns":8},{"damage":28,"enemies":"Flame Bruiser 2 Orb","floor":39,"turns":7},{"damage":53,"enemies":"2 Orb Walkers","floor":40,"turns":5},{"damage":28,"enemies":"3 Darklings","floor":42,"turns":4},{"damage":9,"enemies":"Transient","floor":45,"turns":5},{"damage":22,"enemies":"Maw","floor":46,"turns":5},{"damage":20,"enemies":"Sphere and 2 Shapes","floor":47,"turns":5},{"damage":106,"enemies":"Awakened One","floor":50,"turns":14}],"seed_played":"-3277633127472112511","potions_obtained":[{"floor":1,"key":"BloodPotion"},{"floor":7,"key":"SteroidPotion"},{"floor":18,"key":"Poison Potion"},{"floor":22,"key":"Dexterity Potion"},{"floor":29,"key":"Weak Potion"},{"floor":33,"key":"EssenceOfSteel"},{"floor":35,"key":"Weak Potion"},{"floor":42,"key":"Strength Potion"},{"floor":45,"key":"PowerPotion"}],"is_trial":false,"path_per_floor":["M","$","?","M","M","R","E","M","T","R","?","R","M","M","R","B",null,"M","$","M","T","M","R","M","?","T","E","$","M","R","M","R","B",null,"M","M","?","M","M","E","$","M","T","$","M","M","M","?","R","B"],"character_chosen":"IRONCLAD","items_purchased":["Whirlwind","Reaper","Fire Potion"],"campfire_rested":0,"item_purchase_floors":[2,19,28],"current_hp_per_floor":[78,78,60,59,64,64,35,36,36,36,36,36,48,58,58,29,81,72,72,68,68,51,51,66,66,71,34,34,43,43,63,63,39,99,72,66,66,62,61,47,47,42,54,54,68,75,66,99,99,24],"gold":102,"neow_bonus":"TEN_PERCENT_HP_BONUS","is_prod":false,"is_daily":false,"chose_seed":false,"campfire_upgraded":8,"win_rate":0,"timestamp":1534993494,"path_taken":["M","$","?","?","?","R","E","M","T","R","?","R","M","M","R","BOSS","M","$","M","?","M","R","M","?","T","E","$","?","R","M","R","BOSS","M","M","?","M","M","E","$","?","T","$","M","M","M","?","R","BOSS"],"build_version":"2018-08-16","purchased_purges":4,"victory":true,"max_hp_per_floor":[88,88,88,88,88,88,88,88,88,88,81,81,81,81,81,81,81,81,81,81,81,81,81,81,81,81,81,81,81,81,81,81,81,99,99,99,99,99,99,99,99,99,106,106,106,106,106,112,112,112],"card_choices":[{"not_picked":["Feel No Pain","Power Through"],"picked":"Armaments","floor":1},{"not_picked":["Body Slam","Feel No Pain"],"picked":"Anger","floor":4},{"not_picked":["Anger","Wild Strike"],"picked":"Pummel","floor":5},{"not_picked":["Havoc","Hemokinesis"],"picked":"Heavy Blade","floor":7},{"not_picked":["Shrug It Off","Headbutt"],"picked":"Inflame","floor":8},{"not_picked":["Clothesline","Thunderclap"],"picked":"Shrug It Off","floor":13},{"not_picked":["Dual Wield","Rampage","Wild Strike"],"picked":"SKIP","floor":14},{"not_picked":["Berserk","Impervious"],"picked":"Double Tap","floor":16},{"not_picked":["Sentinel","Pommel Strike","Shockwave"],"picked":"SKIP","floor":18},{"not_picked":["Cleave","Flex","Anger"],"picked":"SKIP","floor":20},{"not_picked":["Anger","Blood for Blood"],"picked":"Twin Strike+1","floor":22},{"not_picked":["Pommel Strike","Sword Boomerang"],"picked":"True Grit","floor":24},{"not_picked":["Dark Embrace","Sword Boomerang"],"picked":"Pummel","floor":27},{"not_picked":["Power Through","Combust"],"picked":"Shockwave","floor":29},{"not_picked":["Shrug It Off","Dual Wield+1","Sword Boomerang"],"picked":"SKIP","floor":31},{"not_picked":["Impervious","Offering"],"picked":"Barricade","floor":33},{"not_picked":["Clash","Dropkick+1","Perfected Strike"],"picked":"SKIP","floor":35},{"not_picked":["Burning Pact+1","Cleave","Wild Strike+1"],"picked":"SKIP","floor":36},{"not_picked":["Infernal Blade","Havoc","Whirlwind+1"],"picked":"SKIP","floor":38},{"not_picked":["Clash","Flex+1"],"picked":"Inflame","floor":39},{"not_picked":["Shrug It Off+1","Cleave","Wild Strike+1"],"picked":"SKIP","floor":40},{"not_picked":["Cleave","Wild Strike+1"],"picked":"Shrug It Off+1","floor":40},{"not_picked":["Sword Boomerang+1","Clothesline","Demon Form"],"picked":"SKIP","floor":42},{"not_picked":["Dual Wield+1","Hemokinesis+1"],"picked":"Disarm+1","floor":45},{"not_picked":["Headbutt","Twin Strike","Anger"],"picked":"SKIP","floor":46},{"not_picked":["Headbutt+1","Searing Blow+1","Heavy Blade"],"picked":"SKIP","floor":47}],"player_experience":136168,"relics_obtained":[{"floor":7,"key":"Meat on the Bone"},{"floor":9,"key":"Bottled Lightning"},{"floor":21,"key":"Centennial Puzzle"},{"floor":26,"key":"Oddly Smooth Stone"},{"floor":27,"key":"Darkstone Periapt"},{"floor":34,"key":"Red Skull"},{"floor":34,"key":"Shuriken"},{"floor":34,"key":"Unceasing Top"},{"floor":40,"key":"Whetstone"},{"floor":43,"key":"Strawberry"}],"event_choices":[{"event_name":"Shining Light","player_choice":"Entered Light","floor":3,"damage_taken":0},{"event_name":"Golden Idol","player_choice":"Lose Max HP","floor":11,"damage_taken":0},{"event_name":"Forgotten Altar","player_choice":"Gave Idol","floor":25,"damage_taken":0},{"event_name":"Duplicator","player_choice":"One dupe","floor":37,"damage_taken":0},{"event_name":"Winding Halls","player_choice":"Writhe","floor":48,"damage_taken":0}],"is_beta":false,"boss_relics":[{"not_picked":["Pandora\u0027s Box","Astrolabe"],"picked":"Velvet Choker"},{"not_picked":["Philosopher\u0027s Stone","Fusion Hammer"],"picked":"Calling Bell"}],"items_purged_floors":[19,28,41,44],"is_endless":false,"potions_floor_spawned":[1,7,18,22,29,33,35,38,39,42,45],"ascension_level":4}