{"gold_per_floor":[363,380,85,99,115,115,149,159,159,186,186],"floor_reached":11,"playtime":466,"items_purged":["Strike_R"],"score":170,"play_id":"4e0932b6-1005-4204-a020-8973c3709b91","local_time":"20190627185620","is_ascension_mode":true,"campfire_choices":[{"data":"Uppercut","floor":6,"key":"SMITH"}],"neow_cost":"TEN_PERCENT_HP_LOSS","seed_source_timestamp":1057441524589258,"circlet_count":0,"master_deck":["AscendersBane","Strike_R","Strike_R","Strike_R","Strike_R","Defend_R","Defend_R","Defend_R","Defend_R","Bash","Uppercut+1","Flame Barrier","Feel No Pain","Heavy Blade","Disarm","Inflame"],"relics":["Burning Blood","Sling","Orichalcum","Darkstone Periapt","Ancient Tea Set"],"potions_floor_usage":[5,10,11],"damage_taken":[{"damage":4,"enemies":"2 Louse","floor":1,"turns":3},{"damage":12,"enemies":"Cultist","floor":2,"turns":4},{"damage":7,"enemies":"Jaw Worm","floor":4,"turns":3},{"damage":9,"enemies":"Looter","floor":5,"turns":4},{"damage":30,"enemies":"Gremlin Nob","floor":7,"turns":4},{"damage":10,"enemies":"3 Louse","floor":8,"turns":4},{"damage":9,"enemies":"3 Sentries","floor":10,"turns":6},{"damage":30,"enemies":"Exordium Thugs","floor":11,"turns":4}],"seed_played":"6147113152146314041","potions_obtained":[{"floor":4,"key":"SneckoOil"},{"floor":7,"key":"Ancient Potion"},{"floor":8,"key":"AttackPotion"},{"floor":10,"key":"GamblersBrew"}],"is_trial":false,"path_per_floor":["M","M","$","M","M","R","E","M","T","E","M"],"character_chosen":"IRONCLAD","items_purchased":["Sling"],"campfire_rested":0,"item_purchase_floors":[3],"current_hp_per_floor":[68,62,62,61,58,58,34,30,30,27,0],"gold":186,"neow_bonus":"TWO_FIFTY_GOLD","is_prod":false,"is_daily":false,"chose_seed":false,"campfire_upgraded":1,"win_rate":0,"timestamp":1561676180,"path_taken":["M","M","$","M","M","R","E","M","T","E","M"],"build_version":"2019-01-23","purchased_purges":1,"victory":false,"max_hp_per_floor":[68,68,68,68,68,68,68,68,68,68,68],"card_choices":[{"not_picked":["Perfected Strike","Cleave"],"picked":"Uppercut","floor":1},{"not_picked":["Whirlwind","Headbutt"],"picked":"Flame Barrier","floor":2},{"not_picked":["Havoc","Double Tap"],"picked":"Feel No Pain","floor":4},{"not_picked":["Body Slam","Sword Boomerang"],"picked":"Heavy Blade","floor":5},{"not_picked":["Heavy Blade","Thunderclap"],"picked":"Disarm","floor":7},{"not_picked":["Rampage","Bloodletting"],"picked":"Inflame","floor":8},{"not_picked":["Sword Boomerang","Ghostly Armor","Heavy Blade"],"picked":"SKIP","floor":10}],"player_experience":1563408,"relics_obtained":[{"floor":7,"key":"Orichalcum"},{"floor":9,"key":"Darkstone Periapt"},{"floor":10,"key":"Ancient Tea Set"}],"event_choices":[],"is_beta":false,"boss_relics":[],"items_purged_floors":[3],"is_endless":false,"potions_floor_spawned":[4,7,8,10],"killed_by":"Exordium Thugs","ascension_level":20}