{"gold_per_floor":[110,110,110,127,137,166,166,185,185,211,211,171,171,28,28,28],"floor_reached":16,"playtime":790,"items_purged":["Strike_G"],"score":124,"play_id":"ec708f60-dc71-4de7-b4d5-eb9c64328cdf","local_time":"20190712210735","is_ascension_mode":true,"campfire_choices":[{"floor":7,"key":"REST"},{"floor":11,"key":"REST"},{"floor":13,"key":"RECALL"},{"floor":15,"key":"REST"}],"neow_cost":"NONE","seed_source_timestamp":119421216606251,"circlet_count":0,"master_deck":["Strike_G","Strike_G","Strike_G","Defend_G","Defend_G","Defend_G","Defend_G","Defend_G","Survivor","Neutralize","Cloak And Dagger+1","Acrobatics","Blade Dance","Finisher","Cloak And Dagger","Blur"],"relics":["Ring of the Snake","NeowsBlessing","Prayer Wheel","Incense Burner","Pantograph"],"potions_floor_usage":[8,10,16],"damage_taken":[{"damage":0,"enemies":"Small Slimes","floor":1,"turns":1},{"damage":0,"enemies":"2 Louse","floor":4,"turns":1},{"damage":0,"enemies":"Cultist","floor":5,"turns":1},{"damage":39,"enemies":"Gremlin Nob","floor":6,"turns":5},{"damage":15,"enemies":"Exordium Wildlife","floor":8,"turns":8},{"damage":13,"enemies":"3 Sentries","floor":10,"turns":11},{"damage":74,"enemies":"The Guardian","floor":16,"turns":24}],"seed_played":"-3876404511743528873","potions_obtained":[{"floor":6,"key":"AttackPotion"},{"floor":8,"key":"Fire Potion"},{"floor":10,"key":"SkillPotion"}],"is_trial":false,"path_per_floor":["M","?","?","M","M","E","R","M","T","E","R","?","R","$","R","B"],"character_chosen":"THE_SILENT","items_purchased":["Blur"],"campfire_rested":3,"item_purchase_floors":[14],"current_hp_per_floor":[70,63,63,63,63,24,45,30,30,17,38,38,38,38,59,0],"gold":28,"neow_bonus":"THREE_ENEMY_KILL","is_prod":false,"is_daily":false,"chose_seed":false,"campfire_upgraded":0,"win_rate":0,"timestamp":1562980055,"path_taken":["M","?","?","?","M","E","R","M","T","E","R","?","R","$","R","BOSS"],"build_version":"2019-07-05","purchased_purges":1,"victory":false,"max_hp_per_floor":[70,70,70,70,70,70,70,70,70,70,70,70,70,70,70,70],"card_choices":[{"not_picked":["Bane","Leg Sweep"],"picked":"Cloak And Dagger","floor":1},{"not_picked":["Skewer","Slice"],"picked":"Acrobatics","floor":4},{"not_picked":["Dagger Spray","Cloak And Dagger"],"picked":"Blade Dance","floor":5},{"not_picked":["Quick Slash","Backstab","Poisoned Stab"],"picked":"SKIP","floor":6},{"not_picked":["Slice","All Out Attack"],"picked":"Finisher","floor":8},{"not_picked":["Prepared","Concentrate","Poisoned Stab"],"picked":"SKIP","floor":8},{"not_picked":["Riddle With Holes","Burst"],"picked":"Cloak And Dagger","floor":10}],"player_experience":122924,"relics_obtained":[{"floor":6,"key":"Prayer Wheel"},{"floor":9,"key":"Incense Burner"},{"floor":10,"key":"Pantograph"}],"event_choices":[{"cards_removed":["Strike_G"],"damage_healed":0,"gold_gain":0,"player_choice":"Card Removal","damage_taken":7,"max_hp_gain":0,"max_hp_loss":0,"event_name":"Golden Wing","floor":2,"gold_loss":0},{"damage_healed":0,"gold_gain":0,"player_choice":"Forge","damage_taken":0,"max_hp_gain":0,"max_hp_loss":0,"event_name":"Accursed Blacksmith","floor":3,"gold_loss":0,"cards_upgraded":["Cloak And Dagger"]},{"damage_healed":0,"gold_gain":0,"player_choice":"Left Gold","damage_taken":0,"max_hp_gain":0,"max_hp_loss":0,"event_name":"World of Goop","floor":12,"gold_loss":40}],"is_beta":false,"boss_relics":[],"items_purged_floors":[14],"is_endless":false,"potions_floor_spawned":[6,8,10],"killed_by":"The Guardian","ascension_level":3}