{"gold_per_floor":[117,128,144,144,159,159,193,210,210,221,221,221,232,232,232,334,334,348,348],"floor_reached":19,"playtime":558,"items_purged":[],"score":188,"play_id":"0d63c90d-c085-47e4-81b1-2caa3690911f","local_time":"20190721034711","is_ascension_mode":true,"campfire_choices":[{"floor":6,"key":"REST"},{"floor":12,"key":"REST"},{"floor":15,"key":"REST"}],"neow_cost":"NONE","seed_source_timestamp":29261167575800,"circlet_count":0,"master_deck":["Strike_B+1","Strike_B","Strike_B","Strike_B","Defend_B","Defend_B","Defend_B","Defend_B","Zap","Dualcast+1","Defragment","Storm","Conserve Battery","Defragment","Ball Lightning","Cold Snap","Glacier+1","Undo","Thunder Strike","Ball Lightning+1"],"relics":["Cracked Core","NeowsBlessing","Matryoshka","Happy Flower","Frozen Egg 2","Eternal Feather"],"potions_floor_usage":[5,7,16,16],"damage_taken":[{"damage":0,"enemies":"2 Louse","floor":1,"turns":1},{"damage":0,"enemies":"Jaw Worm","floor":2,"turns":1},{"damage":0,"enemies":"Small Slimes","floor":3,"turns":1},{"damage":1,"enemies":"Looter","floor":5,"turns":3},{"damage":12,"enemies":"Lagavulin","floor":7,"turns":5},{"damage":13,"enemies":"Red Slaver","floor":8,"turns":3},{"damage":32,"enemies":"Gremlin Gang","floor":10,"turns":4},{"damage":0,"enemies":"3 Louse","floor":13,"turns":4},{"damage":7,"enemies":"Slime Boss","floor":16,"turns":9},{"damage":12,"enemies":"2 Thieves","floor":18,"turns":5},{"damage":64,"enemies":"Masked Bandits","floor":19,"turns":3}],"seed_played":"2615717905387782556","potions_obtained":[{"floor":1,"key":"Block Potion"},{"floor":3,"key":"EssenceOfSteel"},{"floor":10,"key":"Explosive Potion"},{"floor":13,"key":"Fire Potion"}],"is_trial":false,"path_per_floor":["M","M","M","?","M","R","E","M","T","M","?","R","M","?","R","B",null,"M","?"],"character_chosen":"DEFECT","items_purchased":[],"campfire_rested":3,"item_purchase_floors":[],"current_hp_per_floor":[75,75,75,60,59,75,63,50,50,18,6,28,28,28,50,43,75,63,0],"gold":348,"neow_bonus":"THREE_ENEMY_KILL","is_prod":false,"is_daily":false,"chose_seed":false,"campfire_upgraded":0,"win_rate":0,"timestamp":1563695231,"path_taken":["M","M","M","?","M","R","E","M","T","M","?","R","M","?","R","BOSS","M","?"],"build_version":"2019-07-17","purchased_purges":0,"victory":false,"max_hp_per_floor":[75,75,75,75,75,75,75,75,75,75,75,75,75,75,75,75,75,75,75],"card_choices":[{"not_picked":["Coolheaded","Fusion"],"picked":"Defragment","floor":1},{"not_picked":["Rebound","Coolheaded"],"picked":"Storm","floor":2},{"not_picked":["Redo","Stack"],"picked":"Conserve Battery","floor":3},{"not_picked":["Loop","Force Field"],"picked":"Defragment","floor":5},{"not_picked":["Scrape","Turbo"],"picked":"Ball Lightning","floor":7},{"not_picked":["Heatsinks","Go for the Eyes"],"picked":"Cold Snap","floor":8},{"not_picked":["White Noise","Beam Cell"],"picked":"Glacier","floor":10},{"not_picked":["Redo","Steam"],"picked":"Undo","floor":13},{"not_picked":["All For One","Fission"],"picked":"Thunder Strike","floor":16},{"not_picked":["Coolheaded","Redo+1"],"picked":"Ball Lightning+1","floor":18}],"player_experience":276732,"relics_obtained":[{"floor":7,"key":"Matryoshka"},{"floor":9,"key":"Happy Flower"},{"floor":9,"key":"Frozen Egg 2"}],"event_choices":[{"damage_healed":0,"gold_gain":0,"player_choice":"Entered Light","damage_taken":15,"max_hp_gain":0,"max_hp_loss":0,"event_name":"Shining Light","floor":4,"gold_loss":0,"cards_upgraded":["Strike_B","Dualcast"]},{"damage_healed":0,"gold_gain":0,"player_choice":"Fled","damage_taken":12,"max_hp_gain":0,"max_hp_loss":0,"event_name":"Scrap Ooze","floor":11,"gold_loss":0},{"damage_healed":0,"gold_gain":0,"player_choice":"Grow","damage_taken":0,"max_hp_gain":0,"max_hp_loss":0,"event_name":"Living Wall","floor":14,"gold_loss":0,"cards_upgraded":["Glacier"]},{"damage_healed":0,"gold_gain":0,"player_choice":"Fought Bandits","damage_taken":0,"max_hp_gain":0,"max_hp_loss":0,"event_name":"Masked Bandits","floor":19,"gold_loss":0}],"is_beta":false,"boss_relics":[{"not_picked":["Orrery","Runic Dome"],"picked":"Eternal Feather"}],"items_purged_floors":[],"is_endless":false,"potions_floor_spawned":[1,3,10,13],"killed_by":"Masked Bandits","ascension_level":2}