{"gold_per_floor":[215,228,2,21,38,38,38,38,38,51,51,51,51,70,70,70],"floor_reached":16,"playtime":521,"items_purged":["Strike_B"],"score":161,"play_id":"ff73e9e1-5ff0-4445-9fe8-e8b635c7a56e","local_time":"20180915153202","is_ascension_mode":true,"campfire_choices":[{"data":"Go for the Eyes","floor":6,"key":"SMITH"},{"floor":11,"key":"REST"},{"floor":13,"key":"REST"},{"data":"Zap","floor":15,"key":"SMITH"}],"neow_cost":"NONE","seed_source_timestamp":224121005021152,"circlet_count":0,"master_deck":["Strike_B","Strike_B","Defend_B","Defend_B","Defend_B","Defend_B","Zap+1","Dualcast","AscendersBane","Compile Driver","Hologram+1","Go for the Eyes+1","Steam","FTL"],"relics":["Cracked Core","PreservedInsect","The Courier","Dodecahedron"],"potions_floor_usage":[16],"damage_taken":[{"damage":0,"enemies":"2 Louse","floor":1,"turns":2},{"damage":8,"enemies":"Small Slimes","floor":2,"turns":3},{"damage":2,"enemies":"Jaw Worm","floor":4,"turns":3},{"damage":5,"enemies":"Looter","floor":5,"turns":3},{"damage":3,"enemies":"3 Louse","floor":10,"turns":4},{"damage":3,"enemies":"Exordium Thugs","floor":14,"turns":3},{"damage":43,"enemies":"Slime Boss","floor":16,"turns":6}],"seed_played":"6645015005334257081","potions_obtained":[{"floor":4,"key":"SpeedPotion"},{"floor":5,"key":"Fire Potion"}],"is_trial":false,"path_per_floor":["M","M","$","M","M","R","?","?","T","M","R","?","R","M","R"],"character_chosen":"DEFECT","items_purchased":["PreservedInsect"],"campfire_rested":2,"item_purchase_floors":[3],"current_hp_per_floor":[64,56,56,54,49,49,14,7,7,4,25,25,46,43,43,0],"gold":70,"neow_bonus":"HUNDRED_GOLD","is_prod":false,"is_daily":false,"chose_seed":false,"campfire_upgraded":2,"win_rate":0,"timestamp":1537039922,"path_taken":["M","M","$","M","M","R","?","?","T","M","R","?","R","M","R","BOSS"],"build_version":"2018-09-06","purchased_purges":1,"victory":false,"max_hp_per_floor":[71,71,71,71,71,71,71,71,71,71,71,71,71,71,71,71],"card_choices":[{"not_picked":["Melter","Gash"],"picked":"Compile Driver","floor":1},{"not_picked":["Stack","Reprogram"],"picked":"Hologram","floor":2},{"not_picked":["Force Field","Fusion"],"picked":"Go for the Eyes","floor":4},{"not_picked":["Redo","Beam Cell"],"picked":"Steam","floor":5},{"not_picked":["Redo","Recycle"],"picked":"FTL","floor":10},{"not_picked":["Barrage","Gash","Double Energy"],"picked":"SKIP","floor":14}],"player_experience":382624,"relics_obtained":[{"floor":9,"key":"Dodecahedron"}],"event_choices":[{"event_name":"Scrap Ooze","player_choice":"success","floor":7,"damage_taken":35},{"event_name":"Golden Wing","player_choice":"Card Removal","floor":8,"damage_taken":0},{"event_name":"Accursed Blacksmith","player_choice":"Forge","floor":12,"damage_taken":0}],"is_beta":false,"boss_relics":[],"items_purged_floors":[3],"is_endless":false,"potions_floor_spawned":[4,5],"killed_by":"Slime Boss","ascension_level":15}