{"gold_per_floor":[109,109,33,46,46,46,73,92,116,150,162,162,162,194,194,272,272,252,252,264,179,179,179,204,204],"floor_reached":25,"playtime":791,"items_purged":[],"score":524,"play_id":"f4d3afea-544b-4ce2-a683-0507d7d4b709","local_time":"20190607001143","is_ascension_mode":true,"campfire_choices":[{"data":"Bash","floor":6.0,"key":"SMITH"},{"data":"Combust","floor":12.0,"key":"SMITH"},{"data":"Limit Break","floor":15.0,"key":"SMITH"},{"data":"Feed","floor":23,"key":"SMITH"}],"neow_cost":"NONE","seed_source_timestamp":1918131600190227,"circlet_count":0,"master_deck":["AscendersBane","Strike_R","Strike_R","Strike_R","Defend_R","Defend_R","Defend_R","Defend_R","Bash+1","Combust+1","Heavy Blade","Sword Boomerang","Twin Strike","Impervious","Limit Break+1","Feed+1","Flex","Limit Break+1","Cleave+1","Juggernaut","Seeing Red"],"special_seed":0,"relics":["Burning Blood","NeowsBlessing","Vajra","Bag of Preparation","Lantern","Pen Nib","Singing Bowl","Runic Pyramid","Question Card","Regal Pillow"],"potions_floor_usage":[24,25],"damage_taken":[{"damage":0.0,"enemies":"Jaw Worm","floor":1.0,"turns":1.0},{"damage":0.0,"enemies":"Cultist","floor":4.0,"turns":1.0},{"damage":0.0,"enemies":"Lagavulin","floor":7.0,"turns":2.0},{"damage":0.0,"enemies":"2 Louse","floor":8.0,"turns":2.0},{"damage":8.0,"enemies":"Gremlin Nob","floor":10.0,"turns":3.0},{"damage":11.0,"enemies":"Blue Slaver","floor":11.0,"turns":3.0},{"damage":15.0,"enemies":"3 Sentries","floor":14.0,"turns":5.0},{"damage":38.0,"enemies":"The Guardian","floor":16.0,"turns":11.0},{"damage":12.0,"enemies":"2 Thieves","floor":18.0,"turns":4.0},{"damage":0,"enemies":"Chosen","floor":20,"turns":5},{"damage":40,"enemies":"Slavers","floor":24,"turns":4},{"damage":45,"enemies":"Shelled Parasite and Fungi","floor":25,"turns":3}],"seed_played":"-5716484945179780089","potions_obtained":[{"floor":7.0,"key":"Explosive Potion"},{"floor":11.0,"key":"LiquidBronze"},{"floor":16.0,"key":"SteroidPotion"},{"floor":24,"key":"AttackPotion"}],"is_trial":false,"path_per_floor":["M","?","$","M","?","R","E","M","T","E","M","R","?","E","R","B",null,"M","?","M","?","?","R","E","M"],"character_chosen":"IRONCLAD","items_purchased":["Combust"],"campfire_rested":0,"item_purchase_floors":[3],"current_hp_per_floor":[74,74,74,75,75,75,75,75,75,73,68,68,68,59,59,27,63,60,60,69,69,69,69,39,0],"gold":204,"neow_bonus":"THREE_ENEMY_KILL","is_prod":false,"is_daily":false,"chose_seed":false,"campfire_upgraded":4,"win_rate":0,"timestamp":1559880703,"path_taken":["M","?","$","?","?","R","E","M","T","E","M","R","?","E","R","BOSS","M","?","?","?","?","R","E","M"],"build_version":"2019-01-23","purchased_purges":0,"victory":false,"max_hp_per_floor":[75,75,75,75,75,75,75,75,75,75,75,75,75,75,75,75,75,78,78,81,81,81,81,85,85],"card_choices":[{"not_picked":["Body Slam","Metallicize"],"picked":"Twin Strike","floor":1.0},{"not_picked":["Ghostly Armor","Havoc"],"picked":"Heavy Blade","floor":4.0},{"not_picked":["Metallicize","Entrench"],"picked":"Sword Boomerang","floor":7.0},{"not_picked":["Ghostly Armor","Pommel Strike"],"picked":"Twin Strike","floor":8.0},{"not_picked":["Sword Boomerang","Headbutt"],"picked":"Impervious","floor":10.0},{"not_picked":["Perfected Strike","Wild Strike","Sword Boomerang"],"picked":"SKIP","floor":11.0},{"not_picked":["Sentinel","Corruption"],"picked":"Limit Break","floor":14.0},{"not_picked":["Immolate","Brutality"],"picked":"Feed","floor":16.0},{"not_picked":["Ghostly Armor","Burning Pact+1"],"picked":"Flex","floor":18.0},{"not_picked":["Heavy Blade","Spot Weakness"],"picked":"Cleave+1","floor":20},{"not_picked":["Headbutt","Whirlwind","Inflame"],"picked":"Seeing Red","floor":24}],"player_experience":1515174,"relics_obtained":[{"floor":7.0,"key":"Bag of Preparation"},{"floor":9.0,"key":"Lantern"},{"floor":10.0,"key":"Pen Nib"},{"floor":14.0,"key":"Singing Bowl"},{"floor":24,"key":"Regal Pillow"}],"event_choices":[{"cards_removed":["Twin Strike"],"damage_healed":0.0,"max_hp_gain":0.0,"max_hp_loss":0.0,"gold_gain":0.0,"event_name":"WeMeetAgain","player_choice":"Gave Card","floor":2.0,"gold_loss":0.0,"damage_taken":0.0,"relics_obtained":["Vajra"]},{"damage_healed":0.0,"max_hp_gain":0.0,"max_hp_loss":0.0,"gold_gain":0.0,"event_name":"The Cleric","player_choice":"Leave","floor":5.0,"gold_loss":0.0,"damage_taken":0.0},{"cards_removed":["Strike_R"],"damage_healed":0.0,"max_hp_gain":0.0,"max_hp_loss":0.0,"gold_gain":0.0,"event_name":"Bonfire Elementals","player_choice":"Offered Basic","floor":13.0,"gold_loss":0.0,"damage_taken":0.0},{"damage_healed":0.0,"max_hp_gain":0.0,"max_hp_loss":0.0,"gold_gain":0.0,"event_name":"Duplicator","player_choice":"Copied","floor":19.0,"gold_loss":0.0,"damage_taken":0.0,"cards_obtained":["Limit Break"]},{"damage_healed":0,"gold_gain":0,"player_choice":"Obtained Relic","damage_taken":0,"relics_obtained":["Question Card"],"max_hp_gain":0,"max_hp_loss":0,"event_name":"Addict","floor":21,"gold_loss":85},{"damage_healed":0,"gold_gain":0,"cards_transformed":["Strike_R"],"player_choice":"Transformed","damage_taken":0,"max_hp_gain":0,"max_hp_loss":0,"event_name":"Transmorgrifier","floor":22,"gold_loss":0,"cards_obtained":["Juggernaut"]}],"is_beta":false,"boss_relics":[{"not_picked":["Black Blood","Black Star"],"picked":"Runic Pyramid"}],"items_purged_floors":[],"is_endless":false,"potions_floor_spawned":[7,11,16,24],"killed_by":"Shelled Parasite and Fungi","ascension_level":20}