{"gold_per_floor":[362,362,170,189,203,236,236,43,43,43,43,68,88,116,116,216,216,234,253,352,352,366,366,394,394,394,425,405,419,438,450,450,548,548,564,149,166,177,196,196,0,0,25,25,44,58,58,58],"floor_reached":48,"playtime":2921,"items_purged":["Strike_B","Strike_B","Strike_B"],"score":652,"play_id":"fce033df-5567-4051-88c8-021039805929","local_time":"20180823224735","is_ascension_mode":true,"campfire_choices":[{"floor":7,"key":"REST"},{"floor":15,"key":"REST"},{"data":"Defragment","floor":23,"key":"SMITH"},{"floor":25,"key":"REST"},{"floor":32,"key":"REST"},{"data":"Zap","floor":40,"key":"SMITH"},{"data":"Capacitor","floor":44,"key":"SMITH"},{"floor":47,"key":"REST"}],"neow_cost":"PERCENT_DAMAGE","seed_source_timestamp":672672391344270,"circlet_count":0,"master_deck":["Defend_B","Defend_B","Defend_B","Zap+1","Dualcast","Capacitor+1","Ball Lightning","Steam","Stack","Coolheaded","Compile Driver","Glacier","Defragment+1","Ball Lightning","Coolheaded","Conserve Battery","Seek","Barrage+1","Conserve Battery","Barrage","Steam+1","Double Energy+1"],"relics":["Cracked Core","Blue Candle","Kunai","Bottled Tornado","Odd Mushroom","Busted Crown","DataDisk","Molten Egg 2","Boot","Nuclear Battery","Oddly Smooth Stone","Happy Flower","Red Mask","Bronze Scales"],"potions_floor_usage":[12,13,14,24,24,27,38,38,45],"damage_taken":[{"damage":0,"enemies":"Small Slimes","floor":1,"turns":3},{"damage":3,"enemies":"Jaw Worm","floor":4,"turns":4},{"damage":0,"enemies":"Cultist","floor":5,"turns":3},{"damage":26,"enemies":"3 Sentries","floor":6,"turns":7},{"damage":16,"enemies":"Gremlin Nob","floor":12,"turns":3},{"damage":1,"enemies":"Gremlin Gang","floor":13,"turns":4},{"damage":7,"enemies":"The Mushroom Lair","floor":14,"turns":5},{"damage":33,"enemies":"Slime Boss","floor":16,"turns":14},{"damage":19,"enemies":"2 Thieves","floor":18,"turns":5},{"damage":0,"enemies":"Shell Parasite","floor":19,"turns":5},{"damage":0,"enemies":"Cultist and Chosen","floor":22,"turns":8},{"damage":17,"enemies":"Slavers","floor":24,"turns":5},{"damage":15,"enemies":"Gremlin Leader","floor":27,"turns":6},{"damage":0,"enemies":"Centurion and Healer","floor":29,"turns":7},{"damage":13,"enemies":"3 Cultists","floor":30,"turns":5},{"damage":5,"enemies":"Snecko","floor":31,"turns":5},{"damage":23,"enemies":"Champ","floor":33,"turns":12},{"damage":0,"enemies":"Flame Bruiser 1 Orb","floor":35,"turns":7},{"damage":0,"enemies":"Orb Walker","floor":37,"turns":3},{"damage":10,"enemies":"4 Shapes","floor":38,"turns":6},{"damage":11,"enemies":"3 Darklings","floor":39,"turns":7},{"damage":20,"enemies":"Sphere and 2 Shapes","floor":45,"turns":4},{"damage":4,"enemies":"4 Shapes","floor":46,"turns":5},{"damage":46,"enemies":"2 Orb Walkers","floor":48,"turns":5}],"seed_played":"-6556176746497636840","potions_obtained":[{"floor":1,"key":"Energy Potion"},{"floor":5,"key":"FocusPotion"},{"floor":13,"key":"FocusPotion"},{"floor":14,"key":"Energy Potion"},{"floor":19,"key":"AttackPotion"},{"floor":22,"key":"Block Potion"},{"floor":24,"key":"SkillPotion"},{"floor":27,"key":"AttackPotion"},{"floor":28,"key":"SkillPotion"}],"is_trial":false,"path_per_floor":["M","?","$","M","M","E","R","$","T","$","$","E","M","?","R","B",null,"M","M","?","?","M","R","E","R","T","E","?","M","M","M","R","B",null,"M","$","M","M","M","R","?","?","T","R","M","M","R"],"character_chosen":"DEFECT","items_purchased":["Ball Lightning","Steam","Stack","Defragment","Ball Lightning","Oddly Smooth Stone","Happy Flower"],"campfire_rested":5,"item_purchase_floors":[3,3,3,8,8,36,36],"current_hp_per_floor":[50,43,43,40,40,14,36,36,36,36,36,20,19,12,34,1,57,38,38,38,38,38,38,21,43,43,28,28,28,15,10,32,9,59,59,59,59,49,38,38,38,38,38,38,18,14,36,0],"gold":58,"neow_bonus":"TWO_FIFTY_GOLD","is_prod":false,"is_daily":false,"chose_seed":false,"campfire_upgraded":3,"win_rate":0,"timestamp":1535078855,"path_taken":["M","?","$","M","M","E","R","$","T","?","$","E","M","?","R","BOSS","M","M","?","?","M","R","E","R","T","E","?","M","M","?","R","BOSS","M","$","M","M","M","R","?","?","T","R","M","M","R","E"],"build_version":"2018-08-23","purchased_purges":3,"victory":false,"max_hp_per_floor":[75,75,75,75,75,75,75,75,75,75,75,75,75,75,75,75,75,75,75,75,75,75,75,75,75,75,75,75,75,75,75,75,75,75,75,75,75,75,75,75,75,75,75,75,75,75,75,75],"card_choices":[{"not_picked":["Doom and Gloom","Go for the Eyes"],"picked":"Capacitor","floor":1},{"not_picked":["Turbo","Hello World"],"picked":"Coolheaded","floor":4},{"not_picked":["Rebound","Gash"],"picked":"Compile Driver","floor":5},{"not_picked":["Gash","Rip and Tear"],"picked":"Glacier","floor":6},{"not_picked":["Stack","Compile Driver"],"picked":"Coolheaded","floor":12},{"not_picked":["Thunder Strike","Doom and Gloom","Double Energy"],"picked":"SKIP","floor":13},{"not_picked":["Steam","Stack"],"picked":"Conserve Battery","floor":14},{"not_picked":["Hyperbeam","Rainbow"],"picked":"Seek","floor":16},{"not_picked":[],"picked":"Barrage+1","floor":18},{"not_picked":[],"picked":"Conserve Battery","floor":19},{"not_picked":["Hologram"],"picked":"SKIP","floor":22},{"not_picked":["Multi-Cast"],"picked":"SKIP","floor":24},{"not_picked":[],"picked":"Steam+1","floor":27},{"not_picked":["Storm"],"picked":"SKIP","floor":29},{"not_picked":["Turbo"],"picked":"SKIP","floor":30},{"not_picked":["Chill"],"picked":"SKIP","floor":31},{"not_picked":["Streamline+1"],"picked":"SKIP","floor":35},{"not_picked":[],"picked":"Double Energy+1","floor":37},{"not_picked":["Rebound+1"],"picked":"SKIP","floor":38},{"not_picked":["Undo"],"picked":"SKIP","floor":39},{"not_picked":["Chill"],"picked":"SKIP","floor":45},{"not_picked":["Rebound+1"],"picked":"SKIP","floor":46}],"player_experience":187979,"relics_obtained":[{"floor":6,"key":"Blue Candle"},{"floor":9,"key":"Kunai"},{"floor":12,"key":"Bottled Tornado"},{"floor":14,"key":"Odd Mushroom"},{"floor":24,"key":"DataDisk"},{"floor":26,"key":"Molten Egg 2"},{"floor":27,"key":"Boot"},{"floor":43,"key":"Bronze Scales"}],"event_choices":[{"event_name":"Golden Wing","player_choice":"Card Removal","floor":2,"damage_taken":0},{"event_name":"Mushrooms","player_choice":"Fought Mushrooms","floor":14,"damage_taken":0},{"event_name":"Nest","player_choice":"Stole From Cult","floor":20,"damage_taken":0},{"event_name":"The Library","player_choice":"Read","floor":21,"damage_taken":0},{"event_name":"The Woman in Blue","player_choice":"Bought 1 Potion","floor":28,"damage_taken":0},{"event_name":"Tomb of Lord Red Mask","player_choice":"Paid","floor":41,"damage_taken":0},{"event_name":"Wheel of Change","player_choice":"Card Removal","floor":42,"damage_taken":0}],"is_beta":false,"boss_relics":[{"not_picked":["Eternal Feather","Pandora\u0027s Box"],"picked":"Busted Crown"},{"not_picked":["Tiny House","Black Star"],"picked":"Nuclear Battery"}],"items_purged_floors":[3,8,36],"is_endless":false,"potions_floor_spawned":[1,5,13,14,19,22,24,27,31],"killed_by":"2 Orb Walkers","ascension_level":6}