{"gold_per_floor":[213,67,80,80,92,92,92,92,161,161,191,207,207,219,219,322,322,336,354,366,376,376],"floor_reached":22,"playtime":1415,"items_purged":["Strike_G"],"score":209,"play_id":"d70de4ed-b1c1-461c-b7f4-a40758ebfcc7","local_time":"20180823161317","is_ascension_mode":true,"campfire_choices":[{"data":"Infinite Blades","floor":6,"key":"SMITH"},{"data":"Accuracy","floor":8,"key":"SMITH"},{"data":"Survivor","floor":10,"key":"SMITH"},{"floor":15,"key":"REST"}],"neow_cost":"NONE","seed_source_timestamp":650521278998094,"circlet_count":0,"master_deck":["Defend_G","Defend_G","Defend_G","Defend_G","Defend_G","Strike_G","Strike_G","Strike_G","Strike_G","Survivor+1","Neutralize+1","Infinite Blades+1","Accuracy+1","Infinite Blades+1","Infinite Blades","Backflip","A Thousand Cuts"],"relics":["Ring of the Snake","Pear","Centennial Puzzle","Busted Crown"],"potions_floor_usage":[13],"damage_taken":[{"damage":4,"enemies":"Cultist","floor":1,"turns":5},{"damage":1,"enemies":"2 Louse","floor":3,"turns":3},{"damage":0,"enemies":"Small Slimes","floor":5,"turns":5},{"damage":15,"enemies":"Gremlin Nob","floor":11,"turns":4},{"damage":15,"enemies":"3 Louse","floor":12,"turns":4},{"damage":0,"enemies":"Exordium Thugs","floor":13,"turns":1},{"damage":28,"enemies":"Lots of Slimes","floor":14,"turns":6},{"damage":22,"enemies":"Slime Boss","floor":16,"turns":9},{"damage":6,"enemies":"Spheric Guardian","floor":18,"turns":4},{"damage":7,"enemies":"Chosen","floor":19,"turns":4},{"damage":34,"enemies":"Shelled Parasite and Fungi","floor":20,"turns":7},{"damage":23,"enemies":"Sentry and Sphere","floor":21,"turns":6},{"damage":14,"floor":22,"turns":2}],"seed_played":"4864688336681472494","potions_obtained":[{"floor":5,"key":"SmokeBomb"},{"floor":11,"key":"Dexterity Potion"},{"floor":16,"key":"AttackPotion"},{"floor":19,"key":"Energy Potion"}],"is_trial":false,"path_per_floor":["M","$","M","?","M","R","?","R","T","R","E","M","M","M","R","B",null,"M","M","M","M"],"character_chosen":"THE_SILENT","items_purchased":["Accuracy"],"campfire_rested":1,"item_purchase_floors":[2],"current_hp_per_floor":[66,66,65,65,65,65,65,65,75,75,60,45,45,17,41,19,80,74,67,33,10,0],"gold":376,"neow_bonus":"HUNDRED_GOLD","is_prod":false,"is_daily":false,"chose_seed":false,"campfire_upgraded":3,"win_rate":0,"timestamp":1535055197,"path_taken":["M","$","M","?","M","R","?","R","T","R","E","?","M","?","R","BOSS","M","M","M","M","?"],"build_version":"2018-08-16","purchased_purges":1,"victory":false,"max_hp_per_floor":[70,70,70,70,70,70,70,70,80,80,80,80,80,80,80,80,80,80,80,80,80,80],"card_choices":[{"not_picked":["Flying Knee","Prepared"],"picked":"Infinite Blades","floor":1},{"not_picked":["Terror","Deadly Poison","Outmaneuver"],"picked":"SKIP","floor":3},{"not_picked":["All Out Attack","Poisoned Stab"],"picked":"Infinite Blades","floor":5},{"not_picked":["Deadly Poison","Unload"],"picked":"Infinite Blades","floor":11},{"not_picked":["Setup","Sucker Punch","Flying Knee"],"picked":"SKIP","floor":12},{"not_picked":["PiercingWail","Sucker Punch"],"picked":"Backflip","floor":14},{"not_picked":["Corpse Explosion","Night Terror"],"picked":"A Thousand Cuts","floor":16},{"not_picked":["Dagger Throw"],"picked":"SKIP","floor":18},{"not_picked":["Skewer"],"picked":"SKIP","floor":19},{"not_picked":["Sucker Punch"],"picked":"SKIP","floor":20},{"not_picked":["Expertise"],"picked":"SKIP","floor":21}],"player_experience":166497,"relics_obtained":[{"floor":9,"key":"Pear"},{"floor":11,"key":"Centennial Puzzle"}],"event_choices":[{"event_name":"Living Wall","player_choice":"Grow","floor":4,"damage_taken":0},{"event_name":"Upgrade Shrine","player_choice":"Upgraded","floor":7,"damage_taken":0},{"event_name":"Masked Bandits","player_choice":"Fought Bandits","floor":22,"damage_taken":0}],"is_beta":false,"boss_relics":[{"not_picked":["Calling Bell","Empty Cage"],"picked":"Busted Crown"}],"items_purged_floors":[2],"is_endless":false,"potions_floor_spawned":[5,11,16,19],"ascension_level":2}