{"gold_per_floor":[214,214,184,209,8,8,33,72,98,98,133,133,133,172,172,271,271,287,265],"floor_reached":19,"playtime":743,"items_purged":["Strike_B"],"score":370,"play_id":"ffa51a60-8a87-42af-acfe-e37e9e6ecd0a","local_time":"20190309014940","is_ascension_mode":true,"campfire_choices":[{"data":"Zap","floor":6,"key":"SMITH"},{"data":"Defragment","floor":10,"key":"SMITH"},{"data":"Recycle","floor":15,"key":"SMITH"}],"neow_cost":"NONE","seed_source_timestamp":20523980732268,"circlet_count":0,"master_deck":["AscendersBane","Strike_B","Strike_B","Defend_B","Defend_B","Defend_B","Defend_B","Zap+1","Dualcast","Gash","Cold Snap","Scrape","Defragment+1","Biased Cognition","Seek","Conserve Battery","Genetic Algorithm","Recycle+1","Buffer","White Noise"],"relics":["Cracked Core","Golden Idol","Regal Pillow","Bag of Preparation","Mercury Hourglass","Dream Catcher","Black Star"],"potions_floor_usage":[18],"damage_taken":[{"damage":0,"enemies":"2 Louse","floor":1,"turns":2},{"damage":1,"enemies":"Cultist","floor":4,"turns":4},{"damage":2,"enemies":"Small Slimes","floor":7,"turns":3},{"damage":8,"enemies":"Lagavulin","floor":8,"turns":6},{"damage":1,"enemies":"Gremlin Nob","floor":11,"turns":3},{"damage":13,"enemies":"3 Sentries","floor":14,"turns":7},{"damage":36,"enemies":"The Guardian","floor":16,"turns":12},{"damage":17,"enemies":"3 Byrds","floor":18,"turns":3},{"damage":27,"enemies":"2 Thieves","floor":19,"turns":4}],"seed_played":"7764295469358392602","potions_obtained":[{"floor":3,"key":"Explosive Potion"},{"floor":3,"key":"EntropicBrew"},{"floor":4,"key":"Swift Potion"},{"floor":18,"key":"PowerPotion"}],"is_trial":false,"path_per_floor":["M","?","?","M","$","R","M","E","T","R","E","?","?","E","R","B",null,"M","M"],"character_chosen":"DEFECT","items_purchased":["Scrape","Defragment"],"campfire_rested":0,"item_purchase_floors":[5,5],"current_hp_per_floor":[64,64,64,63,63,63,61,53,53,53,52,57,57,44,44,8,54,37,10],"gold":265,"neow_bonus":"HUNDRED_GOLD","is_prod":false,"is_daily":false,"chose_seed":false,"campfire_upgraded":3,"win_rate":0,"timestamp":1552114180,"path_taken":["M","?","?","?","$","R","M","E","T","R","E","?","?","E","R","BOSS","M","?"],"build_version":"2019-01-23","purchased_purges":1,"victory":false,"max_hp_per_floor":[71,64,64,64,64,64,64,64,64,64,64,69,69,69,69,69,69,69,69],"card_choices":[{"not_picked":["Streamline","Barrage"],"picked":"Gash","floor":1},{"not_picked":["Compile Driver","Stack"],"picked":"Cold Snap","floor":4},{"not_picked":["Compile Driver","Beam Cell"],"picked":"Biased Cognition","floor":7},{"not_picked":["Turbo","Hologram"],"picked":"Seek","floor":8},{"not_picked":["Undo","Compile Driver"],"picked":"Conserve Battery","floor":11},{"not_picked":["Self Repair","Skim"],"picked":"Recycle","floor":14},{"not_picked":["Amplify","Seek"],"picked":"Buffer","floor":16},{"not_picked":["Go for the Eyes","Streamline"],"picked":"White Noise","floor":18},{"not_picked":["Skim","FTL","Hello World"],"picked":"SKIP","floor":19}],"player_experience":827854,"relics_obtained":[{"floor":8,"key":"Regal Pillow"},{"floor":9,"key":"Bag of Preparation"},{"floor":11,"key":"Mercury Hourglass"},{"floor":14,"key":"Dream Catcher"}],"event_choices":[{"damage_healed":0,"gold_gain":0,"player_choice":"Lose Max HP","damage_taken":0,"relics_obtained":["Golden Idol"],"max_hp_gain":0,"max_hp_loss":7,"event_name":"Golden Idol","floor":2,"gold_loss":0},{"damage_healed":0,"gold_gain":0,"player_choice":"Bought 2 Potions","damage_taken":0,"max_hp_gain":0,"max_hp_loss":0,"event_name":"The Woman in Blue","floor":3,"gold_loss":0},{"damage_healed":0,"gold_gain":0,"player_choice":"Donut","damage_taken":0,"max_hp_gain":5,"max_hp_loss":0,"event_name":"Big Fish","floor":12,"gold_loss":0},{"damage_healed":0,"gold_gain":0,"cards_transformed":["Strike_B"],"player_choice":"Transformed","damage_taken":0,"max_hp_gain":0,"max_hp_loss":0,"event_name":"Transmorgrifier","floor":13,"gold_loss":0,"cards_obtained":["Genetic Algorithm"]}],"is_beta":false,"boss_relics":[{"not_picked":["Busted Crown","Cursed Key"],"picked":"Black Star"}],"items_purged_floors":[5],"is_endless":false,"potions_floor_spawned":[4,7,18],"killed_by":"2 Thieves","ascension_level":20}