{"gold_per_floor":[119,132,143,160,10,40,40,69,69,89,89,89,89,124,124,124],"floor_reached":16,"playtime":770,"items_purged":["Strike_R"],"score":240,"play_id":"8340ad16-b9b4-4b34-88a0-bd4a59b4c8be","local_time":"20190628095429","is_ascension_mode":true,"campfire_choices":[{"data":"Body Slam","floor":7.0,"key":"SMITH"},{"data":"Bash","floor":11.0,"key":"SMITH"},{"floor":13.0,"key":"REST"},{"data":"Shockwave","floor":15.0,"key":"SMITH"}],"neow_cost":"NONE","seed_source_timestamp":1110979374537094,"circlet_count":0,"master_deck":["AscendersBane","Strike_R","Strike_R+1","Strike_R","Strike_R","Defend_R","Defend_R","Defend_R","Defend_R","Bash+1","Body Slam+1","Pommel Strike","Shrug It Off","Evolve","Shrug It Off","Anger","Shockwave+1","Uppercut+1"],"special_seed":0,"relics":["Burning Blood","Bag of Preparation","Omamori","Whetstone","Gremlin Horn","Question Card"],"potions_floor_usage":[],"damage_taken":[{"damage":2.0,"enemies":"Cultist","floor":1.0,"turns":4.0},{"damage":28.0,"enemies":"Jaw Worm","floor":2.0,"turns":6.0},{"damage":9.0,"enemies":"2 Louse","floor":3.0,"turns":3.0},{"damage":0.0,"enemies":"2 Fungi Beasts","floor":4.0,"turns":5.0},{"damage":26.0,"enemies":"3 Sentries","floor":6.0,"turns":8.0},{"damage":19.0,"enemies":"Gremlin Nob","floor":8.0,"turns":4.0},{"damage":5.0,"enemies":"Gremlin Gang","floor":10.0,"turns":5.0},{"damage":27.0,"enemies":"3 Sentries","floor":14.0,"turns":6.0},{"damage":31,"enemies":"The Guardian","floor":16,"turns":14}],"seed_played":"243565670620888833","potions_obtained":[{"floor":2.0,"key":"Ancient Potion"},{"floor":4.0,"key":"Energy Potion"},{"floor":10.0,"key":"SpeedPotion"}],"is_trial":false,"path_per_floor":["M","M","M","M","$","E","R","E","T","M","R","T","R","E","R","B"],"character_chosen":"IRONCLAD","items_purchased":["Shrug It Off","Anger"],"campfire_rested":1,"item_purchase_floors":[5,5],"current_hp_per_floor":[79,57,54,60,60,40,40,27,27,28,28,28,52,31,31,0],"gold":124,"neow_bonus":"TEN_PERCENT_HP_BONUS","is_prod":false,"is_daily":false,"chose_seed":false,"campfire_upgraded":3,"win_rate":0,"timestamp":1561730069,"path_taken":["M","M","M","M","$","E","R","E","T","M","R","?","R","E","R","BOSS"],"build_version":"2019-01-23","purchased_purges":1,"victory":false,"max_hp_per_floor":[82,82,82,82,82,82,82,82,82,82,82,82,82,82,82,82],"card_choices":[{"not_picked":["True Grit","Flex"],"picked":"Body Slam","floor":1.0},{"not_picked":["Body Slam","Second Wind"],"picked":"Pommel Strike","floor":2.0},{"not_picked":["Iron Wave","Pommel Strike"],"picked":"Shrug It Off","floor":3.0},{"not_picked":["Intimidate","Heavy Blade"],"picked":"Evolve","floor":4.0},{"not_picked":["Body Slam","Exhume"],"picked":"Shockwave","floor":6.0},{"not_picked":["Ghostly Armor","Power Through"],"picked":"Uppercut","floor":8.0},{"not_picked":["Pommel Strike","Heavy Blade","Clash"],"picked":"SKIP","floor":10.0},{"not_picked":["Infernal Blade","Flex","Anger"],"picked":"SKIP","floor":14.0}],"player_experience":1567956,"relics_obtained":[{"floor":6.0,"key":"Bag of Preparation"},{"floor":8.0,"key":"Omamori"},{"floor":9.0,"key":"Whetstone"},{"floor":12.0,"key":"Gremlin Horn"},{"floor":14.0,"key":"Question Card"}],"event_choices":[],"is_beta":false,"boss_relics":[],"items_purged_floors":[5],"is_endless":false,"potions_floor_spawned":[2,4,10],"killed_by":"The Guardian","ascension_level":20}