{"gold_per_floor":[217,234,234,234,234,234,248,248,248,289,136,161,161,180,180,310,310,281,35,35,55,55,93,93,93,93,93,109,132,132,145,145,270,270,291,624,624],"floor_reached":37,"playtime":2277,"items_purged":["Defend_G"],"score":494,"play_id":"53b33ace-2263-4e30-905c-b30eda41fbd2","local_time":"20180823215835","is_ascension_mode":true,"campfire_choices":[{"data":"Neutralize","floor":6,"key":"SMITH"},{"data":"Acrobatics","floor":8,"key":"SMITH"},{"data":"Footwork","floor":13,"key":"SMITH"},{"floor":15,"key":"REST"},{"data":"Deadly Poison","floor":24,"key":"SMITH"},{"data":"Footwork","floor":27,"key":"SMITH"},{"floor":30,"key":"REST"},{"data":"Catalyst","floor":32,"key":"SMITH"}],"neow_cost":"NONE","seed_source_timestamp":670375590723125,"circlet_count":0,"master_deck":["Defend_G","Defend_G","Defend_G","Defend_G","Strike_G","Strike_G","Strike_G","Survivor","Neutralize+1","Acrobatics+1","Deflect","Footwork+1","Escape Plan","Poisoned Stab","Catalyst+1","Footwork+1","Tactician","Deadly Poison+1","Doubt","Deflect+1","Catalyst+1","Acrobatics+1"],"relics":["Ring of the Snake","Bottled Lightning","Ornamental Fan","Cursed Key","Bottled Tornado","Strawberry","Gambling Chip","Velvet Choker"],"potions_floor_usage":[23,23,28,35,35],"damage_taken":[{"damage":3,"enemies":"Small Slimes","floor":1,"turns":4},{"damage":0,"enemies":"Cultist","floor":2,"turns":4},{"damage":1,"enemies":"2 Louse","floor":7,"turns":5},{"damage":36,"enemies":"Gremlin Nob","floor":10,"turns":6},{"damage":1,"enemies":"Large Slime","floor":12,"turns":11},{"damage":4,"enemies":"Gremlin Gang","floor":14,"turns":7},{"damage":21,"enemies":"The Guardian","floor":16,"turns":16},{"damage":7,"enemies":"2 Thieves","floor":18,"turns":5},{"damage":2,"enemies":"Spheric Guardian","floor":21,"turns":8},{"damage":18,"enemies":"Book of Stabbing","floor":23,"turns":10},{"damage":30,"enemies":"Chosen and Byrds","floor":28,"turns":7},{"damage":1,"enemies":"Centurion and Healer","floor":29,"turns":9},{"damage":0,"enemies":"Snake Plant","floor":31,"turns":3},{"damage":24,"enemies":"Champ","floor":33,"turns":13},{"damage":24,"enemies":"3 Darklings","floor":35,"turns":8},{"damage":64,"enemies":"Mysterious Sphere","floor":37,"turns":5}],"seed_played":"-8458608236580961402","potions_obtained":[{"floor":14,"key":"AttackPotion"},{"floor":16,"key":"Fire Potion"},{"floor":18,"key":"Weak Potion"},{"floor":28,"key":"Explosive Potion"},{"floor":29,"key":"FearPotion"}],"is_trial":false,"path_per_floor":["M","M","?","?","?","R","M","R","T","E","$","M","R","M","R","B",null,"M","$","?","M","?","E","R","?","T","R","M","M","R","M","R","B",null,"M","?"],"character_chosen":"THE_SILENT","items_purchased":["Escape Plan","Bottled Tornado"],"campfire_rested":2,"item_purchase_floors":[11,19],"current_hp_per_floor":[67,67,67,72,69,69,68,68,68,32,32,31,31,27,47,26,69,62,62,62,60,60,49,49,49,49,49,19,18,40,40,40,16,76,52,52,0],"gold":624,"neow_bonus":"HUNDRED_GOLD","is_prod":false,"is_daily":false,"chose_seed":false,"campfire_upgraded":6,"win_rate":0,"timestamp":1535075915,"path_taken":["M","M","?","?","?","R","M","R","T","E","$","?","R","M","R","BOSS","M","$","?","M","?","E","R","?","T","R","M","M","R","?","R","BOSS","M","?","?"],"build_version":"2018-08-23","purchased_purges":1,"victory":false,"max_hp_per_floor":[70,70,70,75,69,69,69,69,69,69,69,69,69,69,69,69,69,69,69,69,69,69,76,76,76,76,76,76,76,76,76,76,76,76,76,76,76],"card_choices":[{"not_picked":["Backflip","Flying Knee"],"picked":"Acrobatics","floor":1},{"not_picked":["Dodge and Roll","Setup"],"picked":"Deflect","floor":2},{"not_picked":["Caltrops","All Out Attack","Underhanded Strike"],"picked":"SKIP","floor":7},{"not_picked":["Dodge and Roll","After Image"],"picked":"Footwork","floor":10},{"not_picked":["Sucker Punch","Dagger Throw"],"picked":"Poisoned Stab","floor":12},{"not_picked":["Outmaneuver","Bouncing Flask"],"picked":"Catalyst","floor":14},{"not_picked":["Accuracy","Dagger Spray"],"picked":"Footwork","floor":18},{"not_picked":["Expertise","Prepared"],"picked":"Tactician","floor":21},{"not_picked":["Prepared","Bane"],"picked":"Deadly Poison","floor":23},{"not_picked":["Eviscerate+1","Poisoned Stab"],"picked":"Deflect+1","floor":28},{"not_picked":["Heel Hook","PiercingWail"],"picked":"Catalyst+1","floor":29},{"not_picked":["Backflip","Acrobatics","Flying Knee+1"],"picked":"SKIP","floor":31},{"not_picked":["Dagger Throw+1","Backflip"],"picked":"Acrobatics+1","floor":35}],"player_experience":185702,"relics_obtained":[{"floor":9,"key":"Bottled Lightning"},{"floor":10,"key":"Ornamental Fan"},{"floor":23,"key":"Strawberry"},{"floor":26,"key":"Gambling Chip"}],"event_choices":[{"event_name":"Liars Game","player_choice":"disagreed","floor":3,"damage_taken":0},{"event_name":"Big Fish","player_choice":"Donut","floor":4,"damage_taken":0},{"event_name":"Golden Idol","player_choice":"Lose Max HP","floor":5,"damage_taken":0},{"event_name":"Ghosts","player_choice":"Ignored","floor":20,"damage_taken":0},{"event_name":"Purifier","player_choice":"One Purge","floor":22,"damage_taken":0},{"event_name":"Bonfire Elementals","player_choice":"BASIC","floor":25,"damage_taken":0},{"event_name":"The Moai Head","player_choice":"Gave Idol","floor":36,"damage_taken":0},{"event_name":"Mysterious Sphere","player_choice":"Fight","floor":37,"damage_taken":0}],"is_beta":false,"boss_relics":[{"not_picked":["Astrolabe","Snecko Eye"],"picked":"Cursed Key"},{"not_picked":["Runic Dome","Calling Bell"],"picked":"Velvet Choker"}],"items_purged_floors":[11],"is_endless":false,"potions_floor_spawned":[14,16,18,21,28,29],"killed_by":"Mysterious Sphere","ascension_level":4}