{"gold_per_floor":[113,113,113,127,4,4,39,39,66,97,97,125,137,154,154,251,251,271,271,17,30,50,50,85,85,85,85,85,102,120,120,120,222,222,242,7,21,21,34,34,34,34,34,53,0,0,0,0,0,0],"floor_reached":50,"playtime":2245,"items_purged":["Strike_R","Strike_R"],"score":501,"play_id":"57d988b1-7114-4a6b-9e3c-e31cf190ce04","local_time":"20190715192424","is_ascension_mode":false,"campfire_choices":[{"data":"Bash","floor":6,"key":"SMITH"},{"data":"Shrug It Off","floor":8,"key":"SMITH"},{"floor":15,"key":"REST"},{"data":"Searing Blow","floor":23,"key":"SMITH"},{"data":"Searing Blow+1","floor":25,"key":"SMITH"},{"data":"Searing Blow+2","floor":28,"key":"SMITH"},{"floor":32,"key":"REST"},{"floor":40,"key":"REST"},{"floor":49,"key":"REST"}],"neow_cost":"NONE","seed_source_timestamp":41797882514967,"circlet_count":0,"master_deck":["Strike_R+1","Defend_R+1","Defend_R","Defend_R","Bash+1","Dropkick","Shockwave","Shrug It Off+1","Disarm","Pommel Strike","Armaments+1","Searing Blow+3","Limit Break+1","Ghostly Armor+1","Infernal Blade+1","Cleave+1","Disarm+1","Flex+1","Anger","Bludgeon","Shrug It Off+1","Entrench+1","Magnetism","Bloodletting+1","Impervious+1","Headbutt","Decay","Madness+1","Madness+1","Pommel Strike+1","Bite"],"relics":["Burning Blood","Vajra","Bag of Preparation","Smiling Mask","Kunai","Toxic Egg 2","Philosopher\u0027s Stone","Lee\u0027s Waffle","Mummified Hand","Sundial","Fusion Hammer","Juzu Bracelet","Darkstone Periapt","Red Mask","Strawberry"],"potions_floor_usage":[16,24,33,33,33,39,50,50],"damage_taken":[{"damage":5,"enemies":"Small Slimes","floor":1,"turns":5},{"damage":5,"enemies":"Jaw Worm","floor":4,"turns":3},{"damage":17,"enemies":"Gremlin Nob","floor":7,"turns":5},{"damage":5,"enemies":"Lagavulin","floor":10,"turns":6},{"damage":15,"enemies":"Gremlin Nob","floor":12,"turns":4},{"damage":3,"enemies":"2 Louse","floor":13,"turns":2},{"damage":10,"enemies":"Blue Slaver","floor":14,"turns":3},{"damage":8,"enemies":"The Guardian","floor":16,"turns":13},{"damage":16,"enemies":"Shell Parasite","floor":18,"turns":6},{"damage":6,"enemies":"3 Byrds","floor":21,"turns":6},{"damage":0,"enemies":"Snake Plant","floor":22,"turns":4},{"damage":34,"enemies":"Gremlin Leader","floor":24,"turns":5},{"damage":13,"enemies":"3 Cultists","floor":29,"turns":4},{"damage":4,"enemies":"Snecko","floor":30,"turns":3},{"damage":15,"enemies":"Collector","floor":33,"turns":6},{"damage":33,"enemies":"3 Darklings","floor":35,"turns":6},{"damage":1,"enemies":"Orb Walker","floor":37,"turns":3},{"damage":1,"enemies":"Jaw Worm Horde","floor":39,"turns":4},{"damage":28,"enemies":"4 Shapes","floor":44,"turns":7},{"damage":93,"enemies":"Donu and Deca","floor":50,"turns":9}],"seed_played":"3913183269019148760","potions_obtained":[{"floor":1,"key":"Weak Potion"},{"floor":7,"key":"PowerPotion"},{"floor":12,"key":"Swift Potion"},{"floor":14,"key":"Dexterity Potion"},{"floor":22,"key":"Poison Potion"},{"floor":24,"key":"AttackPotion"},{"floor":29,"key":"SkillPotion"},{"floor":33,"key":"PowerPotion"},{"floor":35,"key":"FearPotion"},{"floor":37,"key":"SkillPotion"}],"is_trial":false,"path_per_floor":["M","?","?","M","$","R","E","R","T","E","T","E","M","M","R","B",null,"M","?","$","M","M","R","E","R","T","?","R","M","M","?","R","B",null,"M","$","M","?","M","R","?","?","T","M","?","?","T","?","R","B"],"character_chosen":"IRONCLAD","items_purchased":["Shrug It Off","Lee\u0027s Waffle","Jack Of All Trades+1","Juzu Bracelet"],"campfire_rested":4,"item_purchase_floors":[5,20,36,36],"current_hp_per_floor":[80,64,57,58,58,58,47,47,47,48,48,39,42,38,62,60,80,70,70,87,87,87,87,59,59,59,59,59,52,54,54,80,71,87,60,60,65,60,65,87,87,76,76,54,54,54,61,61,89,0],"gold":0,"neow_bonus":"REMOVE_CARD","is_prod":false,"is_daily":false,"chose_seed":false,"campfire_upgraded":5,"win_rate":0.0,"timestamp":1563233064,"path_taken":["M","?","?","M","?","R","E","R","T","E","?","E","?","M","R","BOSS","M","?","$","M","M","R","E","R","T","?","R","M","M","?","R","BOSS","M","$","M","?","M","R","?","?","T","M","?","?","?","?","R","BOSS"],"build_version":"2019-07-05","purchased_purges":2,"victory":false,"max_hp_per_floor":[80,80,80,80,80,80,80,80,80,80,80,80,80,80,80,80,80,80,80,87,87,87,87,87,87,87,87,87,87,87,87,87,87,87,87,87,87,87,87,87,87,87,87,87,87,87,94,94,94,94],"card_choices":[{"not_picked":["Iron Wave","Clothesline"],"picked":"Dropkick","floor":1},{"not_picked":["Armaments","Flex"],"picked":"Shockwave","floor":4},{"not_picked":["Burning Pact","Reckless Charge","Carnage"],"picked":"SKIP","floor":7},{"not_picked":["Sentinel","Juggernaut"],"picked":"Disarm","floor":10},{"not_picked":["Bludgeon","Iron Wave"],"picked":"Pommel Strike","floor":12},{"not_picked":["Rupture","Thunderclap"],"picked":"Armaments+1","floor":13},{"not_picked":["Anger","Wild Strike"],"picked":"Searing Blow","floor":14},{"not_picked":["Berserk","Brutality"],"picked":"Limit Break+1","floor":16},{"not_picked":["Pummel","Rupture"],"picked":"Ghostly Armor+1","floor":18},{"not_picked":["Headbutt","Fire Breathing"],"picked":"Cleave+1","floor":21},{"not_picked":["Havoc+1","Body Slam+1"],"picked":"Disarm+1","floor":22},{"not_picked":["Headbutt+1","Hemokinesis","Corruption"],"picked":"SKIP","floor":24},{"not_picked":["Anger","Shrug It Off+1"],"picked":"Flex+1","floor":29},{"not_picked":["Iron Wave","Clash","Dual Wield+1"],"picked":"SKIP","floor":30},{"not_picked":["Fiend Fire","Impervious+1"],"picked":"Bludgeon","floor":33},{"not_picked":["Flex+1","Armaments+1"],"picked":"Shrug It Off+1","floor":35},{"not_picked":["Cleave+1","Perfected Strike"],"picked":"Entrench+1","floor":37},{"not_picked":["Thinking Ahead+1","Jack Of All Trades+1"],"picked":"Magnetism","floor":38},{"not_picked":["Rupture","Clash+1"],"picked":"Bloodletting+1","floor":39},{"not_picked":["Clothesline","Iron Wave+1"],"picked":"Pommel Strike+1","floor":44}],"player_experience":63181,"relics_obtained":[{"floor":7,"key":"Vajra"},{"floor":9,"key":"Bag of Preparation"},{"floor":10,"key":"Smiling Mask"},{"floor":11,"key":"Kunai"},{"floor":12,"key":"Toxic Egg 2"},{"floor":24,"key":"Mummified Hand"},{"floor":26,"key":"Sundial"},{"floor":43,"key":"Darkstone Periapt"},{"floor":47,"key":"Strawberry"}],"event_choices":[{"damage_healed":0,"gold_gain":0,"player_choice":"Entered Light","damage_taken":16,"max_hp_gain":0,"max_hp_loss":0,"event_name":"Shining Light","floor":2,"gold_loss":0,"cards_upgraded":["Defend_R","Strike_R"]},{"cards_removed":["Strike_R"],"damage_healed":0,"gold_gain":0,"player_choice":"Card Removal","damage_taken":7,"max_hp_gain":0,"max_hp_loss":0,"event_name":"Golden Wing","floor":3,"gold_loss":0},{"damage_healed":0,"gold_gain":0,"player_choice":"Read","damage_taken":0,"max_hp_gain":0,"max_hp_loss":0,"event_name":"The Library","floor":19,"gold_loss":0,"cards_obtained":["Infernal Blade"]},{"damage_healed":0,"gold_gain":0,"player_choice":"Ignored","damage_taken":0,"max_hp_gain":0,"max_hp_loss":0,"event_name":"The Mausoleum","floor":27,"gold_loss":0},{"damage_healed":0,"gold_gain":0,"cards_transformed":["Defend_R"],"player_choice":"Transformed","damage_taken":0,"max_hp_gain":0,"max_hp_loss":0,"event_name":"Transmorgrifier","floor":31,"gold_loss":0,"cards_obtained":["Anger"]},{"damage_healed":0,"gold_gain":0,"player_choice":"Memory 2","damage_taken":5,"max_hp_gain":0,"max_hp_loss":0,"event_name":"SensoryStone","floor":38,"gold_loss":0},{"damage_healed":0,"gold_gain":0,"player_choice":"3 cards matched","damage_taken":0,"max_hp_gain":0,"max_hp_loss":0,"event_name":"Match and Keep!","floor":41,"gold_loss":0,"cards_obtained":["Impervious","Headbutt","Decay"]},{"damage_healed":0,"gold_gain":0,"player_choice":"Embrace Madness","damage_taken":11,"max_hp_gain":0,"max_hp_loss":0,"event_name":"Winding Halls","floor":42,"gold_loss":0,"cards_obtained":["Madness","Madness"]},{"damage_healed":0,"gold_gain":0,"player_choice":"Paid","damage_taken":0,"relics_obtained":["Red Mask"],"max_hp_gain":0,"max_hp_loss":0,"event_name":"Tomb of Lord Red Mask","floor":45,"gold_loss":53},{"damage_healed":0,"gold_gain":0,"player_choice":"Ignored","damage_taken":0,"max_hp_gain":0,"max_hp_loss":0,"event_name":"Mysterious Sphere","floor":46,"gold_loss":0},{"cards_removed":["Jack Of All Trades"],"damage_healed":0,"gold_gain":0,"player_choice":"Took Card","damage_taken":0,"max_hp_gain":0,"max_hp_loss":0,"event_name":"NoteForYourself","floor":48,"gold_loss":0,"cards_obtained":["Bite"]}],"is_beta":false,"boss_relics":[{"not_picked":["Cursed Key","Calling Bell"],"picked":"Philosopher\u0027s Stone"},{"not_picked":["Black Blood","Snecko Eye"],"picked":"Fusion Hammer"}],"items_purged_floors":[5,20],"is_endless":false,"potions_floor_spawned":[1,7,12,14,22,24,29,33,35,37],"killed_by":"Donu and Deca","ascension_level":0}