{"gold_per_floor":[119,132,132,143,162,188,29,29,29,29,4,20,20,30,30,128,128,148,167,99,99,53,79,94,94,119,119,135,135,135,152,152,248,248,266,266,282,296,307,307,335,355,378,391,391],"floor_reached":45,"playtime":2363,"items_purged":["Strike_R"],"score":494,"play_id":"6e43c1d8-6c2b-4cba-823b-36a9c65ac580","local_time":"20190713105608","is_ascension_mode":false,"campfire_choices":[{"floor":8.0,"key":"DIG"},{"floor":10.0,"key":"DIG"},{"floor":13.0,"key":"DIG"},{"floor":15.0,"key":"REST"},{"floor":25.0,"key":"REST"},{"floor":27.0,"key":"DIG"},{"floor":29.0,"key":"DIG"},{"floor":32.0,"key":"REST"},{"floor":40,"key":"DIG"}],"neow_cost":"NONE","seed_source_timestamp":0,"circlet_count":0,"master_deck":["Strike_R","Strike_R","Strike_R","Defend_R","Defend_R","Defend_R","Defend_R","Anger+1","Shrug It Off","Whirlwind","Shrug It Off","Armaments","Dramatic Entrance","Flex","Flex","Flame Barrier","Barricade","Metallicize","Flex+1","Inflame","RitualDagger","Clothesline","Battle Trance","Rage+1","Brutality","Limit Break","Infernal Blade+1","Inflame+1","Inflame+1","Heavy Blade+1","Reaper","Parasite","Shrug It Off+1"],"special_seed":0,"relics":["Burning Blood","Potion Belt","Shovel","Shuriken","Peace Pipe","Lantern","Vajra","Mark of Pain","Anchor","Bag of Marbles","Thread and Needle","StoneCalendar","Fusion Hammer","Kunai","Happy Flower","Regal Pillow"],"potions_floor_usage":[41,44],"damage_taken":[{"damage":1.0,"enemies":"Jaw Worm","floor":1.0,"turns":7.0},{"damage":4.0,"enemies":"Cultist","floor":2.0,"turns":4.0},{"damage":7.0,"enemies":"2 Louse","floor":4.0,"turns":3.0},{"damage":26.0,"enemies":"Exordium Thugs","floor":5.0,"turns":4.0},{"damage":19.0,"enemies":"3 Sentries","floor":6.0,"turns":7.0},{"damage":2.0,"enemies":"2 Fungi Beasts","floor":12.0,"turns":3.0},{"damage":12.0,"enemies":"Gremlin Gang","floor":14.0,"turns":3.0},{"damage":29.0,"enemies":"The Guardian","floor":16.0,"turns":13.0},{"damage":5.0,"enemies":"3 Byrds","floor":18.0,"turns":4.0},{"damage":1.0,"enemies":"Spheric Guardian","floor":19.0,"turns":8.0},{"damage":48.0,"enemies":"Gremlin Leader","floor":23.0,"turns":7.0},{"damage":9.0,"enemies":"Snake Plant","floor":24.0,"turns":6.0},{"damage":9.0,"enemies":"Sentry and Sphere","floor":28.0,"turns":4.0},{"damage":2.0,"enemies":"Centurion and Healer","floor":31.0,"turns":6.0},{"damage":53.0,"enemies":"Collector","floor":33.0,"turns":6.0},{"damage":7.0,"enemies":"3 Shapes","floor":35.0,"turns":2.0},{"damage":0.0,"enemies":"Orb Walker","floor":37.0,"turns":4.0},{"damage":5,"enemies":"Jaw Worm Horde","floor":38,"turns":3},{"damage":0,"enemies":"3 Darklings","floor":39,"turns":2},{"damage":80,"enemies":"Nemesis","floor":41,"turns":7},{"damage":0,"enemies":"Sphere and 2 Shapes","floor":42,"turns":6},{"damage":24,"enemies":"Writhing Mass","floor":44,"turns":4},{"damage":12,"enemies":"Jaw Worm Horde","floor":45,"turns":3}],"seed_played":"9169308613574426468","potions_obtained":[{"floor":1.0,"key":"Poison Potion"},{"floor":6.0,"key":"Dexterity Potion"},{"floor":14.0,"key":"FairyPotion"},{"floor":24.0,"key":"AttackPotion"},{"floor":28.0,"key":"Strength Potion"},{"floor":31.0,"key":"SkillPotion"},{"floor":38,"key":"Block Potion"},{"floor":39,"key":"Fire Potion"}],"is_trial":false,"path_per_floor":["M","M","?","M","M","E","$","R","T","R","$","M","R","M","R","B",null,"M","M","$","?","$","E","M","R","T","R","M","R","?","M","R","B",null,"M","?","M","M","M","R","E","M","T","M","M"],"character_chosen":"IRONCLAD","items_purchased":["Dramatic Entrance","Flex","Inflame","Clothesline"],"campfire_rested":3,"item_purchase_floors":[7,11,20,22],"current_hp_per_floor":[80,80,80,79,59,46,46,46,46,46,46,50,50,44,68,45,80,80,80,80,74,74,32,29,53,53,53,50,50,50,54,78,31,80,79,79,80,80,80,80,14,20,20,11,0],"gold":391,"neow_bonus":"RANDOM_COMMON_RELIC","is_prod":false,"is_daily":false,"chose_seed":false,"campfire_upgraded":0,"win_rate":0.0,"timestamp":1563029768,"path_taken":["M","M","?","M","?","E","$","R","T","R","$","M","R","M","R","BOSS","M","M","$","?","?","E","M","R","T","R","M","R","?","M","R","BOSS","M","?","M","?","M","R","E","M","T","M","M"],"build_version":"2019-07-05","purchased_purges":1,"victory":false,"max_hp_per_floor":[80,80,80,80,80,80,80,80,80,80,80,80,80,80,80,80,80,80,80,80,80,80,80,80,80,80,80,80,80,80,80,80,80,80,80,80,80,80,80,80,80,80,80,80,80],"card_choices":[{"not_picked":["Pummel","Sword Boomerang"],"picked":"Anger","floor":1.0},{"not_picked":["Armaments","Entrench"],"picked":"Shrug It Off","floor":2.0},{"not_picked":["Clash","Thunderclap"],"picked":"Whirlwind","floor":4.0},{"not_picked":["Intimidate","Cleave"],"picked":"Shrug It Off","floor":5.0},{"not_picked":["Dual Wield","Offering"],"picked":"Armaments","floor":6.0},{"not_picked":["Blood for Blood","Ghostly Armor"],"picked":"Flex","floor":12.0},{"not_picked":["Clash","Body Slam"],"picked":"Flame Barrier","floor":14.0},{"not_picked":["Offering","Fiend Fire"],"picked":"Barricade","floor":16.0},{"not_picked":["Shrug It Off+1","Perfected Strike"],"picked":"Metallicize","floor":18.0},{"not_picked":["Sword Boomerang+1","Dark Embrace"],"picked":"Flex+1","floor":19.0},{"not_picked":["Reckless Charge","Clash"],"picked":"Battle Trance","floor":23.0},{"not_picked":["Pommel Strike+1","Pummel","True Grit+1"],"picked":"SKIP","floor":24.0},{"not_picked":["Reckless Charge","Warcry"],"picked":"Rage+1","floor":28.0},{"not_picked":["Twin Strike","Cleave"],"picked":"Brutality","floor":31.0},{"not_picked":["Offering","Reaper"],"picked":"Limit Break","floor":33.0},{"not_picked":["Clothesline","Warcry"],"picked":"Infernal Blade+1","floor":35.0},{"not_picked":["Pommel Strike","Iron Wave+1"],"picked":"Inflame+1","floor":37},{"not_picked":["Armaments","Iron Wave","Searing Blow"],"picked":"SKIP","floor":38},{"not_picked":["True Grit+1","Shrug It Off"],"picked":"Inflame+1","floor":39},{"not_picked":["Whirlwind","Second Wind"],"picked":"Heavy Blade+1","floor":41},{"not_picked":["Clothesline+1","Reckless Charge+1"],"picked":"Reaper","floor":42},{"not_picked":["Dropkick+1","Power Through"],"picked":"Shrug It Off+1","floor":44}],"player_experience":35540,"relics_obtained":[{"floor":6.0,"key":"Shovel"},{"floor":8.0,"key":"Shuriken"},{"floor":9.0,"key":"Peace Pipe"},{"floor":10.0,"key":"Lantern"},{"floor":13.0,"key":"Vajra"},{"floor":23.0,"key":"Anchor"},{"floor":26.0,"key":"Bag of Marbles"},{"floor":27.0,"key":"Thread and Needle"},{"floor":29.0,"key":"StoneCalendar"},{"floor":40,"key":"Kunai"},{"floor":41,"key":"Happy Flower"},{"floor":43,"key":"Regal Pillow"}],"event_choices":[{"damage_healed":0.0,"max_hp_gain":0.0,"max_hp_loss":0.0,"gold_gain":0.0,"event_name":"Accursed Blacksmith","player_choice":"Forge","floor":3.0,"gold_loss":0.0,"damage_taken":0.0,"cards_upgraded":["Anger"]},{"damage_healed":0.0,"max_hp_gain":0.0,"max_hp_loss":0.0,"gold_gain":0.0,"event_name":"Nest","player_choice":"Joined the Cult","floor":21.0,"gold_loss":0.0,"damage_taken":6.0,"cards_obtained":["RitualDagger"]},{"cards_removed":["Strike_R"],"damage_healed":0.0,"max_hp_gain":0.0,"max_hp_loss":0.0,"gold_gain":0.0,"event_name":"Purifier","player_choice":"Purged","floor":30.0,"gold_loss":0.0,"damage_taken":0.0},{"cards_removed":["Bash"],"damage_healed":0.0,"max_hp_gain":0.0,"max_hp_loss":0.0,"gold_gain":0.0,"event_name":"Bonfire Elementals","player_choice":"Offered Basic","floor":36.0,"gold_loss":0.0,"damage_taken":0.0}],"is_beta":false,"boss_relics":[{"not_picked":["Black Star","Black Blood"],"picked":"Mark of Pain"},{"not_picked":["Orrery","Tiny House"],"picked":"Fusion Hammer"}],"items_purged_floors":[7],"is_endless":false,"potions_floor_spawned":[1,6,14,24,28,31,38,39],"killed_by":"Jaw Worm Horde","ascension_level":0}