{"gold_per_floor":[119,133,156,169,183,183,197,197,197,197,225,35,35,61,61,162,162,179,191,106,117,133,133,168,168,221,233,261,273,297,309,321,333],"floor_reached":33,"playtime":2675,"items_purged":["Defend_R"],"score":360,"play_id":"1476f3cc-9140-49c5-9479-2cd32e3eb6f1","local_time":"20180824172231","is_ascension_mode":true,"campfire_choices":[{"data":"Bash","floor":6,"key":"SMITH"},{"data":"Hemokinesis","floor":8,"key":"SMITH"},{"data":"Intimidate","floor":10,"key":"SMITH"},{"floor":13,"key":"REST"},{"data":"Demon Form","floor":15,"key":"SMITH"},{"floor":23,"key":"REST"},{"data":"Shrug It Off","floor":25,"key":"SMITH"},{"floor":27,"key":"REST"},{"floor":32,"key":"REST"}],"neow_cost":"NONE","seed_source_timestamp":739825096245997,"circlet_count":0,"master_deck":["Strike_R","Strike_R","Strike_R","Strike_R","Defend_R","Defend_R","Defend_R","Bash+1","Hemokinesis+1","Shrug It Off","Headbutt","Intimidate+1","Ghostly Armor","Armaments","Inflame","Shrug It Off+1","Demon Form+1","Impervious","Cleave","Iron Wave","Rupture","True Grit+1","Anger","Ghostly Armor","Bandage Up"],"relics":["Burning Blood","Boot","Sundial","Art of War","Vajra","Mark of Pain","Mummified Hand","Unceasing Top","MawBank","MutagenicStrength"],"potions_floor_usage":[24,33,33],"damage_taken":[{"damage":4,"enemies":"Cultist","floor":1,"turns":4},{"damage":7,"enemies":"Jaw Worm","floor":2,"turns":4},{"damage":0,"enemies":"2 Louse","floor":4,"turns":3},{"damage":20,"enemies":"Exordium Thugs","floor":5,"turns":5},{"damage":19,"enemies":"Lots of Slimes","floor":7,"turns":5},{"damage":38,"enemies":"3 Sentries","floor":11,"turns":8},{"damage":7,"enemies":"Lagavulin","floor":14,"turns":6},{"damage":27,"enemies":"Hexaghost","floor":16,"turns":10},{"damage":6,"enemies":"Chosen","floor":18,"turns":4},{"damage":6,"enemies":"Shell Parasite","floor":19,"turns":4},{"damage":37,"enemies":"Snake Plant","floor":21,"turns":5},{"damage":18,"enemies":"Shelled Parasite and Fungi","floor":22,"turns":5},{"damage":39,"enemies":"Gremlin Leader","floor":24,"turns":8},{"damage":6,"enemies":"Centurion and Healer","floor":28,"turns":6},{"damage":19,"enemies":"Cultist and Chosen","floor":30,"turns":8},{"damage":57,"enemies":"Champ","floor":33,"turns":8}],"seed_played":"4499308559458144995","potions_obtained":[{"floor":4,"key":"Weak Potion"},{"floor":5,"key":"Strength Potion"},{"floor":16,"key":"AttackPotion"},{"floor":24,"key":"FearPotion"},{"floor":28,"key":"GamblersBrew"}],"is_trial":false,"path_per_floor":["M","M","T","M","M","R","M","R","T","R","E","$","R","E","R","B",null,"M","M","?","M","M","R","E","R","T","R","M","?","M","?","R"],"character_chosen":"IRONCLAD","items_purchased":["Inflame","Shrug It Off"],"campfire_rested":4,"item_purchase_floors":[12,12],"current_hp_per_floor":[74,73,73,79,65,65,52,52,52,52,20,20,44,43,43,22,66,66,66,66,35,23,47,14,14,14,38,38,38,25,25,49,0],"gold":333,"neow_bonus":"TRANSFORM_CARD","is_prod":false,"is_daily":false,"chose_seed":false,"campfire_upgraded":5,"win_rate":0,"timestamp":1535145751,"path_taken":["M","M","?","M","M","R","M","R","T","R","E","$","R","E","R","BOSS","M","M","?","?","M","R","E","R","T","R","M","?","M","?","R","BOSS"],"build_version":"2018-08-23v2","purchased_purges":1,"victory":false,"max_hp_per_floor":[80,80,80,80,80,80,80,80,80,80,80,80,80,80,80,80,80,80,80,80,80,80,80,80,80,80,80,80,80,80,80,80,80],"card_choices":[{"not_picked":["Anger","Body Slam"],"picked":"Shrug It Off","floor":1},{"not_picked":["Clash","Havoc"],"picked":"Headbutt","floor":2},{"not_picked":["Dropkick","Combust"],"picked":"Intimidate","floor":4},{"not_picked":["Havoc","Warcry"],"picked":"Ghostly Armor","floor":5},{"not_picked":["Sever Soul","Infernal Blade","Wild Strike"],"picked":"SKIP","floor":7},{"not_picked":["Clash","Intimidate"],"picked":"Armaments","floor":11},{"not_picked":["Inflame","Flex"],"picked":"Demon Form","floor":14},{"not_picked":["Demon Form","Limit Break"],"picked":"Impervious","floor":16},{"not_picked":["Pommel Strike","Havoc"],"picked":"Cleave","floor":18},{"not_picked":["Twin Strike","Infernal Blade"],"picked":"Iron Wave","floor":19},{"not_picked":["Cleave+1","Headbutt"],"picked":"Rupture","floor":21},{"not_picked":["Dual Wield+1","Pommel Strike"],"picked":"True Grit+1","floor":22},{"not_picked":["Havoc+1","Spot Weakness","Warcry"],"picked":"SKIP","floor":24},{"not_picked":["Pommel Strike","Fire Breathing"],"picked":"Anger","floor":28},{"not_picked":["Armaments","Wild Strike"],"picked":"Ghostly Armor","floor":30}],"player_experience":196960,"relics_obtained":[{"floor":3,"key":"Boot"},{"floor":9,"key":"Sundial"},{"floor":11,"key":"Art of War"},{"floor":14,"key":"Vajra"},{"floor":24,"key":"Unceasing Top"},{"floor":26,"key":"MawBank"}],"event_choices":[{"event_name":"Addict","player_choice":"Obtained Relic","floor":20,"damage_taken":0},{"event_name":"Drug Dealer","player_choice":"Inject Mutagens","floor":29,"damage_taken":0},{"event_name":"Match and Keep!","player_choice":"1 cards matched","floor":31,"damage_taken":0}],"is_beta":false,"boss_relics":[{"not_picked":["Fusion Hammer","White Beast Statue"],"picked":"Mark of Pain"}],"items_purged_floors":[12],"is_endless":false,"potions_floor_spawned":[4,5,16,24,28,30],"killed_by":"Champ","ascension_level":6}