{"gold_per_floor":[110,56,72,72,84,84,112,112,112,132,40,40,75,88,88,165,165,184,201,212,34,34,34,62,75,98,127,127,139,139,167,167,244,244,264,62,115,115,133,133,166,166,166,194,211,106,117,137,137,137],"floor_reached":51,"playtime":3342,"items_purged":["Strike_B","Strike_B"],"score":1460,"play_id":"09eabf7d-4a64-43d2-81b5-c4d83b426bb6","local_time":"20180921003125","is_ascension_mode":true,"campfire_choices":[{"data":"Zap","floor":6,"key":"SMITH"},{"floor":8,"key":"REST"},{"data":"Go for the Eyes","floor":15,"key":"SMITH"},{"data":"Zap","floor":23,"key":"SMITH"},{"data":"Defragment","floor":28,"key":"SMITH"},{"data":"Buffer","floor":30,"key":"SMITH"},{"data":"Strike_B","floor":32,"key":"PURGE"},{"data":"Consume","floor":40,"key":"SMITH"},{"data":"Echo Form","floor":49,"key":"SMITH"}],"neow_cost":"NONE","seed_source_timestamp":685677002543304,"circlet_count":0,"master_deck":["Defend_B","Defend_B+1","Defend_B+1","Zap+1","Dualcast","AscendersBane","Streamline","Conserve Battery","Cold Snap","Electrodynamics","BootSequence","Genetic Algorithm","Leap","Capacitor","Go for the Eyes+1","Buffer+1","Cold Snap+1","Turbo","Storm+1","Zap+1","Defragment+1","White Noise","Ball Lightning+1","Coolheaded","Steam","Echo Form+1","Consume+1","Conserve Battery","Hologram","White Noise","Glacier"],"relics":["Cracked Core","Bag of Preparation","Pocketwatch","Bird Faced Urn","Peace Pipe","Kunai","Black Star","Regal Pillow","Shuriken","Gremlin Horn","Smiling Mask","Red Mask","Orichalcum","War Paint","Velvet Choker","Dead Branch","Question Card","Pear","Thread and Needle","Happy Flower","Ancient Tea Set"],"potions_floor_usage":[24,29,50,50],"damage_taken":[{"damage":11,"enemies":"2 Louse","floor":1,"turns":4},{"damage":1,"enemies":"Cultist","floor":3,"turns":3},{"damage":2,"enemies":"Jaw Worm","floor":5,"turns":3},{"damage":13,"enemies":"Lagavulin","floor":7,"turns":6},{"damage":0,"enemies":"Red Slaver","floor":10,"turns":3},{"damage":13,"enemies":"3 Sentries","floor":13,"turns":3},{"damage":0,"enemies":"Blue Slaver","floor":14,"turns":3},{"damage":21,"enemies":"Slime Boss","floor":16,"turns":10},{"damage":21,"enemies":"2 Thieves","floor":18,"turns":5},{"damage":1,"enemies":"Chosen","floor":19,"turns":6},{"damage":8,"enemies":"Centurion and Healer","floor":20,"turns":7},{"damage":15,"enemies":"Slavers","floor":24,"turns":4},{"damage":9,"enemies":"3 Cultists","floor":25,"turns":3},{"damage":2,"enemies":"Masked Bandits","floor":27,"turns":2},{"damage":13,"enemies":"Snecko","floor":29,"turns":5},{"damage":2,"enemies":"Gremlin Leader","floor":31,"turns":4},{"damage":0,"enemies":"Collector","floor":33,"turns":8},{"damage":17,"enemies":"3 Darklings","floor":35,"turns":4},{"damage":4,"enemies":"Mysterious Sphere","floor":37,"turns":4},{"damage":0,"enemies":"3 Shapes","floor":39,"turns":4},{"damage":24,"enemies":"2 Orb Walkers","floor":41,"turns":4},{"damage":13,"enemies":"Nemesis","floor":44,"turns":9},{"damage":42,"enemies":"Reptomancer","floor":45,"turns":5},{"damage":0,"enemies":"4 Shapes","floor":47,"turns":5},{"damage":0,"enemies":"Transient","floor":48,"turns":6},{"damage":15,"enemies":"Donu and Deca","floor":50,"turns":6}],"seed_played":"5286640225327392167","potions_obtained":[{"floor":1,"key":"Energy Potion"},{"floor":5,"key":"Strength Potion"},{"floor":14,"key":"Weak Potion"},{"floor":24,"key":"Fire Potion"},{"floor":29,"key":"Dexterity Potion"},{"floor":41,"key":"FocusPotion"}],"is_trial":false,"path_per_floor":["M","$","M","?","M","R","E","R","T","M","$","?","E","M","R","B",null,"M","M","M","$","?","R","E","M","T","?","R","M","R","E","R","B",null,"M","$","?","?","M","R","E","?","T","E","M","$","M","M","R","B"],"character_chosen":"DEFECT","items_purchased":["Conserve Battery","Capacitor","Regal Pillow","Consume","Conserve Battery","PowerPotion"],"campfire_rested":1,"item_purchase_floors":[2,11,21,36,36,46],"current_hp_per_floor":[53,53,52,52,50,50,37,58,58,60,60,55,44,48,48,31,61,46,49,47,47,47,47,40,41,41,45,45,42,42,52,52,64,69,67,67,71,71,71,71,65,65,65,75,45,45,57,81,81,78],"gold":137,"neow_bonus":"RANDOM_COMMON_RELIC","is_prod":false,"is_daily":false,"chose_seed":false,"campfire_upgraded":7,"win_rate":0,"timestamp":1537504285,"path_taken":["M","$","M","?","?","R","E","R","T","?","$","?","E","M","R","BOSS","M","M","M","$","?","R","E","?","T","?","R","?","R","E","R","BOSS","M","$","?","?","?","R","E","?","T","E","M","$","M","M","R","BOSS"],"build_version":"2018-09-20","purchased_purges":2,"victory":true,"max_hp_per_floor":[71,71,71,71,71,71,71,71,71,71,71,71,71,71,71,71,71,71,71,71,71,71,71,71,71,71,71,71,71,71,71,71,71,71,71,71,71,71,71,71,81,81,81,81,81,81,81,81,81,81],"card_choices":[{"not_picked":["Reprogram","Auto Shields"],"picked":"Streamline","floor":1},{"not_picked":["Compile Driver","Coolheaded"],"picked":"Cold Snap","floor":3},{"not_picked":["Turbo","Recycle"],"picked":"BootSequence","floor":5},{"not_picked":["Meteor Strike","Steam"],"picked":"Genetic Algorithm","floor":7},{"not_picked":["Hello World","Barrage"],"picked":"Leap","floor":10},{"not_picked":["Leap","Rip and Tear","Double Energy"],"picked":"SKIP","floor":13},{"not_picked":["Gash","Force Field"],"picked":"Go for the Eyes","floor":14},{"not_picked":["Rainbow","Reboot"],"picked":"Buffer","floor":16},{"not_picked":["Streamline+1","Rebound"],"picked":"Cold Snap+1","floor":18},{"not_picked":["Compile Driver","Redo"],"picked":"Turbo","floor":19},{"not_picked":["Gash","Barrage"],"picked":"Storm+1","floor":20},{"not_picked":["Rip and Tear","Coolheaded"],"picked":"Defragment","floor":24},{"not_picked":["Core Surge","Hologram"],"picked":"White Noise","floor":25},{"not_picked":["Skim","Steam"],"picked":"Ball Lightning+1","floor":27},{"not_picked":["Cold Snap","Hologram"],"picked":"Coolheaded","floor":29},{"not_picked":["Beam Cell+1","Lockon"],"picked":"Steam","floor":31},{"not_picked":["All For One","Rainbow"],"picked":"Echo Form","floor":33},{"not_picked":["Double Energy","Recycle","Steam"],"picked":"SKIP","floor":35},{"not_picked":["Streamline","Hello World"],"picked":"Hologram","floor":37},{"not_picked":["Beam Cell","Amplify","Scrape"],"picked":"SKIP","floor":39},{"not_picked":["Ball Lightning","Rebound"],"picked":"White Noise","floor":41},{"not_picked":["Coolheaded","Go for the Eyes","Scrape"],"picked":"Glacier","floor":44},{"not_picked":["Barrage","Skim","Glacier","Steam+1"],"picked":"SKIP","floor":45},{"not_picked":["BootSequence","Chaos+1","Streamline","Skim"],"picked":"SKIP","floor":47},{"not_picked":["Static Discharge+1","Defragment","Chaos","Auto Shields"],"picked":"SKIP","floor":48}],"player_experience":498769,"relics_obtained":[{"floor":7,"key":"Pocketwatch"},{"floor":9,"key":"Bird Faced Urn"},{"floor":13,"key":"Kunai"},{"floor":24,"key":"Shuriken"},{"floor":24,"key":"Gremlin Horn"},{"floor":26,"key":"Smiling Mask"},{"floor":27,"key":"Red Mask"},{"floor":31,"key":"Orichalcum"},{"floor":31,"key":"War Paint"},{"floor":37,"key":"Dead Branch"},{"floor":41,"key":"Question Card"},{"floor":41,"key":"Pear"},{"floor":43,"key":"Thread and Needle"},{"floor":44,"key":"Happy Flower"},{"floor":44,"key":"Ancient Tea Set"}],"event_choices":[{"event_name":"Living Wall","player_choice":"Change","floor":4,"damage_taken":0},{"event_name":"Scrap Ooze","player_choice":"success","floor":12,"damage_taken":5},{"event_name":"Match and Keep!","player_choice":"1 cards matched","floor":22,"damage_taken":0},{"event_name":"Masked Bandits","player_choice":"Fought Bandits","floor":27,"damage_taken":0},{"event_name":"Mysterious Sphere","player_choice":"Fight","floor":37,"damage_taken":0},{"event_name":"Match and Keep!","player_choice":"0 cards matched","floor":38,"damage_taken":0},{"event_name":"Falling","player_choice":"Removed Skill","floor":42,"damage_taken":0}],"is_beta":false,"boss_relics":[{"not_picked":["Busted Crown","Lizard Tail"],"picked":"Black Star"},{"not_picked":["Orrery","Astrolabe"],"picked":"Velvet Choker"}],"items_purged_floors":[36,46],"is_endless":false,"potions_floor_spawned":[1,5,14,16,18,19,24,29,31,39,41,45,48],"ascension_level":18}