{"gold_per_floor":[111,111,125,125,141,141,161,174,197,227,192,192,225,62,62,166,166,181,200,200,219,219,219,233,233,233,245,245],"floor_reached":28,"playtime":1258,"items_purged":[],"score":230,"play_id":"1f8e25f2-fc17-4665-9c29-cb3056326f96","local_time":"20190715201124","is_ascension_mode":false,"campfire_choices":[{"data":"Bash","floor":6,"key":"SMITH"},{"data":"Cleave","floor":12,"key":"SMITH"},{"floor":15,"key":"REST"},{"data":"Entrench","floor":23,"key":"SMITH"},{"floor":25,"key":"REST"}],"neow_cost":"NONE","seed_source_timestamp":45604088341854,"circlet_count":0,"master_deck":["Strike_R","Strike_R+1","Strike_R","Strike_R","Strike_R","Defend_R","Defend_R+1","Defend_R","Defend_R","Bash+1","Metallicize","Cleave","Cleave+1","Feel No Pain","Entrench+1","Anger","The Bomb","Limit Break","Headbutt","Sever Soul+1","Dropkick","Combust"],"relics":["Burning Blood","Centennial Puzzle","Omamori","Strawberry","Busted Crown","Nloth\u0027s Gift","Shuriken"],"potions_floor_usage":[16,24,28],"damage_taken":[{"damage":0,"enemies":"2 Louse","floor":1,"turns":3},{"damage":3,"enemies":"Cultist","floor":3,"turns":3},{"damage":10,"enemies":"Jaw Worm","floor":5,"turns":3},{"damage":5,"enemies":"Blue Slaver","floor":7,"turns":4},{"damage":13,"enemies":"Gremlin Gang","floor":8,"turns":3},{"damage":21,"enemies":"Gremlin Nob","floor":10,"turns":5},{"damage":22,"enemies":"3 Sentries","floor":13,"turns":5},{"damage":52,"enemies":"Hexaghost","floor":16,"turns":11},{"damage":8,"enemies":"Shell Parasite","floor":18,"turns":5},{"damage":25,"enemies":"Spheric Guardian","floor":19,"turns":6},{"damage":37,"enemies":"Shelled Parasite and Fungi","floor":21,"turns":6},{"damage":18,"enemies":"Snake Plant","floor":24,"turns":3},{"damage":20,"enemies":"Centurion and Healer","floor":27,"turns":5},{"damage":41,"enemies":"Shelled Parasite and Fungi","floor":28,"turns":3}],"seed_played":"-2297308331276077680","potions_obtained":[{"floor":3,"key":"Dexterity Potion"},{"floor":5,"key":"Swift Potion"},{"floor":16,"key":"Poison Potion"},{"floor":19,"key":"FearPotion"},{"floor":24,"key":"LiquidBronze"}],"is_trial":false,"path_per_floor":["M","?","M","?","M","R","M","M","T","E","?","R","E","$","R","B",null,"M","M","?","M","?","R","M","R","T","M","M"],"character_chosen":"IRONCLAD","items_purchased":["The Bomb"],"campfire_rested":2,"item_purchase_floors":[14],"current_hp_per_floor":[80,80,80,64,60,60,61,54,54,39,59,59,50,50,76,30,87,85,66,66,35,35,35,23,49,49,35,0],"gold":245,"neow_bonus":"RANDOM_COMMON_RELIC","is_prod":false,"is_daily":false,"chose_seed":false,"campfire_upgraded":3,"win_rate":0.0,"timestamp":1563235884,"path_taken":["M","?","?","?","M","R","M","M","T","E","?","R","E","$","R","BOSS","M","M","?","M","?","R","M","R","T","M","M"],"build_version":"2019-07-05","purchased_purges":0,"victory":false,"max_hp_per_floor":[80,80,80,80,80,80,80,80,80,80,80,80,87,87,87,87,87,87,87,87,87,87,87,87,87,87,87,87],"card_choices":[{"not_picked":["Twin Strike","Cleave"],"picked":"Metallicize","floor":1},{"not_picked":["Havoc","Infernal Blade"],"picked":"Cleave","floor":3},{"not_picked":["Anger","Havoc"],"picked":"Cleave","floor":5},{"not_picked":["Wild Strike","Cleave","Perfected Strike"],"picked":"SKIP","floor":7},{"not_picked":["Twin Strike","Seeing Red"],"picked":"Feel No Pain","floor":8},{"not_picked":["Headbutt","Sever Soul"],"picked":"Entrench","floor":10},{"not_picked":["Power Through","Iron Wave"],"picked":"Anger","floor":13},{"not_picked":["Impervious","Fiend Fire"],"picked":"Limit Break","floor":16},{"not_picked":[],"picked":"Headbutt","floor":18},{"not_picked":[],"picked":"Sever Soul+1","floor":19},{"not_picked":[],"picked":"Dropkick","floor":21},{"not_picked":["Wild Strike"],"picked":"SKIP","floor":24},{"not_picked":[],"picked":"Combust","floor":27}],"player_experience":65426,"relics_obtained":[{"floor":9,"key":"Omamori"},{"floor":10,"key":"Bag of Preparation"},{"floor":13,"key":"Strawberry"},{"floor":26,"key":"Shuriken"}],"event_choices":[{"damage_healed":0,"gold_gain":0,"player_choice":"Leave","damage_taken":0,"max_hp_gain":0,"max_hp_loss":0,"event_name":"FaceTrader","floor":2,"gold_loss":0},{"damage_healed":0,"gold_gain":0,"player_choice":"Entered Light","damage_taken":16,"max_hp_gain":0,"max_hp_loss":0,"event_name":"Shining Light","floor":4,"gold_loss":0,"cards_upgraded":["Strike_R","Defend_R"]},{"damage_healed":20,"gold_gain":0,"player_choice":"Healed","damage_taken":0,"max_hp_gain":0,"max_hp_loss":0,"event_name":"The Cleric","floor":11,"gold_loss":35},{"damage_healed":0,"gold_gain":0,"player_choice":"Ignored","damage_taken":0,"max_hp_gain":0,"max_hp_loss":0,"event_name":"Vampires","floor":20,"gold_loss":0},{"damage_healed":0,"gold_gain":0,"player_choice":"Traded Relic","damage_taken":0,"relics_obtained":["Nloth\u0027s Gift"],"max_hp_gain":0,"max_hp_loss":0,"event_name":"N\u0027loth","floor":22,"relics_lost":["Bag of Preparation"],"gold_loss":0}],"is_beta":false,"boss_relics":[{"not_picked":["Fusion Hammer","Runic Pyramid"],"picked":"Busted Crown"}],"items_purged_floors":[],"is_endless":false,"potions_floor_spawned":[3,5,16,19,24,27],"killed_by":"Shelled Parasite and Fungi","ascension_level":0}