{"gold_per_floor":[113,113,188,200,70,100,100,133,133,163,163,163,181,198,198,198],"floor_reached":16,"playtime":547,"items_purged":[],"score":286,"play_id":"b098b900-0e81-4781-8e6f-6d44312c4921","local_time":"20190605012824","is_ascension_mode":true,"campfire_choices":[{"data":"Skewer","floor":7,"key":"SMITH"},{"floor":12,"key":"REST"},{"data":"Noxious Fumes","floor":15,"key":"SMITH"}],"neow_cost":"NONE","seed_source_timestamp":1750199693986531,"circlet_count":0,"master_deck":["AscendersBane","Defend_G","Defend_G","Defend_G","Defend_G","Defend_G","Strike_G","Strike_G","Strike_G","Strike_G","Strike_G","Survivor","Neutralize","Cloak And Dagger","Heel Hook","Noxious Fumes+1","Skewer+1","Deadly Poison","Wraith Form v2","Night Terror","Backflip"],"relics":["Ring of the Snake","NeowsBlessing","Torii","Nunchaku","Vajra","Calipers","Frozen Egg 2"],"potions_floor_usage":[8,10],"damage_taken":[{"damage":0,"enemies":"Small Slimes","floor":1,"turns":1},{"damage":0,"enemies":"Jaw Worm","floor":4,"turns":1},{"damage":0,"enemies":"Gremlin Nob","floor":6,"turns":2},{"damage":10,"enemies":"Lagavulin","floor":8,"turns":7},{"damage":22,"enemies":"3 Sentries","floor":10,"turns":7},{"damage":0,"enemies":"2 Louse","floor":13,"turns":2},{"damage":1,"enemies":"Looter","floor":14,"turns":4},{"damage":23,"enemies":"Hexaghost","floor":16,"turns":9}],"seed_played":"1420492493693624448","potions_obtained":[{"floor":6,"key":"Swift Potion"},{"floor":8,"key":"SteroidPotion"}],"is_trial":false,"path_per_floor":["M","?","?","M","$","E","R","E","T","E","?","R","M","M","R","B"],"character_chosen":"THE_SILENT","items_purchased":["Noxious Fumes","Skewer"],"campfire_rested":1,"item_purchase_floors":[5,5],"current_hp_per_floor":[59,48,37,37,37,37,37,27,27,5,5,24,24,23,23,0],"gold":198,"neow_bonus":"THREE_ENEMY_KILL","is_prod":false,"is_daily":false,"chose_seed":false,"campfire_upgraded":2,"win_rate":0,"timestamp":1559712504,"path_taken":["M","?","?","M","?","E","R","E","T","E","?","R","M","M","R","BOSS"],"build_version":"2019-01-23","purchased_purges":0,"victory":false,"max_hp_per_floor":[66,66,66,66,66,66,66,66,66,66,66,66,66,66,66,66],"card_choices":[{"not_picked":["Blade Dance","Backflip"],"picked":"Cloak And Dagger","floor":1},{"not_picked":["Blade Dance","Bane"],"picked":"Heel Hook","floor":4},{"not_picked":["Dash","Catalyst"],"picked":"Deadly Poison","floor":6},{"not_picked":["Deflect","Poisoned Stab"],"picked":"Wraith Form v2","floor":8},{"not_picked":["Predator","Outmaneuver"],"picked":"Night Terror","floor":10},{"not_picked":["Accuracy+1","Dodge and Roll"],"picked":"Backflip","floor":13},{"not_picked":["Riddle With Holes","Blade Dance","Bane"],"picked":"SKIP","floor":14}],"player_experience":1508875,"relics_obtained":[{"floor":6,"key":"Nunchaku"},{"floor":8,"key":"Vajra"},{"floor":9,"key":"Calipers"},{"floor":10,"key":"Frozen Egg 2"}],"event_choices":[{"damage_healed":0,"gold_gain":0,"player_choice":"Success","damage_taken":11,"relics_obtained":["Torii"],"max_hp_gain":0,"max_hp_loss":0,"event_name":"Scrap Ooze","floor":2,"gold_loss":0},{"damage_healed":0,"gold_gain":75,"player_choice":"Gather Gold","damage_taken":11,"max_hp_gain":0,"max_hp_loss":0,"event_name":"World of Goop","floor":3,"gold_loss":0},{"damage_healed":0,"gold_gain":0,"player_choice":"Ignored","damage_taken":0,"max_hp_gain":0,"max_hp_loss":0,"event_name":"Shining Light","floor":11,"gold_loss":0}],"is_beta":false,"boss_relics":[],"items_purged_floors":[],"is_endless":false,"potions_floor_spawned":[6,8],"killed_by":"Hexaghost","ascension_level":20}