{"gold_per_floor":[113,72,147,72,72,129,129,155,155,155,175,175,201,221,221,296,296,296,296,94,94,94,94,94,94,94,94,94,94,94],"floor_reached":30,"playtime":1319,"items_purged":["Strike_G"],"score":596,"play_id":"b768a729-0e5c-464e-8ef0-7504d80c7c92","local_time":"20190528211910","is_ascension_mode":true,"campfire_choices":[{"data":"Quick Slash","floor":7,"key":"SMITH"},{"data":"Dagger Spray","floor":10,"key":"SMITH"},{"data":"Masterful Stab","floor":12,"key":"SMITH"},{"floor":15,"key":"REST"},{"floor":23,"key":"REST"},{"floor":27,"key":"REST"}],"neow_cost":"NONE","seed_source_timestamp":1129686360864439,"circlet_count":0,"master_deck":["AscendersBane","Defend_G","Defend_G","Defend_G","Defend_G","Defend_G","Strike_G","Strike_G","Strike_G","Survivor","Neutralize","Escape Plan","Masterful Stab+1","Quick Slash+1","Dagger Spray+1","Backflip","Well Laid Plans","Masterful Stab","Wraith Form v2+1","Deflect","Dash","Backflip","Malaise","Poisoned Stab+1"],"relics":["Ring of the Snake","NeowsBlessing","Tiny Chest","Art of War","Ginger","Centennial Puzzle","Ectoplasm"],"potions_floor_usage":[16,16,24,30],"damage_taken":[{"damage":0,"enemies":"2 Louse","floor":1,"turns":1},{"damage":0,"enemies":"Gremlin Nob","floor":6,"turns":1},{"damage":0,"enemies":"Lagavulin","floor":8,"turns":2},{"damage":0,"enemies":"Small Slimes","floor":11,"turns":2},{"damage":30,"enemies":"Gremlin Nob","floor":13,"turns":4},{"damage":0,"enemies":"Cultist","floor":14,"turns":3},{"damage":28,"enemies":"Slime Boss","floor":16,"turns":9},{"damage":21,"enemies":"3 Byrds","floor":18,"turns":9},{"damage":0,"enemies":"Spheric Guardian","floor":19,"turns":4},{"damage":0,"enemies":"Snecko","floor":21,"turns":6},{"damage":20,"enemies":"Cultist and Chosen","floor":24,"turns":9},{"damage":15,"enemies":"Shelled Parasite and Fungi","floor":28,"turns":8},{"damage":8,"enemies":"Centurion and Healer","floor":29,"turns":6},{"damage":14,"enemies":"Slavers","floor":30,"turns":2}],"seed_played":"-4018944227413194330","potions_obtained":[{"floor":1,"key":"SneckoOil"},{"floor":5,"key":"EntropicBrew"},{"floor":5,"key":"Dexterity Potion"},{"floor":21,"key":"SteroidPotion"},{"floor":24,"key":"SmokeBomb"},{"floor":28,"key":"Ancient Potion"}],"is_trial":false,"path_per_floor":["M","$","?","?","?","E","R","E","T","R","M","R","E","M","R","B",null,"M","M","$","M","?","R","M","?","T","R","M","M","E"],"character_chosen":"THE_SILENT","items_purchased":["Masterful Stab","Dash","Backflip"],"campfire_rested":3,"item_purchase_floors":[2,20,20],"current_hp_per_floor":[59,59,48,48,48,48,48,48,48,48,48,48,18,18,37,9,52,31,31,31,31,13,34,14,14,14,35,20,12,0],"gold":94,"neow_bonus":"THREE_ENEMY_KILL","is_prod":false,"is_daily":false,"chose_seed":false,"campfire_upgraded":3,"win_rate":0,"timestamp":1559092750,"path_taken":["M","$","?","?","?","E","R","E","T","R","M","R","E","M","R","BOSS","M","M","$","?","?","R","M","?","T","R","?","M","E"],"build_version":"2019-01-23","purchased_purges":1,"victory":false,"max_hp_per_floor":[66,66,66,66,66,66,66,66,66,66,66,66,66,66,66,66,66,66,66,66,66,71,71,71,71,71,71,71,71,71],"card_choices":[{"not_picked":["Catalyst","Sucker Punch"],"picked":"Escape Plan","floor":1},{"not_picked":["Accuracy","Acrobatics"],"picked":"Quick Slash","floor":6},{"not_picked":["Phantasmal Killer","Distraction"],"picked":"Dagger Spray","floor":8},{"not_picked":["Quick Slash","Bane"],"picked":"Backflip","floor":11},{"not_picked":["Die Die Die","Underhanded Strike"],"picked":"Well Laid Plans","floor":13},{"not_picked":["Bane","Acrobatics"],"picked":"Masterful Stab","floor":14},{"not_picked":["Storm of Steel","Corpse Explosion"],"picked":"Wraith Form v2","floor":16},{"not_picked":["Flying Knee","Acrobatics","Cloak And Dagger"],"picked":"SKIP","floor":18},{"not_picked":["Flying Knee","Quick Slash"],"picked":"Deflect","floor":19},{"not_picked":["Cloak And Dagger","Flying Knee","Underhanded Strike"],"picked":"SKIP","floor":21},{"not_picked":["Deflect","Dagger Spray","Dodge and Roll"],"picked":"SKIP","floor":24},{"not_picked":["Poisoned Stab","Slice"],"picked":"Malaise","floor":28},{"not_picked":["Predator","Dagger Throw"],"picked":"Poisoned Stab+1","floor":29}],"player_experience":1434807,"relics_obtained":[{"floor":6,"key":"Tiny Chest"},{"floor":8,"key":"Art of War"},{"floor":9,"key":"Ginger"},{"floor":13,"key":"Centennial Puzzle"}],"event_choices":[{"damage_healed":0,"gold_gain":75,"player_choice":"Gather Gold","damage_taken":11,"max_hp_gain":0,"max_hp_loss":0,"event_name":"World of Goop","floor":3,"gold_loss":0},{"cards_removed":["Strike_G"],"damage_healed":0,"gold_gain":0,"player_choice":"Card Removal","damage_taken":0,"max_hp_gain":0,"max_hp_loss":0,"event_name":"The Cleric","floor":4,"gold_loss":75},{"damage_healed":0,"gold_gain":0,"player_choice":"Got Potions","damage_taken":0,"max_hp_gain":0,"max_hp_loss":0,"event_name":"Lab","floor":5,"gold_loss":0},{"damage_healed":0,"gold_gain":0,"player_choice":"Shed Blood","damage_taken":23,"max_hp_gain":5,"max_hp_loss":0,"event_name":"Forgotten Altar","floor":22,"gold_loss":0},{"damage_healed":0,"gold_gain":0,"player_choice":"Upgraded","damage_taken":0,"max_hp_gain":0,"max_hp_loss":0,"event_name":"Upgrade Shrine","floor":25,"gold_loss":0,"cards_upgraded":["Wraith Form v2"]}],"is_beta":false,"boss_relics":[{"not_picked":["Runic Dome","HoveringKite"],"picked":"Ectoplasm"}],"items_purged_floors":[20],"is_endless":false,"potions_floor_spawned":[1,6,16,21,24,28],"killed_by":"Slavers","ascension_level":20}