{"gold_per_floor":[115,40,115,115,13,13,27,3,3,17,33,33,44,55,55,159,159,173,4,14,27,38,38],"floor_reached":23,"playtime":1109,"items_purged":["Strike_B","Strike_B"],"score":204,"play_id":"c3f1f737-ef40-4c32-871b-1f20eb4011b8","local_time":"20190625022438","is_ascension_mode":true,"campfire_choices":[{"floor":6,"key":"RECALL"},{"floor":12,"key":"REST"},{"floor":15,"key":"REST"}],"neow_cost":"NONE","seed_source_timestamp":126960090471300,"circlet_count":0,"master_deck":["Strike_B","Strike_B","Defend_B","Defend_B","Defend_B","Defend_B","Zap","Dualcast","Darkness","Coolheaded","Turbo","Ball Lightning","Capacitor","Doom and Gloom","Electrodynamics","Ball Lightning","Cold Snap","Leap","Consume+1","Consume+1","Steam"],"relics":["Cracked Core","Bronze Scales","Fusion Hammer"],"potions_floor_usage":[7,10,16,22,22,23],"damage_taken":[{"damage":8,"enemies":"Small Slimes","floor":1,"turns":3},{"damage":2,"enemies":"Jaw Worm","floor":7,"turns":5},{"damage":0,"enemies":"Cultist","floor":10,"turns":4},{"damage":17,"enemies":"Gremlin Gang","floor":11,"turns":4},{"damage":15,"enemies":"3 Louse","floor":13,"turns":3},{"damage":9,"enemies":"Blue Slaver","floor":14,"turns":3},{"damage":58,"enemies":"The Guardian","floor":16,"turns":8},{"damage":12,"enemies":"Chosen","floor":18,"turns":4},{"damage":26,"enemies":"Shell Parasite","floor":20,"turns":5},{"damage":7,"enemies":"Centurion and Healer","floor":21,"turns":5},{"damage":19,"enemies":"Snake Plant","floor":22,"turns":3},{"damage":24,"enemies":"Slavers","floor":23,"turns":1}],"seed_played":"8294285120749461230","potions_obtained":[{"floor":1,"key":"FocusPotion"},{"floor":13,"key":"LiquidBronze"},{"floor":18,"key":"FocusPotion"},{"floor":21,"key":"EssenceOfSteel"},{"floor":22,"key":"LiquidBronze"}],"is_trial":false,"path_per_floor":["M","$","?","T","$","R","M","$","T","M","M","R","M","M","R","B",null,"M","$","M","M","M","E"],"character_chosen":"DEFECT","items_purchased":["Coolheaded","Regen Potion","Turbo","Cold Snap","Leap"],"campfire_rested":2,"item_purchase_floors":[5,5,8,19,19],"current_hp_per_floor":[74,74,63,63,63,63,73,73,73,73,56,80,65,56,80,22,82,70,70,44,37,18,0],"gold":38,"neow_bonus":"TEN_PERCENT_HP_BONUS","is_prod":false,"is_daily":false,"chose_seed":false,"campfire_upgraded":0,"win_rate":0,"timestamp":1561443878,"path_taken":["M","$","?","?","?","R","M","$","T","M","M","R","M","M","R","BOSS","M","$","M","M","M","E"],"build_version":"2019-01-23","purchased_purges":2,"victory":false,"max_hp_per_floor":[82,82,82,82,82,82,82,82,82,82,82,82,82,82,82,82,82,82,82,82,82,82,82],"card_choices":[{"not_picked":["Rebound","Turbo"],"picked":"Darkness","floor":1},{"not_picked":["Rebound","Hologram","Beam Cell"],"picked":"SKIP","floor":7},{"not_picked":["Steam","Scrape","Aggregate"],"picked":"SKIP","floor":10},{"not_picked":["Sweeping Beam","Steam Power"],"picked":"Ball Lightning","floor":11},{"not_picked":["Aggregate","Ball Lightning"],"picked":"Capacitor","floor":13},{"not_picked":["Coolheaded","Steam"],"picked":"Doom and Gloom","floor":14},{"not_picked":["Echo Form","All For One"],"picked":"Electrodynamics","floor":16},{"not_picked":["Compile Driver","Beam Cell+1"],"picked":"Ball Lightning","floor":18},{"not_picked":["Sweeping Beam","Go for the Eyes"],"picked":"Consume+1","floor":20},{"not_picked":["Melter","Turbo"],"picked":"Consume+1","floor":21},{"not_picked":["Sweeping Beam","Beam Cell"],"picked":"Steam","floor":22}],"player_experience":127848,"relics_obtained":[{"floor":9,"key":"Bronze Scales"}],"event_choices":[{"damage_healed":0,"gold_gain":75,"player_choice":"Gather Gold","damage_taken":11,"max_hp_gain":0,"max_hp_loss":0,"event_name":"World of Goop","floor":3,"gold_loss":0}],"is_beta":false,"boss_relics":[{"not_picked":["Calling Bell","Snecko Eye"],"picked":"Fusion Hammer"}],"items_purged_floors":[2,19],"is_endless":false,"potions_floor_spawned":[1,13,18,21,22],"killed_by":"Slavers","ascension_level":2}