{"gold_per_floor":[114,114,131,141,1,1,17,42,66,95,107,152,164,176,188,272,284,316,328,354,291,303],"floor_reached":22,"playtime":1047,"items_purged":[],"score":504,"play_id":"53c316fd-a405-4c68-9146-957c81b26227","local_time":"20190309002408","is_ascension_mode":true,"campfire_choices":[{"data":"Zap","floor":6,"key":"SMITH"},{"data":"Consume","floor":13,"key":"SMITH"},{"data":"Capacitor","floor":15,"key":"SMITH"}],"neow_cost":"NONE","seed_source_timestamp":15088308885974,"circlet_count":0,"master_deck":["AscendersBane","Zap+1","Dualcast","Consume+1","Ball Lightning","Cold Snap","Sweeping Beam","Self Repair","Compile Driver","Glacier","Hologram","Capacitor+1","Machine Learning","Consume","Gash","Storm","Double Energy","Genetic Algorithm","Defragment","Coolheaded"],"relics":["Cracked Core","Omamori","Bag of Marbles","MawBank","Ancient Tea Set","Pandora\u0027s Box"],"potions_floor_usage":[12,12],"damage_taken":[{"damage":3,"enemies":"Small Slimes","floor":1,"turns":3},{"damage":1,"enemies":"Cultist","floor":3,"turns":3},{"damage":0,"enemies":"Jaw Worm","floor":4,"turns":3},{"damage":5,"enemies":"Looter","floor":7,"turns":3},{"damage":16,"enemies":"3 Sentries","floor":8,"turns":6},{"damage":0,"enemies":"Lagavulin","floor":10,"turns":8},{"damage":0,"enemies":"3 Sentries","floor":12,"turns":2},{"damage":29,"enemies":"Hexaghost","floor":16,"turns":10},{"damage":14,"enemies":"Spheric Guardian","floor":18,"turns":5},{"damage":21,"enemies":"Shell Parasite","floor":20,"turns":5},{"damage":59,"enemies":"Shelled Parasite and Fungi","floor":22,"turns":5}],"seed_played":"-827491826033442080","potions_obtained":[{"floor":1,"key":"PowerPotion"},{"floor":4,"key":"Explosive Potion"}],"is_trial":false,"path_per_floor":["M","?","M","M","$","R","M","E","T","E","$","E","R","?","R","B",null,"M","?","M","?","M"],"character_chosen":"DEFECT","items_purchased":["Sweeping Beam","Self Repair"],"campfire_rested":0,"item_purchase_floors":[5,5],"current_hp_per_floor":[61,61,60,60,60,60,62,53,53,60,60,67,67,72,72,50,70,63,63,49,49,0],"gold":303,"neow_bonus":"TRANSFORM_CARD","is_prod":false,"is_daily":false,"chose_seed":false,"campfire_upgraded":3,"win_rate":0,"timestamp":1552109048,"path_taken":["M","?","M","M","$","R","?","E","T","E","$","E","R","?","R","BOSS","M","?","M","?","M"],"build_version":"2019-01-23","purchased_purges":0,"victory":false,"max_hp_per_floor":[71,71,71,71,71,71,71,71,71,71,71,71,71,76,76,76,76,76,76,76,76,76],"card_choices":[{"not_picked":["Reinforced Body","Fusion"],"picked":"Ball Lightning","floor":1},{"not_picked":["Barrage","Chaos","Leap"],"picked":"SKIP","floor":3},{"not_picked":["Chill","Streamline"],"picked":"Cold Snap","floor":4},{"not_picked":["Beam Cell","Hologram"],"picked":"Compile Driver","floor":7},{"not_picked":["Reinforced Body","Barrage"],"picked":"Glacier","floor":8},{"not_picked":["Blizzard","Self Repair"],"picked":"Hologram","floor":10},{"not_picked":["Reinforced Body","Steam Power"],"picked":"Capacitor","floor":12},{"not_picked":["All For One","Meteor Strike"],"picked":"Machine Learning","floor":16},{"not_picked":["Turbo","Steam"],"picked":"Defragment","floor":18},{"not_picked":["Sweeping Beam+1","Fusion"],"picked":"Coolheaded","floor":20}],"player_experience":822489,"relics_obtained":[{"floor":8,"key":"Omamori"},{"floor":9,"key":"Bag of Marbles"},{"floor":10,"key":"MawBank"},{"floor":12,"key":"Ancient Tea Set"}],"event_choices":[{"cards_removed":["Strike_B"],"damage_healed":0,"gold_gain":0,"player_choice":"Offered Basic","damage_taken":0,"max_hp_gain":0,"max_hp_loss":0,"event_name":"Bonfire Elementals","floor":2,"gold_loss":0},{"damage_healed":0,"gold_gain":0,"player_choice":"Donut","damage_taken":0,"max_hp_gain":5,"max_hp_loss":0,"event_name":"Big Fish","floor":14,"gold_loss":0},{"damage_healed":0,"gold_gain":0,"player_choice":"Ignored","damage_taken":0,"max_hp_gain":0,"max_hp_loss":0,"event_name":"Ghosts","floor":19,"gold_loss":0},{"cards_removed":["Meteor Strike"],"damage_healed":0,"gold_gain":0,"player_choice":"Gave Gold","damage_taken":0,"max_hp_gain":0,"max_hp_loss":0,"event_name":"Beggar","floor":21,"gold_loss":75}],"is_beta":false,"boss_relics":[{"not_picked":["Orrery","Nuclear Battery"],"picked":"Pandora\u0027s Box"}],"items_purged_floors":[],"is_endless":false,"potions_floor_spawned":[1,4,7,8],"killed_by":"Shelled Parasite and Fungi","ascension_level":20}