{"gold_per_floor":[111,131,144,162,337,337,349,364,364,380,27,50,50,61,61,61],"floor_reached":16,"playtime":709,"items_purged":["Regret"],"score":106,"play_id":"25d5285e-ba4b-4113-8a60-a54af6eed76a","local_time":"20190722023253","is_ascension_mode":true,"campfire_choices":[{"floor":6,"key":"REST"},{"floor":13,"key":"REST"},{"floor":15,"key":"REST"}],"neow_cost":"CURSE","seed_source_timestamp":4976850949500,"circlet_count":0,"master_deck":["Strike_G","Strike_G","Strike_G","Strike_G","Strike_G","Defend_G","Defend_G","Defend_G","Defend_G","Defend_G","Survivor","Neutralize","Poisoned Stab","Dodge and Roll","Adrenaline","Doubt","Catalyst","PiercingWail","Die Die Die"],"relics":["Ring of the Snake","Pocketwatch","Girya","Strange Spoon","Odd Mushroom"],"potions_floor_usage":[3,4],"damage_taken":[{"damage":5,"enemies":"Cultist","floor":1,"turns":4},{"damage":4,"enemies":"2 Louse","floor":2,"turns":2},{"damage":3,"enemies":"Small Slimes","floor":3,"turns":3},{"damage":20,"enemies":"3 Louse","floor":4,"turns":2},{"damage":6,"enemies":"Looter","floor":7,"turns":3},{"damage":12,"enemies":"Blue Slaver","floor":8,"turns":3},{"damage":21,"enemies":"3 Louse","floor":10,"turns":3},{"damage":2,"enemies":"The Mushroom Lair","floor":12,"turns":4},{"damage":1,"enemies":"Exordium Wildlife","floor":14,"turns":3},{"damage":60,"enemies":"Hexaghost","floor":16,"turns":14}],"seed_played":"-1464704248746783863","potions_obtained":[{"floor":1,"key":"Explosive Potion"},{"floor":3,"key":"Explosive Potion"},{"floor":4,"key":"SmokeBomb"}],"is_trial":false,"path_per_floor":["M","M","M","M","?","R","M","M","T","M","$","?","R","M","R","B"],"character_chosen":"THE_SILENT","items_purchased":["Die Die Die","Strange Spoon"],"campfire_rested":3,"item_purchase_floors":[11,11],"current_hp_per_floor":[65,61,58,38,38,59,53,41,41,20,20,18,39,38,59,0],"gold":61,"neow_bonus":"ONE_RARE_RELIC","is_prod":false,"is_daily":false,"chose_seed":false,"campfire_upgraded":0,"win_rate":0,"timestamp":1563777173,"path_taken":["M","M","M","M","?","R","M","M","T","M","$","?","R","M","R","BOSS"],"build_version":"2019-07-17","purchased_purges":1,"victory":false,"max_hp_per_floor":[70,70,70,70,70,70,70,70,70,70,70,70,70,70,70,70],"card_choices":[{"not_picked":["Slice","Dagger Throw"],"picked":"Poisoned Stab","floor":1},{"not_picked":["Dagger Throw","Prepared"],"picked":"Dodge and Roll","floor":2},{"not_picked":["Outmaneuver","Prepared","Dagger Throw"],"picked":"SKIP","floor":3},{"not_picked":["Slice","Reflex"],"picked":"Adrenaline","floor":4},{"not_picked":["Dodge and Roll","Choke"],"picked":"Catalyst","floor":7},{"not_picked":["Distraction","Backflip"],"picked":"PiercingWail","floor":8},{"not_picked":["Blade Dance","Dagger Spray","Dagger Throw"],"picked":"SKIP","floor":10},{"not_picked":["Distraction","Expertise","Caltrops"],"picked":"SKIP","floor":14}],"player_experience":283469,"relics_obtained":[{"floor":9,"key":"Girya"},{"floor":12,"key":"Odd Mushroom"}],"event_choices":[{"damage_healed":0,"gold_gain":175,"player_choice":"AGREE","damage_taken":0,"max_hp_gain":0,"max_hp_loss":0,"event_name":"Liars Game","floor":5,"gold_loss":0,"cards_obtained":["Doubt"]},{"damage_healed":0,"gold_gain":0,"player_choice":"Fought Mushrooms","damage_taken":0,"max_hp_gain":0,"max_hp_loss":0,"event_name":"Mushrooms","floor":12,"gold_loss":0}],"is_beta":false,"boss_relics":[],"items_purged_floors":[11],"is_endless":false,"potions_floor_spawned":[1,3,4],"killed_by":"Hexaghost","ascension_level":2}