{"gold_per_floor":[114,125,50,50,62,62,77,97,97,97,112,112,112,127,127,228,228,244,343,362,379,454,454],"floor_reached":23,"playtime":903,"items_purged":["Strike_B"],"score":222,"play_id":"c52f36f8-3e43-4275-b6b1-0e3646c3053d","local_time":"20180822214910","is_ascension_mode":true,"campfire_choices":[{"data":"Defend_B","floor":6.0,"key":"SMITH"},{"data":"Double Energy","floor":10.0,"key":"SMITH"},{"data":"Conserve Battery","floor":13.0,"key":"SMITH"},{"data":"Defend_B","floor":15.0,"key":"SMITH"}],"neow_cost":"NONE","seed_source_timestamp":0,"circlet_count":0,"master_deck":["Strike_B+1","Defend_B+1","Defend_B+1","Defend_B+1","Zap+1","Dualcast","Conserve Battery+1","Ball Lightning","Double Energy+1","Conserve Battery+1","Electrodynamics","Redo+1","Hyperbeam+1","Capacitor+1","Stack+1","Go for the Eyes","FTL"],"special_seed":0,"relics":["Cracked Core","Mercury Hourglass","Astrolabe"],"potions_floor_usage":[],"damage_taken":[{"damage":0.0,"enemies":"Small Slimes","floor":1.0,"turns":2.0},{"damage":0.0,"enemies":"Cultist","floor":2.0,"turns":4.0},{"damage":0.0,"enemies":"2 Louse","floor":5.0,"turns":2.0},{"damage":0.0,"enemies":"Large Slime","floor":7.0,"turns":4.0},{"damage":3.0,"enemies":"Blue Slaver","floor":8.0,"turns":4.0},{"damage":1.0,"enemies":"Exordium Wildlife","floor":11.0,"turns":2.0},{"damage":1.0,"enemies":"Looter","floor":14.0,"turns":3.0},{"damage":38.0,"enemies":"Slime Boss","floor":16.0,"turns":10.0},{"damage":2,"enemies":"Chosen","floor":18,"turns":4},{"damage":2,"enemies":"Shell Parasite","floor":20,"turns":5},{"damage":12,"enemies":"Sentry and Sphere","floor":21,"turns":4},{"damage":28,"enemies":"Gremlin Leader","floor":23,"turns":3}],"seed_played":"1156594417271025394","potions_obtained":[{"floor":5.0,"key":"Fire Potion"},{"floor":7.0,"key":"Block Potion"},{"floor":16.0,"key":"SkillPotion"}],"is_trial":false,"path_per_floor":["M","M","$","?","M","R","M","M","T","R","M","?","R","M","R","B",null,"M","?","M","M","?"],"character_chosen":"DEFECT","items_purchased":[],"campfire_rested":0,"item_purchase_floors":[],"current_hp_per_floor":[75,75,75,75,75,75,75,72,72,72,71,56,56,55,55,17,75,73,73,71,59,52,24],"gold":454,"neow_bonus":"UPGRADE_CARD","is_prod":false,"is_daily":false,"chose_seed":false,"campfire_upgraded":4,"win_rate":0,"timestamp":1534988950,"path_taken":["M","M","$","?","M","R","M","M","T","R","M","?","R","M","R","BOSS","M","?","M","M","?","E"],"build_version":"2018-08-16","purchased_purges":1,"victory":false,"max_hp_per_floor":[75,75,75,75,75,75,75,75,75,75,75,75,75,75,75,75,75,75,75,75,75,75,75],"card_choices":[{"not_picked":["Barrage","Rebound"],"picked":"Conserve Battery","floor":1.0},{"not_picked":["Sweeping Beam","Steam Power"],"picked":"Ball Lightning","floor":2.0},{"not_picked":["Compile Driver","Heatsinks","Hello World"],"picked":"SKIP","floor":5.0},{"not_picked":["Go for the Eyes","Barrage","Rip and Tear"],"picked":"SKIP","floor":7.0},{"not_picked":["Hologram","Steam"],"picked":"Double Energy","floor":8.0},{"not_picked":["Rebound","Steam"],"picked":"Conserve Battery","floor":11.0},{"not_picked":["Rebound","Gash","Streamline"],"picked":"SKIP","floor":14.0},{"not_picked":["Machine Learning","Amplify"],"picked":"Electrodynamics","floor":16.0},{"not_picked":["Conserve Battery","Leap"],"picked":"Stack+1","floor":18},{"not_picked":["Cold Snap","Thunder Strike"],"picked":"Go for the Eyes","floor":20},{"not_picked":["Lockon","Stack"],"picked":"FTL","floor":21}],"player_experience":135265,"relics_obtained":[{"floor":9.0,"key":"Mercury Hourglass"}],"event_choices":[{"event_name":"Upgrade Shrine","player_choice":"Upgraded","floor":4.0,"damage_taken":0.0},{"event_name":"Shining Light","player_choice":"Entered Light","floor":12.0,"damage_taken":0.0},{"event_name":"Nest","player_choice":"Stole From Cult","floor":19,"damage_taken":0},{"event_name":"FaceTrader","player_choice":"Touch","floor":22,"damage_taken":0}],"is_beta":false,"boss_relics":[{"not_picked":["Black Star","Lizard Tail"],"picked":"Astrolabe"}],"items_purged_floors":[3],"is_endless":false,"potions_floor_spawned":[5,7,16],"killed_by":"Gremlin Leader","ascension_level":4}