{"gold_per_floor":[114,129,54,54,19,51,51,51,105,105,128,128,156,171,171,245,245,258,1,1,1,14,14,33,33,60,70,70,87,87,117,117,117],"floor_reached":33,"playtime":1629,"items_purged":["Strike_G","Strike_G"],"score":592,"play_id":"b2af64cf-c653-4328-858c-c3b0fa828577","local_time":"20190530024412","is_ascension_mode":true,"campfire_choices":[{"data":"Poisoned Stab","floor":8,"key":"SMITH"},{"data":"Neutralize","floor":12,"key":"SMITH"},{"data":"Sucker Punch","floor":15,"key":"SMITH"},{"data":"Corpse Explosion","floor":23,"key":"SMITH"},{"data":"Footwork","floor":25,"key":"SMITH"},{"data":"Adrenaline","floor":28,"key":"SMITH"},{"data":"Deadly Poison","floor":32,"key":"SMITH"}],"neow_cost":"NONE","seed_source_timestamp":1235275811686269,"circlet_count":0,"master_deck":["AscendersBane","Defend_G","Defend_G","Defend_G","Defend_G","Defend_G","Strike_G","Strike_G","Survivor","Neutralize+1","Poisoned Stab+1","Slice","Sucker Punch+1","Prepared","Adrenaline+1","PiercingWail","Corpse Explosion+1","Shame","Dodge and Roll+1","Footwork+1","Dodge and Roll+1","Deadly Poison+1","PiercingWail"],"relics":["Ring of the Snake","NeowsBlessing","The Courier","Anchor","Dream Catcher","Bronze Scales","Runic Pyramid","Medical Kit","Mummified Hand","Blood Vial","Kunai"],"potions_floor_usage":[31,33],"damage_taken":[{"damage":0,"enemies":"2 Louse","floor":1,"turns":1},{"damage":0,"enemies":"Small Slimes","floor":2,"turns":1},{"damage":0,"enemies":"Lagavulin","floor":6,"turns":1},{"damage":41,"enemies":"3 Sentries","floor":13,"turns":14},{"damage":0,"enemies":"Cultist","floor":14,"turns":3},{"damage":29,"enemies":"The Guardian","floor":16,"turns":16},{"damage":0,"enemies":"3 Byrds","floor":18,"turns":2},{"damage":7,"enemies":"Shell Parasite","floor":22,"turns":6},{"damage":13,"enemies":"Shelled Parasite and Fungi","floor":24,"turns":7},{"damage":0,"enemies":"3 Cultists","floor":27,"turns":2},{"damage":0,"enemies":"Snake Plant","floor":29,"turns":5},{"damage":12,"enemies":"Gremlin Leader","floor":31,"turns":7},{"damage":49,"enemies":"Collector","floor":33,"turns":9}],"seed_played":"-8545358477189958765","potions_obtained":[{"floor":6,"key":"Block Potion"},{"floor":13,"key":"Explosive Potion"},{"floor":16,"key":"AttackPotion"}],"is_trial":false,"path_per_floor":["M","M","$","?","?","E","?","R","T","?","T","R","E","M","R","B",null,"M","$","?","?","M","R","M","R","T","M","R","M","?","E","R","B"],"character_chosen":"THE_SILENT","items_purchased":["Medical Kit"],"campfire_rested":0,"item_purchase_floors":[19],"current_hp_per_floor":[59,59,59,54,66,66,66,66,66,71,71,71,30,30,30,1,54,54,54,54,71,64,64,51,51,51,53,53,55,55,45,45,0],"gold":117,"neow_bonus":"THREE_ENEMY_KILL","is_prod":false,"is_daily":false,"chose_seed":false,"campfire_upgraded":7,"win_rate":0,"timestamp":1559198652,"path_taken":["M","M","$","?","?","E","?","R","T","?","?","R","E","M","R","BOSS","M","$","?","?","?","R","M","R","T","M","R","?","?","E","R","BOSS"],"build_version":"2019-01-23","purchased_purges":2,"victory":false,"max_hp_per_floor":[66,66,66,66,66,66,66,66,66,71,71,71,71,71,71,71,71,71,71,71,71,71,71,71,71,71,71,71,71,71,71,71,71],"card_choices":[{"not_picked":["Prepared","Backstab"],"picked":"Poisoned Stab","floor":1},{"not_picked":["Deflect","Reflex"],"picked":"Slice","floor":2},{"not_picked":["Deflect","Blade Dance"],"picked":"Sucker Punch","floor":6},{"not_picked":["Slice","Setup"],"picked":"Adrenaline","floor":13},{"not_picked":["Slice","Deflect"],"picked":"PiercingWail","floor":14},{"not_picked":["Glass Knife","Unload"],"picked":"Corpse Explosion","floor":16},{"not_picked":["Dagger Throw","Riddle With Holes+1","Blade Dance"],"picked":"SKIP","floor":18},{"not_picked":["Cloak And Dagger","Flying Knee"],"picked":"Dodge and Roll+1","floor":22},{"not_picked":["Distraction+1","Cloak And Dagger"],"picked":"Footwork","floor":24},{"not_picked":["Dagger Spray","All Out Attack"],"picked":"Dodge and Roll+1","floor":27},{"not_picked":["Sucker Punch","Flying Knee","Predator"],"picked":"SKIP","floor":29},{"not_picked":["Quick Slash","Deflect+1"],"picked":"PiercingWail","floor":31}],"player_experience":1461831,"relics_obtained":[{"floor":9,"key":"Anchor"},{"floor":11,"key":"Dream Catcher"},{"floor":13,"key":"Bronze Scales"},{"floor":26,"key":"Blood Vial"},{"floor":31,"key":"Kunai"}],"event_choices":[{"damage_healed":0,"gold_gain":0,"player_choice":"Success","damage_taken":5,"relics_obtained":["The Courier"],"max_hp_gain":0,"max_hp_loss":0,"event_name":"Scrap Ooze","floor":4,"gold_loss":0},{"damage_healed":16,"gold_gain":0,"player_choice":"Healed","damage_taken":0,"max_hp_gain":0,"max_hp_loss":0,"event_name":"The Cleric","floor":5,"gold_loss":35},{"damage_healed":0,"gold_gain":0,"cards_transformed":["Strike_G"],"player_choice":"Change","damage_taken":0,"max_hp_gain":0,"max_hp_loss":0,"event_name":"Living Wall","floor":7,"gold_loss":0,"cards_obtained":["Prepared"]},{"damage_healed":0,"gold_gain":0,"player_choice":"Donut","damage_taken":0,"max_hp_gain":5,"max_hp_loss":0,"event_name":"Big Fish","floor":10,"gold_loss":0},{"damage_healed":0,"gold_gain":0,"player_choice":"Stole Relic","damage_taken":0,"relics_obtained":["Mummified Hand"],"max_hp_gain":0,"max_hp_loss":0,"event_name":"Addict","floor":20,"gold_loss":0,"cards_obtained":["Shame"]},{"damage_healed":17,"gold_gain":0,"player_choice":"Full Heal","damage_taken":0,"max_hp_gain":0,"max_hp_loss":0,"event_name":"Wheel of Change","floor":21,"gold_loss":0},{"damage_healed":0,"gold_gain":0,"player_choice":"Read","damage_taken":0,"max_hp_gain":0,"max_hp_loss":0,"event_name":"The Library","floor":30,"gold_loss":0,"cards_obtained":["Deadly Poison"]}],"is_beta":false,"boss_relics":[{"not_picked":["Philosopher\u0027s Stone","Lizard Tail"],"picked":"Runic Pyramid"}],"items_purged_floors":[3,19],"is_endless":false,"potions_floor_spawned":[6,13,16,24,29],"killed_by":"Collector","ascension_level":20}