{"gold_per_floor":[117,117,217,229,304,304,9,27,27,27,27],"floor_reached":11,"playtime":373,"items_purged":["Strike_G"],"score":95,"play_id":"e2d3af78-08af-47ae-b741-a33475c6a78e","local_time":"20180916000019","is_ascension_mode":true,"campfire_choices":[{"data":"Neutralize","floor":6,"key":"SMITH"},{"data":"Doppelganger","floor":10,"key":"SMITH"}],"neow_cost":"NONE","seed_source_timestamp":0,"circlet_count":0,"master_deck":["Defend_G","Defend_G","Defend_G","Defend_G","Defend_G","Strike_G","Strike_G","Strike_G","Strike_G","Survivor","Neutralize+1","AscendersBane","Doppelganger+1","Escape Plan","Cloak And Dagger","Well Laid Plans","Cloak And Dagger"],"special_seed":0,"relics":["Ring of the Snake","Ancient Tea Set","Membership Card","Juzu Bracelet"],"potions_floor_usage":[11],"damage_taken":[{"damage":7,"enemies":"Small Slimes","floor":1,"turns":4},{"damage":0,"enemies":"Cultist","floor":4,"turns":4},{"damage":0,"enemies":"2 Louse","floor":8,"turns":2},{"damage":58,"enemies":"Gremlin Nob","floor":11,"turns":5}],"seed_played":"-793414502500305448","potions_obtained":[{"floor":1,"key":"Poison Potion"},{"floor":4,"key":"Fire Potion"}],"is_trial":false,"path_per_floor":["M","?","?","M","?","R","$","M","T","R"],"character_chosen":"THE_SILENT","items_purchased":["Membership Card","Well Laid Plans","Cloak And Dagger"],"campfire_rested":0,"item_purchase_floors":[7,7,7],"current_hp_per_floor":[56,56,56,56,45,45,45,45,45,45,0],"gold":27,"neow_bonus":"ONE_RANDOM_RARE_CARD","is_prod":false,"is_daily":false,"chose_seed":false,"campfire_upgraded":2,"win_rate":0,"timestamp":1537070419,"path_taken":["M","?","?","M","?","R","$","?","T","R","E"],"build_version":"2018-09-06","purchased_purges":1,"victory":false,"max_hp_per_floor":[70,70,70,70,70,70,70,70,70,70,70],"card_choices":[{"not_picked":["Endless Agony","Slice"],"picked":"Escape Plan","floor":1},{"not_picked":["Bane","Slice"],"picked":"Cloak And Dagger","floor":4},{"not_picked":["Bane","Acrobatics","Slice"],"picked":"SKIP","floor":8}],"player_experience":397136,"relics_obtained":[{"floor":9,"key":"Juzu Bracelet"}],"event_choices":[{"event_name":"WeMeetAgain","player_choice":"Potion","floor":2,"damage_taken":0},{"event_name":"Golden Shrine","player_choice":"Pray","floor":3,"damage_taken":0},{"event_name":"World of Goop","player_choice":"Gather Gold","floor":5,"damage_taken":0}],"is_beta":false,"boss_relics":[],"items_purged_floors":[7],"is_endless":false,"potions_floor_spawned":[1,4],"killed_by":"Gremlin Nob","ascension_level":11}