{"gold_per_floor":[114,133,147,147,4,4,4,4,4,22,49,49,65,93,93,196,196,216,236,146,0,11,11],"floor_reached":23,"playtime":3232,"items_purged":[],"score":191,"play_id":"f454596a-fb4a-4312-9ba4-77fb4ef92fbd","local_time":"20190528023804","is_ascension_mode":false,"campfire_choices":[{"data":"Leap","floor":6,"key":"SMITH"},{"floor":8,"key":"REST"},{"data":"Auto Shields","floor":12,"key":"SMITH"},{"floor":15,"key":"REST"}],"neow_cost":"NONE","seed_source_timestamp":719642006343300,"circlet_count":0,"master_deck":["Strike_B","Strike_B","Strike_B","Strike_B","Defend_B","Defend_B","Defend_B","Defend_B+1","Zap","Dualcast","Leap+1","Auto Shields+1","Lockon","Go for the Eyes","Leap","Sweeping Beam","BootSequence","Steam","Turbo","Coolheaded","Darkness","BootSequence","Cold Snap+1","Steam+1","Electrodynamics"],"relics":["Cracked Core","Dream Catcher","Bag of Preparation","Potion Belt","Odd Mushroom","Prayer Wheel","Black Star","PreservedInsect"],"potions_floor_usage":[16,19,19],"damage_taken":[{"damage":3,"enemies":"Jaw Worm","floor":1,"turns":4},{"damage":4,"enemies":"2 Louse","floor":2,"turns":3},{"damage":0,"enemies":"Small Slimes","floor":3,"turns":4},{"damage":0,"enemies":"Looter","floor":10,"turns":3},{"damage":10,"enemies":"The Mushroom Lair","floor":11,"turns":6},{"damage":5,"enemies":"Gremlin Gang","floor":13,"turns":5},{"damage":4,"enemies":"Lagavulin","floor":14,"turns":8},{"damage":30,"enemies":"Slime Boss","floor":16,"turns":14},{"damage":67,"enemies":"Shell Parasite","floor":18,"turns":24},{"damage":5,"enemies":"Spheric Guardian","floor":19,"turns":5},{"damage":0,"enemies":"Shelled Parasite and Fungi","floor":22,"turns":11},{"damage":15,"enemies":"Snake Plant","floor":23,"turns":4}],"seed_played":"-6322817444882377578","potions_obtained":[{"floor":11,"key":"FearPotion"},{"floor":13,"key":"Fire Potion"},{"floor":14,"key":"Swift Potion"},{"floor":16,"key":"Fire Potion"},{"floor":19,"key":"FearPotion"}],"is_trial":false,"path_per_floor":["M","M","M","?","$","R","?","R","T","M","?","R","M","E","R","B",null,"M","M","?","$","M","M"],"character_chosen":"DEFECT","items_purchased":["Bag of Preparation","PreservedInsect"],"campfire_rested":2,"item_purchase_floors":[5,21],"current_hp_per_floor":[79,75,75,68,68,68,68,82,82,82,72,72,67,63,82,52,82,15,10,10,10,10,0],"gold":11,"neow_bonus":"TEN_PERCENT_HP_BONUS","is_prod":false,"is_daily":false,"chose_seed":false,"campfire_upgraded":2,"win_rate":0.0,"timestamp":1559025484,"path_taken":["M","M","M","?","$","R","?","R","T","M","?","R","M","E","R","BOSS","M","M","?","$","?","M"],"build_version":"2019-01-23","purchased_purges":0,"victory":false,"max_hp_per_floor":[82,82,82,82,82,82,82,82,82,82,82,82,82,82,82,82,82,82,82,82,82,82,82],"card_choices":[{"not_picked":["Rebound","Compile Driver"],"picked":"Leap","floor":1},{"not_picked":["Streamline","Go for the Eyes"],"picked":"Auto Shields","floor":2},{"not_picked":["Double Energy","Capacitor"],"picked":"Lockon","floor":3},{"not_picked":["Seek","Beam Cell"],"picked":"Go for the Eyes","floor":8},{"not_picked":["Hologram","Rebound"],"picked":"Leap","floor":10},{"not_picked":["FTL","Streamline"],"picked":"Sweeping Beam","floor":11},{"not_picked":["Barrage","Redo"],"picked":"BootSequence","floor":13},{"not_picked":["Seek","Compile Driver"],"picked":"Steam","floor":14},{"not_picked":["Skim","Conserve Battery"],"picked":"Turbo","floor":15},{"not_picked":["Seek","Reboot"],"picked":"Biased Cognition","floor":16},{"not_picked":["Sweeping Beam","Lockon"],"picked":"Coolheaded","floor":18},{"not_picked":["Rebound","Stack"],"picked":"Darkness","floor":18},{"not_picked":["Beam Cell","Cold Snap"],"picked":"BootSequence","floor":19},{"not_picked":["Compile Driver","Stack"],"picked":"Cold Snap+1","floor":19},{"not_picked":["Go for the Eyes","Beam Cell"],"picked":"Steam+1","floor":22},{"not_picked":["Steam","Cold Snap+1"],"picked":"Electrodynamics","floor":22}],"player_experience":44226,"relics_obtained":[{"floor":9,"key":"Potion Belt"},{"floor":11,"key":"Odd Mushroom"},{"floor":14,"key":"Prayer Wheel"}],"event_choices":[{"damage_healed":0,"gold_gain":0,"player_choice":"Success","damage_taken":7,"relics_obtained":["Dream Catcher"],"max_hp_gain":0,"max_hp_loss":0,"event_name":"Scrap Ooze","floor":4,"gold_loss":0},{"damage_healed":0,"gold_gain":0,"player_choice":"Leave","damage_taken":0,"max_hp_gain":0,"max_hp_loss":0,"event_name":"The Cleric","floor":7,"gold_loss":0},{"damage_healed":0,"gold_gain":0,"player_choice":"Fought Mushrooms","damage_taken":0,"max_hp_gain":0,"max_hp_loss":0,"event_name":"Mushrooms","floor":11,"gold_loss":0},{"cards_removed":["Biased Cognition"],"damage_healed":0,"gold_gain":0,"player_choice":"Upgrade and Remove","damage_taken":0,"max_hp_gain":0,"max_hp_loss":0,"event_name":"Designer","floor":20,"gold_loss":90,"cards_upgraded":["Defend_B"]}],"is_beta":false,"boss_relics":[{"not_picked":["Busted Crown","Empty Cage"],"picked":"Black Star"}],"items_purged_floors":[],"is_endless":false,"potions_floor_spawned":[11,13,14,16,19],"killed_by":"Snake Plant","ascension_level":0}