{"gold_per_floor":[111,31,51,51,51,51,82,82,82,102,120,135,135,151,151,248,248,260,0,17,32,32,32,60,71,71,91,16,16,36,47,47,145,195,208,208,16,29,48,48,80,80,80,80,93,106,126,3,3,3],"floor_reached":50,"playtime":9149,"items_purged":["Defend_G"],"score":599,"play_id":"2df34035-ed64-4ab1-be4c-f94389bb8a2b","local_time":"20190710004017","is_ascension_mode":true,"campfire_choices":[{"data":"Defend_G","floor":6.0,"key":"SMITH"},{"data":"Poisoned Stab","floor":8.0,"key":"SMITH"},{"data":"Footwork","floor":15.0,"key":"SMITH"},{"data":"Wraith Form v2","floor":23.0,"key":"SMITH"},{"floor":32.0,"key":"RECALL"},{"data":"Noxious Fumes","floor":40.0,"key":"SMITH"},{"data":"A Thousand Cuts","floor":49,"key":"SMITH"}],"neow_cost":"NONE","seed_source_timestamp":0,"circlet_count":0,"master_deck":["Strike_G+1","Strike_G+1","Defend_G","Defend_G","Defend_G","Defend_G+1","Survivor","Neutralize+1","Poisoned Stab+1","Footwork+1","Blur","Deadly Poison","Poisoned Stab","Cloak And Dagger","Die Die Die","Bane","Wraith Form v2+1","PiercingWail+1","Adrenaline+1","Backstab","Prepared","Burst","Outmaneuver","Sucker Punch","Noxious Fumes+1","Corpse Explosion","Sucker Punch","Backflip","A Thousand Cuts+1","Prepared","Predator+1","Violence","Bouncing Flask","Blur","Bouncing Flask","Catalyst+1","Noxious Fumes","Parasite","Bouncing Flask+1","Sucker Punch+1","Footwork","Deadly Poison"],"special_seed":0,"relics":["Coffee Dripper","Tough Bandages","Bronze Scales","Whetstone","Pear","Astrolabe","Potion Belt","Meat on the Bone","Tiny House","Ancient Tea Set","Juzu Bracelet"],"potions_floor_usage":[],"damage_taken":[{"damage":0.0,"enemies":"Jaw Worm","floor":1.0,"turns":5.0},{"damage":0.0,"enemies":"2 Louse","floor":3.0,"turns":2.0},{"damage":16.0,"enemies":"Gremlin Nob","floor":7.0,"turns":6.0},{"damage":0.0,"enemies":"Cultist","floor":10.0,"turns":3.0},{"damage":0.0,"enemies":"2 Fungi Beasts","floor":11.0,"turns":3.0},{"damage":0.0,"enemies":"Exordium Thugs","floor":12.0,"turns":3.0},{"damage":0.0,"enemies":"Looter","floor":14.0,"turns":3.0},{"damage":11.0,"enemies":"Hexaghost","floor":16.0,"turns":8.0},{"damage":0.0,"enemies":"Chosen","floor":18.0,"turns":4.0},{"damage":2.0,"enemies":"2 Thieves","floor":20.0,"turns":4.0},{"damage":0.0,"enemies":"Centurion and Healer","floor":21.0,"turns":8.0},{"damage":65.0,"enemies":"Gremlin Leader","floor":24.0,"turns":9.0},{"damage":0.0,"enemies":"Snake Plant","floor":25.0,"turns":4.0},{"damage":0.0,"enemies":"Snecko","floor":27.0,"turns":5.0},{"damage":11.0,"enemies":"Centurion and Healer","floor":30.0,"turns":3.0},{"damage":1.0,"enemies":"Cultist and Chosen","floor":31.0,"turns":4.0},{"damage":11.0,"enemies":"Collector","floor":33.0,"turns":9.0},{"damage":4.0,"enemies":"Orb Walker","floor":35.0,"turns":4.0},{"damage":28.0,"enemies":"3 Darklings","floor":38.0,"turns":5.0},{"damage":16.0,"enemies":"Maw","floor":39.0,"turns":7.0},{"damage":1.0,"enemies":"Reptomancer","floor":41.0,"turns":6.0},{"damage":24.0,"enemies":"Writhing Mass","floor":45.0,"turns":5.0},{"damage":24,"enemies":"Spire Growth","floor":46,"turns":5},{"damage":7,"enemies":"4 Shapes","floor":47,"turns":2},{"damage":38,"enemies":"Donu and Deca","floor":50,"turns":3}],"seed_played":"1084992618482233268","potions_obtained":[{"floor":1.0,"key":"Energy Potion"},{"floor":10.0,"key":"Fruit Juice"},{"floor":11.0,"key":"Energy Potion"},{"floor":25.0,"key":"Ancient Potion"},{"floor":30.0,"key":"EssenceOfSteel"},{"floor":31.0,"key":"EssenceOfSteel"},{"floor":33.0,"key":"FearPotion"},{"floor":34.0,"key":"Swift Potion"},{"floor":39.0,"key":"Explosive Potion"},{"floor":41.0,"key":"LiquidBronze"}],"is_trial":false,"path_per_floor":["M","$","M","?","T","R","E","R","T","M","M","M","?","M","R","B",null,"M","?","M","M","$","R","E","M","T","M","$","?","M","M","R","B",null,"M","?","$","M","M","R","E","?","T","?","M","M","M","$","R","B"],"character_chosen":"THE_SILENT","items_purchased":["Footwork","Bouncing Flask","Blur","SpeedPotion","Footwork","Deadly Poison"],"campfire_rested":0,"item_purchase_floors":[2,37,37,37,48,48],"current_hp_per_floor":[70,70,70,56,56,56,40,40,40,40,45,45,55,55,55,44,85,85,85,83,83,83,83,18,18,18,30,30,30,31,42,42,43,90,86,86,86,58,54,54,53,53,53,53,41,29,34,34,34,0],"gold":3,"neow_bonus":"BOSS_RELIC","is_prod":false,"is_daily":false,"chose_seed":false,"campfire_upgraded":6,"win_rate":0,"timestamp":1562733617,"path_taken":["M","$","M","?","?","R","E","R","T","M","M","M","?","M","R","BOSS","M","?","M","M","$","R","E","M","T","M","$","?","?","M","R","BOSS","M","?","$","M","M","R","E","?","T","?","M","M","M","$","R","BOSS"],"build_version":"2019-07-05","purchased_purges":1,"victory":false,"max_hp_per_floor":[70,70,70,70,70,70,70,70,70,70,75,75,85,85,85,85,85,85,85,85,85,85,85,85,85,85,85,85,85,85,85,85,85,90,90,90,90,90,90,90,90,90,90,85,85,85,85,85,85,85],"card_choices":[{"not_picked":["Eviscerate","Dagger Throw"],"picked":"Poisoned Stab","floor":1.0},{"not_picked":["Endless Agony","Concentrate"],"picked":"Blur","floor":3.0},{"not_picked":["Dodge and Roll","PiercingWail"],"picked":"Deadly Poison","floor":7.0},{"not_picked":["Dagger Throw","Flying Knee"],"picked":"Poisoned Stab","floor":10.0},{"not_picked":["Dagger Throw","Flying Knee"],"picked":"Cloak And Dagger","floor":11.0},{"not_picked":["Poisoned Stab","Outmaneuver"],"picked":"Die Die Die","floor":12.0},{"not_picked":["Blade Dance","Dagger Spray"],"picked":"Bane","floor":14.0},{"not_picked":["Storm of Steel","A Thousand Cuts"],"picked":"Wraith Form v2","floor":16.0},{"not_picked":["Bane+1","Blade Dance"],"picked":"Backstab","floor":18.0},{"not_picked":["Outmaneuver+1","Reflex+1"],"picked":"Prepared","floor":20.0},{"not_picked":["Acrobatics","Skewer","Slice"],"picked":"SKIP","floor":21.0},{"not_picked":["Concentrate","Predator"],"picked":"Burst","floor":24.0},{"not_picked":["Endless Agony","Blade Dance"],"picked":"Outmaneuver","floor":25.0},{"not_picked":["Dodge and Roll","All Out Attack"],"picked":"Sucker Punch","floor":27.0},{"not_picked":["Flechettes","Prepared"],"picked":"Sucker Punch","floor":30.0},{"not_picked":["Dodge and Roll","Deflect"],"picked":"Backflip","floor":31.0},{"not_picked":["Malaise","Wraith Form v2"],"picked":"A Thousand Cuts","floor":33.0},{"not_picked":["Flying Knee+1","Dagger Spray"],"picked":"Prepared","floor":34.0},{"not_picked":["Acrobatics","Dagger Throw+1"],"picked":"Predator+1","floor":35.0},{"not_picked":["Madness","Flash of Steel"],"picked":"Violence","floor":36.0},{"not_picked":["Blade Dance+1","Poisoned Stab+1"],"picked":"Bouncing Flask","floor":38.0},{"not_picked":["Cloak And Dagger","Dagger Spray+1"],"picked":"Catalyst+1","floor":39.0},{"not_picked":["Underhanded Strike","Dagger Spray+1"],"picked":"Noxious Fumes","floor":41.0},{"not_picked":["Masterful Stab","Calculated Gamble"],"picked":"Bouncing Flask+1","floor":45},{"not_picked":["Underhanded Strike","Acrobatics+1"],"picked":"Sucker Punch+1","floor":46},{"not_picked":["Underhanded Strike","Prepared+1","Quick Slash+1"],"picked":"SKIP","floor":47}],"player_experience":202673,"relics_obtained":[{"floor":5.0,"key":"Tough Bandages"},{"floor":7.0,"key":"Bronze Scales"},{"floor":9.0,"key":"Whetstone"},{"floor":24.0,"key":"Potion Belt"},{"floor":26.0,"key":"Meat on the Bone"},{"floor":41.0,"key":"Ancient Tea Set"},{"floor":43.0,"key":"Juzu Bracelet"}],"event_choices":[{"damage_healed":0.0,"max_hp_gain":0.0,"max_hp_loss":0.0,"gold_gain":0.0,"event_name":"Shining Light","player_choice":"Entered Light","floor":4.0,"gold_loss":0.0,"damage_taken":14.0,"cards_upgraded":["Strike_G","Neutralize"]},{"damage_healed":0.0,"max_hp_gain":0.0,"max_hp_loss":0.0,"gold_gain":0.0,"event_name":"WeMeetAgain","player_choice":"Gave Potion","floor":13.0,"gold_loss":0.0,"damage_taken":0.0,"relics_obtained":["Pear"]},{"damage_healed":0.0,"max_hp_gain":0.0,"max_hp_loss":0.0,"gold_gain":0.0,"event_name":"Masked Bandits","player_choice":"Paid Fearfully","floor":19.0,"gold_loss":260.0,"damage_taken":0.0},{"damage_healed":0.0,"max_hp_gain":0.0,"max_hp_loss":0.0,"gold_gain":0.0,"event_name":"Match and Keep!","player_choice":"2 cards matched","floor":29.0,"gold_loss":0.0,"damage_taken":0.0,"cards_obtained":["Noxious Fumes","Corpse Explosion"]},{"damage_healed":0.0,"max_hp_gain":0.0,"max_hp_loss":0.0,"gold_gain":0.0,"event_name":"SensoryStone","player_choice":"Memory 1","floor":36.0,"gold_loss":0.0,"damage_taken":0.0},{"cards_removed":["Slice"],"damage_healed":0.0,"max_hp_gain":0.0,"max_hp_loss":0.0,"gold_gain":0.0,"event_name":"Falling","player_choice":"Removed Attack","floor":42.0,"gold_loss":0.0,"damage_taken":0.0},{"damage_healed":0.0,"max_hp_gain":0.0,"max_hp_loss":5.0,"gold_gain":0.0,"event_name":"Winding Halls","player_choice":"Max HP","floor":44.0,"gold_loss":0.0,"damage_taken":0.0}],"is_beta":false,"boss_relics":[{"not_picked":["Snecko Eye","Runic Dome"],"picked":"Astrolabe"},{"not_picked":["Cursed Key","HoveringKite"],"picked":"Tiny House"}],"items_purged_floors":[28],"is_endless":false,"potions_floor_spawned":[1,10,11,25,30,31,33,39,41],"killed_by":"Donu and Deca","ascension_level":1}