{"gold_per_floor":[118,135,135,135,149,149,161,161,161,235,235,255,273,16,16,16],"floor_reached":16,"playtime":649,"items_purged":["Strike_G"],"score":92,"play_id":"83195a45-ac27-4d1f-bf96-a5cd545982dd","local_time":"20190716145233","is_ascension_mode":false,"campfire_choices":[{"data":"Blur","floor":6.0,"key":"SMITH"},{"floor":8.0,"key":"REST"},{"floor":11.0,"key":"RECALL"},{"data":"Neutralize","floor":15.0,"key":"SMITH"}],"neow_cost":"NONE","seed_source_timestamp":187953289423552,"circlet_count":0,"master_deck":["Strike_G","Strike_G","Strike_G+1","Defend_G","Defend_G","Defend_G","Defend_G","Defend_G+1","Survivor","Neutralize+1","Blur+1","Acrobatics","Acrobatics","Backflip"],"special_seed":0,"relics":["Ring of the Snake","NeowsBlessing","Kunai","Membership Card"],"potions_floor_usage":[16,16,16],"damage_taken":[{"damage":0.0,"enemies":"Cultist","floor":1.0,"turns":1.0},{"damage":0.0,"enemies":"Small Slimes","floor":2.0,"turns":1.0},{"damage":0.0,"enemies":"Jaw Worm","floor":5.0,"turns":1.0},{"damage":27.0,"enemies":"Exordium Wildlife","floor":7.0,"turns":9.0},{"damage":0.0,"enemies":"Exordium Thugs","floor":12.0,"turns":7.0},{"damage":7.0,"enemies":"Red Slaver","floor":13.0,"turns":5.0},{"damage":44,"enemies":"Slime Boss","floor":16,"turns":18}],"seed_played":"-6797650313224004692","potions_obtained":[{"floor":1.0,"key":"GamblersBrew"},{"floor":7.0,"key":"Block Potion"},{"floor":12.0,"key":"Dexterity Potion"}],"is_trial":false,"path_per_floor":["M","M","?","?","M","R","M","R","T","T","R","M","M","$","R","B"],"character_chosen":"THE_SILENT","items_purchased":["Membership Card","Backflip"],"campfire_rested":1,"item_purchase_floors":[14,14],"current_hp_per_floor":[70,70,70,56,56,56,29,50,50,50,50,50,43,43,43,0],"gold":16,"neow_bonus":"THREE_ENEMY_KILL","is_prod":false,"is_daily":false,"chose_seed":false,"campfire_upgraded":2,"win_rate":0,"timestamp":1563303153,"path_taken":["M","M","?","?","?","R","M","R","T","?","R","M","?","?","R","BOSS"],"build_version":"2019-07-05","purchased_purges":1,"victory":false,"max_hp_per_floor":[70,70,70,70,70,70,70,70,70,70,70,70,70,70,70,70],"card_choices":[{"not_picked":["Catalyst","Dodge and Roll"],"picked":"Blur","floor":1.0},{"not_picked":["Dagger Throw","Expertise"],"picked":"Acrobatics","floor":2.0},{"not_picked":["Blade Dance","Crippling Poison"],"picked":"Acrobatics","floor":5.0},{"not_picked":["Dodge and Roll","PiercingWail","Riddle With Holes"],"picked":"SKIP","floor":7.0},{"not_picked":["Malaise","Flying Knee","Dagger Spray"],"picked":"SKIP","floor":12.0},{"not_picked":["Cloak And Dagger","Prepared","Slice"],"picked":"SKIP","floor":13.0}],"player_experience":130479,"relics_obtained":[{"floor":10.0,"key":"Kunai"}],"event_choices":[{"cards_removed":["Strike_G"],"damage_healed":0.0,"max_hp_gain":0.0,"max_hp_loss":0.0,"gold_gain":0.0,"event_name":"Living Wall","player_choice":"Forget","floor":3.0,"gold_loss":0.0,"damage_taken":0.0},{"damage_healed":0.0,"max_hp_gain":0.0,"max_hp_loss":0.0,"gold_gain":0.0,"event_name":"Shining Light","player_choice":"Entered Light","floor":4.0,"gold_loss":0.0,"damage_taken":14.0,"cards_upgraded":["Defend_G","Strike_G"]}],"is_beta":false,"boss_relics":[],"items_purged_floors":[14],"is_endless":false,"potions_floor_spawned":[1,7,12],"killed_by":"Slime Boss","ascension_level":0}