{"gold_per_floor":[119,131,131,5,5,36,36,46,114,114,139,139,173,193,193,193],"floor_reached":16,"playtime":743,"items_purged":["Strike_R"],"score":236,"play_id":"2d49c18b-6cf9-43c7-99e3-4dff78d5b6b2","local_time":"20190718204904","is_ascension_mode":true,"campfire_choices":[{"data":"Bash","floor":7.0,"key":"SMITH"},{"data":"Thunderclap","floor":10.0,"key":"SMITH"},{"floor":12.0,"key":"REST"},{"data":"Clothesline","floor":15.0,"key":"SMITH"}],"neow_cost":"NONE","seed_source_timestamp":24858783526888,"circlet_count":0,"master_deck":["AscendersBane","Strike_R","Strike_R","Strike_R+1","Strike_R","Defend_R","Defend_R+1","Defend_R","Defend_R","Bash+1","Shrug It Off","Thunderclap+1","Headbutt","Thunderclap","Feel No Pain","Clothesline+1","Evolve"],"special_seed":0,"relics":["Burning Blood","Anchor","Smiling Mask","Gremlin Horn","WingedGreaves","Strawberry"],"potions_floor_usage":[16],"damage_taken":[{"damage":7.0,"enemies":"Cultist","floor":1.0,"turns":4.0},{"damage":2.0,"enemies":"Small Slimes","floor":2.0,"turns":5.0},{"damage":22.0,"enemies":"3 Sentries","floor":6.0,"turns":9.0},{"damage":0.0,"enemies":"2 Louse","floor":8.0,"turns":2.0},{"damage":37.0,"enemies":"Lagavulin","floor":11.0,"turns":7.0},{"damage":32.0,"enemies":"Gremlin Nob","floor":13.0,"turns":4.0},{"damage":0.0,"enemies":"Blue Slaver","floor":14.0,"turns":4.0},{"damage":30,"enemies":"The Guardian","floor":16,"turns":13}],"seed_played":"-5963081604238960489","potions_obtained":[{"floor":2.0,"key":"Dexterity Potion"},{"floor":6.0,"key":"Weak Potion"},{"floor":13.0,"key":"LiquidBronze"}],"is_trial":false,"path_per_floor":["M","M","T","$","?","E","R","M","T","R","E","R","E","M","R","B"],"character_chosen":"IRONCLAD","items_purchased":["Headbutt"],"campfire_rested":1,"item_purchase_floors":[4],"current_hp_per_floor":[74,78,78,78,53,37,37,43,43,43,12,36,17,23,23,0],"gold":193,"neow_bonus":"TEN_PERCENT_HP_BONUS","is_prod":false,"is_daily":false,"chose_seed":false,"campfire_upgraded":3,"win_rate":0,"timestamp":1563497344,"path_taken":["M","M","?","$","?","E","R","M","T","R","E","R","E","M","R","BOSS"],"build_version":"2019-07-17","purchased_purges":1,"victory":false,"max_hp_per_floor":[82,82,82,82,82,82,82,82,82,82,82,82,89,89,89,89],"card_choices":[{"not_picked":["Evolve","Twin Strike"],"picked":"Shrug It Off","floor":1.0},{"not_picked":["Rage","Intimidate"],"picked":"Thunderclap","floor":2.0},{"not_picked":["True Grit","Armaments"],"picked":"Thunderclap","floor":6.0},{"not_picked":["Armaments","Clothesline"],"picked":"Feel No Pain","floor":8.0},{"not_picked":["Havoc","Wild Strike"],"picked":"Clothesline","floor":11.0},{"not_picked":["True Grit","Rage","Pommel Strike"],"picked":"SKIP","floor":13.0},{"not_picked":["Rupture","Clothesline"],"picked":"Evolve","floor":14.0}],"player_experience":1613643,"relics_obtained":[{"floor":3.0,"key":"Anchor"},{"floor":6.0,"key":"Smiling Mask"},{"floor":9.0,"key":"Gremlin Horn"},{"floor":11.0,"key":"WingedGreaves"},{"floor":13.0,"key":"Strawberry"}],"event_choices":[{"damage_healed":0.0,"max_hp_gain":0.0,"max_hp_loss":0.0,"gold_gain":0.0,"event_name":"Shining Light","player_choice":"Entered Light","floor":5.0,"gold_loss":0.0,"damage_taken":25.0,"cards_upgraded":["Defend_R","Strike_R"]}],"is_beta":false,"boss_relics":[],"items_purged_floors":[4],"is_endless":false,"potions_floor_spawned":[2,6,13],"killed_by":"The Guardian","ascension_level":20}