{"gold_per_floor":[113,113,131,142,159,159,189,189,264,224,241,241,241,251,251,328,328,344,344,363,70,70,105,123,153,153,180,180,212,212,241,241,315,315,327,427,75,95,317,346,346,380,407,441,441,441,459,469,469,469,469,469,469,70,103,103],"floor_reached":57,"playtime":5222,"items_purged":[],"score":3207,"play_id":"e59ff53a-aa92-4f43-b07a-4acf76e6926f","local_time":"20190313235205","is_ascension_mode":true,"campfire_choices":[{"data":"Neutralize","floor":6,"key":"SMITH"},{"data":"Wraith Form v2","floor":8,"key":"SMITH"},{"data":"Caltrops","floor":12,"key":"SMITH"},{"data":"Dodge and Roll","floor":15,"key":"SMITH"},{"data":"Footwork","floor":28,"key":"SMITH"},{"data":"Well Laid Plans","floor":30,"key":"SMITH"},{"data":"Flechettes","floor":32,"key":"SMITH"},{"data":"Accuracy","floor":41,"key":"SMITH"},{"floor":46,"key":"RECALL"},{"floor":49,"key":"REST"},{"data":"Footwork","floor":53,"key":"SMITH"}],"neow_cost":"NONE","seed_source_timestamp":437356314597180,"circlet_count":0,"master_deck":["AscendersBane","Survivor","Neutralize+1","Backflip","Caltrops+1","Wraith Form v2+1","Dodge and Roll+1","Leg Sweep+1","Cloak And Dagger+1","Dodge and Roll+1","Corpse Explosion+1","Calculated Gamble+1","Crippling Poison+1","Reflex+1","Accuracy+1","Venomology+1","Malaise+1","Calculated Gamble+1","Expertise+1","Flechettes+1","Crippling Poison+1","Cloak And Dagger+1","Footwork+1","PiercingWail+1","Deflect+1","Outmaneuver+1","Dodge and Roll+1","Calculated Gamble+1","Well Laid Plans+1","Bouncing Flask+1","Bullet Time+1","Blur+1","Footwork+1","Madness+1","Madness+1","Outmaneuver+1","Infinite Blades","Escape Plan+1","Expertise+1"],"special_seed":0,"relics":["Ring of the Snake","NeowsBlessing","Torii","Toxic Egg 2","Pandora\u0027s Box","Lee\u0027s Waffle","Lantern","Bronze Scales","Meat on the Bone","Red Mask","Ancient Tea Set","Pear","Busted Crown","Tough Bandages","Kunai","Letter Opener","Sundial","Tingsha","Strawberry","Bottled Lightning"],"potions_floor_usage":[7,18,20,23,25,27,29,31,33,35,36,38,38,40,40,42,42,44,48,50,56,56],"damage_taken":[{"damage":0.0,"enemies":"Small Slimes","floor":1.0,"turns":1.0},{"damage":0,"enemies":"Cultist","floor":3,"turns":1},{"damage":0,"enemies":"Jaw Worm","floor":4,"turns":1},{"damage":1,"enemies":"2 Fungi Beasts","floor":5,"turns":5},{"damage":27,"enemies":"3 Sentries","floor":7,"turns":8},{"damage":1,"enemies":"Looter","floor":10,"turns":4},{"damage":9,"enemies":"Blue Slaver","floor":11,"turns":6},{"damage":14,"enemies":"Large Slime","floor":14,"turns":8},{"damage":3,"enemies":"The Guardian","floor":16,"turns":17},{"damage":10,"enemies":"2 Thieves","floor":18,"turns":3},{"damage":0,"enemies":"Shell Parasite","floor":20,"turns":6},{"damage":1,"enemies":"Book of Stabbing","floor":23,"turns":7},{"damage":0,"enemies":"Snecko","floor":24,"turns":6},{"damage":10,"enemies":"Slavers","floor":25,"turns":4},{"damage":0,"enemies":"Masked Bandits","floor":27,"turns":4},{"damage":18,"enemies":"Gremlin Leader","floor":29,"turns":6},{"damage":6,"enemies":"Book of Stabbing","floor":31,"turns":5},{"damage":0,"enemies":"Automaton","floor":33,"turns":11},{"damage":0,"enemies":"3 Shapes","floor":35,"turns":4},{"damage":0,"enemies":"Mind Bloom Boss Battle","floor":36,"turns":5},{"damage":1,"enemies":"Orb Walker","floor":38,"turns":5},{"damage":0,"enemies":"Giant Head","floor":40,"turns":13},{"damage":0,"enemies":"Nemesis","floor":42,"turns":11},{"damage":0,"enemies":"Giant Head","floor":44,"turns":9},{"damage":0,"enemies":"Transient","floor":47,"turns":6},{"damage":3,"enemies":"Maw","floor":48,"turns":7},{"damage":1,"enemies":"Awakened One","floor":50,"turns":13},{"damage":0,"enemies":"Donu and Deca","floor":51,"turns":8},{"damage":19,"enemies":"Shield and Spear","floor":55,"turns":8},{"damage":9,"enemies":"The Heart","floor":56,"turns":11}],"seed_played":"300053551688542861","potions_obtained":[{"floor":1.0,"key":"SteroidPotion"},{"floor":3,"key":"Energy Potion"},{"floor":18,"key":"GhostInAJar"},{"floor":38,"key":"Swift Potion"},{"floor":40,"key":"Block Potion"},{"floor":42,"key":"SpeedPotion"},{"floor":44,"key":"FairyPotion"}],"is_trial":false,"path_per_floor":["M","?","M","M","M","R","E","R","T","M","M","R","?","M","R","B",null,"M","?","M","$","?","E","M","E","T","?","R","E","R","E","R","B",null,"M","?","$","M","?","E","R","E","T","E","?","R","M","M","R","B","B",null,"R","$","E","B",null],"character_chosen":"THE_SILENT","items_purchased":["Lee\u0027s Waffle","PiercingWail+1","Deflect+1","Kunai","Footwork","Infinite Blades","Escape Plan+1","Strawberry","GhostInAJar"],"campfire_rested":1,"item_purchase_floors":[21,21,21,37,37,54,54,54,54],"current_hp_per_floor":[59,59,59,59,58,58,31,31,31,30,21,21,21,7,7,4,51,41,41,41,73,73,72,72,62,62,62,62,44,44,48,48,48,74,74,74,74,73,73,73,73,73,73,73,58,58,58,55,79,78,78,82,82,89,70,61],"gold":103,"neow_bonus":"THREE_ENEMY_KILL","is_prod":false,"is_daily":false,"chose_seed":false,"campfire_upgraded":9,"win_rate":0,"timestamp":1552535525,"path_taken":["M","?","?","M","?","R","E","R","T","M","M","R","?","M","R","BOSS","M","?","M","$","?","E","M","E","T","?","R","E","R","E","R","BOSS","M","?","$","M","?","E","R","E","T","E","?","R","M","M","R","BOSS","BOSS","R","$","E","BOSS"],"build_version":"2019-01-23","purchased_purges":0,"victory":true,"max_hp_per_floor":[66,66,66,66,66,66,66,66,66,66,66,66,66,66,66,66,66,66,66,66,73,73,73,73,73,73,73,73,73,73,83,83,83,83,83,83,83,83,83,83,83,83,83,83,83,83,83,83,83,83,83,83,83,90,90,90],"card_choices":[{"not_picked":["Setup","Dodge and Roll","Underhanded Strike"],"picked":"SKIP","floor":1.0},{"not_picked":["Blade Dance","Escape Plan"],"picked":"Flying Knee","floor":3},{"not_picked":["Eviscerate","Sucker Punch","Prepared"],"picked":"SKIP","floor":4},{"not_picked":["Caltrops","Quick Slash"],"picked":"Wraith Form v2","floor":5},{"not_picked":["Flying Knee","Dagger Throw"],"picked":"Dodge and Roll","floor":7},{"not_picked":["Dagger Throw","Blade Dance+1"],"picked":"Leg Sweep+1","floor":10},{"not_picked":["Reflex+1","Quick Slash"],"picked":"Cloak And Dagger+1","floor":11},{"not_picked":["Slice","Outmaneuver+1"],"picked":"Dodge and Roll+1","floor":14},{"not_picked":["Venomology+1","Die Die Die"],"picked":"Corpse Explosion+1","floor":16},{"not_picked":["Prepared+1","Poisoned Stab"],"picked":"Cloak And Dagger+1","floor":18},{"not_picked":["Sucker Punch","Heel Hook"],"picked":"Footwork","floor":20},{"not_picked":["Slice","Skewer+1","Choke"],"picked":"SKIP","floor":23},{"not_picked":["Choke+1","Concentrate+1"],"picked":"Outmaneuver+1","floor":24},{"not_picked":["Finisher","Slice"],"picked":"Dodge and Roll+1","floor":25},{"not_picked":["Flechettes","Doppelganger+1"],"picked":"Calculated Gamble+1","floor":27},{"not_picked":["Prepared+1","Crippling Poison+1"],"picked":"Well Laid Plans","floor":29},{"not_picked":["Reflex+1","Outmaneuver+1"],"picked":"Bouncing Flask+1","floor":31},{"not_picked":["After Image","Corpse Explosion+1"],"picked":"Bullet Time+1","floor":33},{"not_picked":[],"picked":"Blur+1","floor":35},{"not_picked":["Masterful Stab"],"picked":"SKIP","floor":38},{"not_picked":["Quick Slash"],"picked":"SKIP","floor":40},{"not_picked":["Quick Slash"],"picked":"SKIP","floor":42},{"not_picked":["Dagger Throw"],"picked":"SKIP","floor":44},{"not_picked":[],"picked":"Outmaneuver+1","floor":47},{"not_picked":["PiercingWail+1"],"picked":"SKIP","floor":48},{"not_picked":[],"picked":"Expertise+1","floor":55}],"player_experience":853859,"relics_obtained":[{"floor":7,"key":"Torii"},{"floor":9,"key":"Toxic Egg 2"},{"floor":23,"key":"Lantern"},{"floor":25,"key":"Bronze Scales"},{"floor":26,"key":"Meat on the Bone"},{"floor":27,"key":"Red Mask"},{"floor":29,"key":"Ancient Tea Set"},{"floor":31,"key":"Pear"},{"floor":36,"key":"Tough Bandages"},{"floor":40,"key":"Letter Opener"},{"floor":42,"key":"Sundial"},{"floor":44,"key":"Tingsha"},{"floor":55,"key":"Bottled Lightning"}],"event_choices":[{"damage_healed":0,"gold_gain":0,"player_choice":"2 cards matched","damage_taken":0,"max_hp_gain":0,"max_hp_loss":0,"event_name":"Match and Keep!","floor":2,"gold_loss":0,"cards_obtained":["Backflip","Caltrops"]},{"damage_healed":0,"gold_gain":0,"player_choice":"Ignored","damage_taken":0,"max_hp_gain":0,"max_hp_loss":0,"event_name":"Liars Game","floor":13,"gold_loss":0},{"cards_removed":["Flying Knee"],"damage_healed":0,"gold_gain":0,"player_choice":"Elegance","damage_taken":0,"max_hp_gain":0,"max_hp_loss":0,"event_name":"Back to Basics","floor":19,"gold_loss":0},{"damage_healed":0,"gold_gain":0,"player_choice":"Ignored","damage_taken":0,"max_hp_gain":0,"max_hp_loss":0,"event_name":"Vampires","floor":22,"gold_loss":0},{"damage_healed":0,"gold_gain":0,"player_choice":"Fought Bandits","damage_taken":0,"max_hp_gain":0,"max_hp_loss":0,"event_name":"Masked Bandits","floor":27,"gold_loss":0},{"damage_healed":0,"gold_gain":0,"player_choice":"Fight","damage_taken":0,"max_hp_gain":0,"max_hp_loss":0,"event_name":"MindBloom","floor":36,"gold_loss":0},{"damage_healed":0,"gold_gain":222,"player_choice":"Wore Mask","damage_taken":0,"max_hp_gain":0,"max_hp_loss":0,"event_name":"Tomb of Lord Red Mask","floor":39,"gold_loss":0},{"damage_healed":0,"gold_gain":0,"player_choice":"Embrace Madness","damage_taken":15,"max_hp_gain":0,"max_hp_loss":0,"event_name":"Winding Halls","floor":45,"gold_loss":0,"cards_obtained":["Madness","Madness"]}],"is_beta":false,"boss_relics":[{"not_picked":["Velvet Choker","White Beast Statue"],"picked":"Pandora\u0027s Box"},{"not_picked":["Astrolabe","Empty Cage"],"picked":"Busted Crown"}],"items_purged_floors":[],"is_endless":false,"potions_floor_spawned":[1,3,5,18,24,38,40,42,44],"ascension_level":20}