{"gold_per_floor":[111,131,150,150,200,235,235,255,255,289,316,336,336,368,368,442,442,461,436,436,436,436],"floor_reached":22,"playtime":993,"items_purged":[],"score":458,"play_id":"009e4601-09f9-4804-958c-49ec021d8a93","local_time":"20190502215535","is_ascension_mode":true,"campfire_choices":[{"data":"Neutralize","floor":7,"key":"SMITH"},{"data":"Strike_G","floor":15,"key":"PURGE"}],"neow_cost":"NONE","seed_source_timestamp":243137412217095,"circlet_count":0,"master_deck":["AscendersBane","Defend_G","Defend_G","Defend_G","Defend_G","Defend_G","Strike_G","Strike_G","Strike_G","Strike_G","Survivor","Neutralize+1","All Out Attack","Masterful Stab","Adrenaline","Deadly Poison","Deadly Poison","Backflip","Envenom","Deadly Poison+1","Leg Sweep","Ghostly","Ghostly","Ghostly","Flying Knee","Burst"],"relics":["Ring of the Serpent","NeowsBlessing","Bronze Scales","Mummified Hand","Peace Pipe","Odd Mushroom","Gambling Chip","Regal Pillow"],"potions_floor_usage":[10,11,14],"damage_taken":[{"damage":0,"enemies":"Cultist","floor":1,"turns":1},{"damage":0,"enemies":"Jaw Worm","floor":2,"turns":1},{"damage":0,"enemies":"2 Louse","floor":3,"turns":1},{"damage":17,"enemies":"3 Sentries","floor":6,"turns":7},{"damage":0,"enemies":"Lots of Slimes","floor":8,"turns":2},{"damage":26,"enemies":"Gremlin Nob","floor":10,"turns":4},{"damage":6,"enemies":"The Mushroom Lair","floor":11,"turns":3},{"damage":0,"enemies":"3 Louse","floor":12,"turns":2},{"damage":0,"enemies":"Lagavulin","floor":14,"turns":5},{"damage":3,"enemies":"The Guardian","floor":16,"turns":9},{"damage":9,"enemies":"Shell Parasite","floor":18,"turns":8},{"damage":10,"enemies":"2 Thieves","floor":19,"turns":4},{"damage":6,"enemies":"Centurion and Healer","floor":22,"turns":5}],"seed_played":"7077790924543861201","potions_obtained":[{"floor":3,"key":"GamblersBrew"},{"floor":6,"key":"Fruit Juice"},{"floor":10,"key":"Dexterity Potion"},{"floor":11,"key":"Block Potion"},{"floor":14,"key":"SteroidPotion"},{"floor":16,"key":"Explosive Potion"}],"is_trial":false,"path_per_floor":["M","M","M","?","?","E","R","M","T","E","?","M","?","E","R","B",null,"M","M","?","?","M"],"character_chosen":"THE_SILENT","items_purchased":[],"campfire_rested":0,"item_purchase_floors":[],"current_hp_per_floor":[59,59,59,64,64,47,47,47,47,21,20,20,20,20,20,17,61,52,42,38,38,32],"gold":436,"neow_bonus":"THREE_ENEMY_KILL","is_prod":false,"is_daily":false,"chose_seed":false,"campfire_upgraded":1,"win_rate":0,"timestamp":1556848535,"path_taken":["M","M","?","?","?","E","R","?","T","E","?","M","?","E","R","BOSS","M","M","?","?","?"],"build_version":"2019-01-23","purchased_purges":0,"victory":false,"max_hp_per_floor":[66,66,66,71,71,71,71,71,71,71,76,76,76,76,76,76,76,76,76,38,38,38],"card_choices":[{"not_picked":["PiercingWail","Quick Slash"],"picked":"All Out Attack","floor":1},{"not_picked":["Prepared","Blade Dance"],"picked":"All Out Attack","floor":2},{"not_picked":["Blade Dance","Dodge and Roll"],"picked":"Masterful Stab","floor":3},{"not_picked":["Slice","Masterful Stab"],"picked":"Adrenaline","floor":6},{"not_picked":["Dagger Throw","Acrobatics"],"picked":"Deadly Poison","floor":8},{"not_picked":["Accuracy","Quick Slash"],"picked":"Deadly Poison","floor":10},{"not_picked":["Dagger Spray","Deadly Poison"],"picked":"Backflip","floor":11},{"not_picked":["Deadly Poison","Underhanded Strike","Setup"],"picked":"SKIP","floor":12},{"not_picked":["Acrobatics","Blade Dance","Distraction"],"picked":"SKIP","floor":14},{"not_picked":["Storm of Steel","Bullet Time"],"picked":"Envenom","floor":16},{"not_picked":["Acrobatics","Dagger Spray+1"],"picked":"Deadly Poison+1","floor":18},{"not_picked":["Bane","Finisher"],"picked":"Leg Sweep","floor":19}],"player_experience":1133953,"relics_obtained":[{"floor":6,"key":"Bronze Scales"},{"floor":9,"key":"Mummified Hand"},{"floor":10,"key":"Peace Pipe"},{"floor":11,"key":"Odd Mushroom"},{"floor":14,"key":"Regal Pillow"}],"event_choices":[{"damage_healed":0,"gold_gain":0,"player_choice":"Donut","damage_taken":0,"max_hp_gain":5,"max_hp_loss":0,"event_name":"Big Fish","floor":4,"gold_loss":0},{"damage_healed":0,"gold_gain":50,"player_choice":"Pray","damage_taken":0,"max_hp_gain":0,"max_hp_loss":0,"event_name":"Golden Shrine","floor":5,"gold_loss":0},{"damage_healed":0,"gold_gain":0,"player_choice":"Fought Mushrooms","damage_taken":0,"max_hp_gain":0,"max_hp_loss":0,"event_name":"Mushrooms","floor":11,"gold_loss":0},{"cards_removed":["All Out Attack"],"damage_healed":0,"gold_gain":0,"player_choice":"Gave Card","damage_taken":0,"relics_obtained":["Gambling Chip"],"max_hp_gain":0,"max_hp_loss":0,"event_name":"WeMeetAgain","floor":13,"gold_loss":0},{"damage_healed":0,"gold_gain":0,"player_choice":"Became a Ghost","damage_taken":0,"max_hp_gain":0,"max_hp_loss":38,"event_name":"Ghosts","floor":20,"gold_loss":0,"cards_obtained":["Ghostly","Ghostly","Ghostly"]},{"damage_healed":0,"gold_gain":0,"player_choice":"2 cards matched","damage_taken":0,"max_hp_gain":0,"max_hp_loss":0,"event_name":"Match and Keep!","floor":21,"gold_loss":0,"cards_obtained":["Flying Knee","Burst"]}],"is_beta":false,"boss_relics":[{"not_picked":["Black Star","Busted Crown"],"picked":"Ring of the Serpent"}],"items_purged_floors":[],"is_endless":false,"potions_floor_spawned":[3,6,10,11,14,16],"killed_by":"Centurion and Healer","ascension_level":20}