{"gold_per_floor":[109,121,121,121,142,142,160,183,206,221,221,239,239],"floor_reached":13,"playtime":472,"items_purged":[],"score":95,"play_id":"88b96020-5a36-410b-bbf6-e034e0005d5a","local_time":"20180822013241","is_ascension_mode":true,"campfire_choices":[{"data":"Zap","floor":6,"key":"SMITH"},{"data":"Consume","floor":11,"key":"SMITH"}],"neow_cost":"NONE","seed_source_timestamp":512215674259899,"circlet_count":0,"master_deck":["Strike_B","Strike_B","Strike_B","Strike_B","Defend_B","Defend_B","Defend_B","Defend_B","Zap+1","Dualcast","Recycle","Conserve Battery","Consume+1","Redo","Doubt","Storm","Steam"],"relics":["Cursed Key","Golden Idol","Bronze Scales"],"potions_floor_usage":[7],"damage_taken":[{"damage":9,"enemies":"2 Louse","floor":1,"turns":3},{"damage":3,"enemies":"Jaw Worm","floor":2,"turns":5},{"damage":1,"enemies":"Cultist","floor":5,"turns":4},{"damage":0,"enemies":"Gremlin Gang","floor":7,"turns":3},{"damage":7,"enemies":"Exordium Wildlife","floor":8,"turns":5},{"damage":25,"enemies":"3 Louse","floor":10,"turns":4},{"damage":18,"enemies":"2 Fungi Beasts","floor":12,"turns":4},{"damage":12,"enemies":"Exordium Wildlife","floor":13,"turns":1}],"seed_played":"-214846882853189062","potions_obtained":[{"floor":1,"key":"Explosive Potion"},{"floor":7,"key":"AttackPotion"},{"floor":12,"key":"Weak Potion"}],"is_trial":false,"path_per_floor":["M","M","?","?","M","R","M","M","T","M","R","M"],"character_chosen":"DEFECT","items_purchased":[],"campfire_rested":0,"item_purchase_floors":[],"current_hp_per_floor":[66,63,63,63,62,62,62,55,55,30,30,12,0],"gold":239,"neow_bonus":"BOSS_RELIC","is_prod":false,"is_daily":false,"chose_seed":false,"campfire_upgraded":2,"win_rate":0,"timestamp":1534915961,"path_taken":["M","M","?","?","M","R","M","M","T","?","R","M","?"],"build_version":"2018-08-16","purchased_purges":0,"victory":false,"max_hp_per_floor":[75,75,69,69,69,69,69,69,69,69,69,69,69],"card_choices":[{"not_picked":["Sweeping Beam","Beam Cell"],"picked":"Recycle","floor":1},{"not_picked":["Go for the Eyes","Stack"],"picked":"Conserve Battery","floor":2},{"not_picked":["Melter","Rebound","Streamline"],"picked":"SKIP","floor":5},{"not_picked":["Blizzard","Redo"],"picked":"Consume","floor":7},{"not_picked":["Skim","Force Field"],"picked":"Redo","floor":8},{"not_picked":["Beam Cell","Compile Driver"],"picked":"Storm","floor":10},{"not_picked":["Sweeping Beam","Force Field"],"picked":"Steam","floor":12}],"player_experience":133236,"relics_obtained":[{"floor":9,"key":"Bronze Scales"}],"event_choices":[{"event_name":"Golden Idol","player_choice":"Lose Max HP","floor":3,"damage_taken":0},{"event_name":"Liars Game","player_choice":"disagreed","floor":4,"damage_taken":0}],"is_beta":false,"boss_relics":[],"items_purged_floors":[],"is_endless":false,"potions_floor_spawned":[1,7,12],"killed_by":"Exordium Wildlife","ascension_level":4}