{"gold_per_floor":[118,118,4,17,17,50,62,113,152,164,196,248,273,285,297,400,412,449,122,146,165,165,165,206,206,206,230,230,270,270],"floor_reached":30,"playtime":1523,"items_purged":["Strike_B"],"score":622,"play_id":"8f2ddbd8-36e1-4c92-8ce9-b2dae1d22655","local_time":"20190316214131","is_ascension_mode":true,"campfire_choices":[{"data":"Coolheaded","floor":7,"key":"SMITH"},{"floor":10,"key":"REST"},{"data":"Static Discharge","floor":15,"key":"SMITH"},{"data":"Consume","floor":23,"key":"SMITH"},{"data":"Loop","floor":25,"key":"SMITH"},{"data":"Coolheaded","floor":28,"key":"SMITH"}],"neow_cost":"NONE","seed_source_timestamp":241495027108662,"circlet_count":0,"master_deck":["AscendersBane","Strike_B","Defend_B","Defend_B","Defend_B","Defend_B","Zap+1","Dualcast","Beam Cell","Go for the Eyes","Coolheaded+1","Chill","Ball Lightning","Sweeping Beam","Static Discharge+1","Echo Form","Consume+1","Loop+1","Heatsinks","FTL","Coolheaded+1","Biased Cognition"],"special_seed":0,"relics":["Cracked Core","Golden Idol","MawBank","Symbiotic Virus","Ancient Tea Set","Orichalcum","Sozu","Meat on the Bone","Unceasing Top","Dead Branch","Bottled Tornado"],"potions_floor_usage":[6,24],"damage_taken":[{"damage":8.0,"enemies":"2 Louse","floor":1.0,"turns":3.0},{"damage":0.0,"enemies":"Cultist","floor":4.0,"turns":3.0},{"damage":0,"enemies":"Lagavulin","floor":6,"turns":6},{"damage":32,"enemies":"Gremlin Nob","floor":8,"turns":4},{"damage":7,"enemies":"Jaw Worm","floor":11,"turns":2},{"damage":7,"enemies":"3 Sentries","floor":12,"turns":7},{"damage":0,"enemies":"2 Fungi Beasts","floor":13,"turns":2},{"damage":4,"enemies":"Hexaghost","floor":16,"turns":9},{"damage":1,"enemies":"Spheric Guardian","floor":18,"turns":3},{"damage":2,"enemies":"Chosen","floor":20,"turns":4},{"damage":10,"enemies":"Centurion and Healer","floor":21,"turns":6},{"damage":3,"enemies":"Book of Stabbing","floor":24,"turns":5},{"damage":12,"enemies":"Cultist and Chosen","floor":27,"turns":6},{"damage":33,"enemies":"Slavers","floor":29,"turns":6},{"damage":16,"enemies":"Shelled Parasite and Fungi","floor":30,"turns":2}],"seed_played":"6894155604234894928","potions_obtained":[{"floor":4.0,"key":"FocusPotion"},{"floor":6,"key":"Dexterity Potion"},{"floor":13,"key":"Dexterity Potion"}],"is_trial":false,"path_per_floor":["M","?","$","M","?","E","R","E","T","R","M","E","M","?","R","B",null,"M","$","M","M","?","R","E","R","T","M","R","E","M"],"character_chosen":"DEFECT","items_purchased":["Go for the Eyes","Coolheaded","Meat on the Bone"],"campfire_rested":1,"item_purchase_floors":[3,3,19],"current_hp_per_floor":[56,56,56,56,56,56,56,24,24,43,36,29,29,22,22,18,53,52,52,50,40,40,40,37,37,37,37,37,16,0],"gold":270,"neow_bonus":"UPGRADE_CARD","is_prod":false,"is_daily":false,"chose_seed":false,"campfire_upgraded":5,"win_rate":0,"timestamp":1552786891,"path_taken":["M","?","$","?","?","E","R","E","T","R","M","E","M","?","R","BOSS","M","$","M","M","?","R","E","R","T","M","R","E","M"],"build_version":"2019-01-23","purchased_purges":1,"victory":false,"max_hp_per_floor":[71,71,71,71,64,64,64,64,64,64,64,64,64,64,64,64,64,64,64,64,64,64,64,64,64,64,64,64,64,64],"card_choices":[{"not_picked":["Redo","Heatsinks"],"picked":"Beam Cell","floor":1.0},{"not_picked":["Force Field","Beam Cell"],"picked":"Chill","floor":4.0},{"not_picked":["Double Energy","Auto Shields"],"picked":"Ball Lightning","floor":6},{"not_picked":["Leap","Cold Snap","Streamline"],"picked":"SKIP","floor":8},{"not_picked":["Lockon","Melter"],"picked":"Sweeping Beam","floor":11},{"not_picked":["Thunder Strike","Hello World"],"picked":"Static Discharge","floor":12},{"not_picked":["Sweeping Beam","Turbo","Streamline"],"picked":"SKIP","floor":13},{"not_picked":["Hyperbeam","Meteor Strike"],"picked":"Echo Form","floor":16},{"not_picked":["Gash","Beam Cell"],"picked":"Consume","floor":18},{"not_picked":["Hologram","Skim"],"picked":"Loop","floor":20},{"not_picked":["Storm","Loop"],"picked":"Heatsinks","floor":21},{"not_picked":["Tempest","Sweeping Beam"],"picked":"FTL","floor":24},{"not_picked":["Ball Lightning","Barrage"],"picked":"Coolheaded","floor":27},{"not_picked":["FTL","Static Discharge"],"picked":"Biased Cognition","floor":29}],"player_experience":918991,"relics_obtained":[{"floor":6,"key":"MawBank"},{"floor":8,"key":"Symbiotic Virus"},{"floor":9,"key":"Ancient Tea Set"},{"floor":12,"key":"Orichalcum"},{"floor":24,"key":"Unceasing Top"},{"floor":26,"key":"Dead Branch"},{"floor":29,"key":"Bottled Tornado"}],"event_choices":[{"cards_removed":["Strike_B"],"damage_healed":0.0,"max_hp_gain":0.0,"max_hp_loss":0.0,"gold_gain":0.0,"event_name":"Purifier","player_choice":"Purged","floor":2.0,"gold_loss":0.0,"damage_taken":0.0},{"damage_healed":0.0,"max_hp_gain":0.0,"max_hp_loss":7.0,"gold_gain":0.0,"event_name":"Golden Idol","player_choice":"Lose Max HP","floor":5.0,"gold_loss":0.0,"damage_taken":0.0,"relics_obtained":["Golden Idol"]},{"cards_removed":["Strike_B"],"damage_healed":0,"gold_gain":0,"player_choice":"Card Removal","damage_taken":7,"max_hp_gain":0,"max_hp_loss":0,"event_name":"Golden Wing","floor":14,"gold_loss":0},{"damage_healed":0,"gold_gain":0,"player_choice":"Ignored","damage_taken":0,"max_hp_gain":0,"max_hp_loss":0,"event_name":"Vampires","floor":22,"gold_loss":0}],"is_beta":false,"boss_relics":[{"not_picked":["Black Star","Tiny House"],"picked":"Sozu"}],"items_purged_floors":[19],"is_endless":false,"potions_floor_spawned":[4,6,13,16,21,24,27],"killed_by":"Shelled Parasite and Fungi","ascension_level":20}