{"gold_per_floor":[112,129,145,145,157,157,173,173,173,17,32,58,71,24,24,126,176,192,117,146,71,83,83,95,114,114,114,127,127,140,160,160,260,260,278,378,398,90,107,107,57,57],"floor_reached":42,"playtime":3058,"items_purged":["Strike_G","Defend_G"],"score":429,"play_id":"1ddc385f-6bab-4af6-9d4d-a528e2416f61","local_time":"20190708232209","is_ascension_mode":false,"campfire_choices":[{"data":"Blade Dance","floor":6.0,"key":"SMITH"},{"data":"Cloak And Dagger","floor":8.0,"key":"SMITH"},{"data":"Accuracy","floor":15.0,"key":"SMITH"},{"floor":23.0,"key":"REST"},{"floor":27.0,"key":"REST"},{"floor":29.0,"key":"REST"},{"floor":32.0,"key":"REST"},{"floor":40.0,"key":"REST"}],"neow_cost":"NONE","seed_source_timestamp":35981830380471,"circlet_count":0,"master_deck":["Strike_G","Strike_G","Strike_G","Defend_G","Defend_G","Defend_G","Defend_G","Survivor","Neutralize","Cloak And Dagger+1","Blade Dance+1","Acrobatics","Blade Dance","Backflip+1","Accuracy+1","Dark Shackles","Flying Knee","Envenom","Well Laid Plans","Cloak And Dagger","Phantasmal Killer","Cloak And Dagger","Infinite Blades","Accuracy+1","Leg Sweep","Phantasmal Killer","Choke+1","Deflect+1"],"special_seed":0,"relics":["Ring of the Snake","Snake Skull","Pen Nib","Anchor","Tiny House","Red Mask","Smiling Mask","Lizard Tail","Ginger","Ice Cream"],"potions_floor_usage":[],"damage_taken":[{"damage":0.0,"enemies":"Jaw Worm","floor":1.0,"turns":8.0},{"damage":0.0,"enemies":"2 Louse","floor":2.0,"turns":3.0},{"damage":0.0,"enemies":"Small Slimes","floor":3.0,"turns":4.0},{"damage":4.0,"enemies":"Blue Slaver","floor":5.0,"turns":6.0},{"damage":18.0,"enemies":"Exordium Thugs","floor":7.0,"turns":6.0},{"damage":0.0,"enemies":"3 Louse","floor":11.0,"turns":3.0},{"damage":12.0,"enemies":"3 Sentries","floor":12.0,"turns":7.0},{"damage":0.0,"enemies":"Exordium Wildlife","floor":13.0,"turns":4.0},{"damage":8.0,"enemies":"Hexaghost","floor":16.0,"turns":6.0},{"damage":21.0,"enemies":"2 Thieves","floor":18.0,"turns":4.0},{"damage":17.0,"enemies":"Masked Bandits","floor":20.0,"turns":4.0},{"damage":21.0,"enemies":"3 Byrds","floor":22.0,"turns":5.0},{"damage":18.0,"enemies":"3 Cultists","floor":24.0,"turns":5.0},{"damage":11.0,"enemies":"Shelled Parasite and Fungi","floor":25.0,"turns":4.0},{"damage":27.0,"enemies":"Cultist and Chosen","floor":28.0,"turns":6.0},{"damage":12.0,"enemies":"Snecko","floor":30.0,"turns":5.0},{"damage":0.0,"enemies":"Centurion and Healer","floor":31.0,"turns":6.0},{"damage":54.0,"enemies":"Collector","floor":33.0,"turns":7.0},{"damage":13.0,"enemies":"Orb Walker","floor":35.0,"turns":5.0},{"damage":37.0,"enemies":"Mind Bloom Boss Battle","floor":36.0,"turns":6.0},{"damage":25.0,"enemies":"3 Shapes","floor":37.0,"turns":4.0},{"damage":44.0,"enemies":"Spire Growth","floor":39.0,"turns":6.0},{"damage":49,"enemies":"Reptomancer","floor":42,"turns":4}],"seed_played":"5152529310152914714","potions_obtained":[{"floor":1.0,"key":"Fire Potion"},{"floor":2.0,"key":"EssenceOfSteel"},{"floor":7.0,"key":"Block Potion"},{"floor":13.0,"key":"Fruit Juice"},{"floor":17.0,"key":"Ancient Potion"},{"floor":20.0,"key":"EssenceOfSteel"},{"floor":31.0,"key":"Poison Potion"},{"floor":33.0,"key":"Strength Potion"}],"is_trial":false,"path_per_floor":["M","M","M","?","M","R","M","R","T","$","M","E","M","$","R","B",null,"M","?","?","$","M","R","M","M","T","R","M","R","M","M","R","B",null,"M","?","M","$","M","R","$","E"],"character_chosen":"THE_SILENT","items_purchased":["Accuracy","Dark Shackles","Cloak And Dagger","Ice Cream"],"campfire_rested":5,"item_purchase_floors":[10,10,14,38],"current_hp_per_floor":[70,70,70,75,71,71,53,53,53,53,53,41,41,46,46,38,85,64,64,47,47,26,51,33,22,22,47,20,45,33,33,58,4,85,72,35,10,10,13,38,38,0],"gold":57,"neow_bonus":"RANDOM_COMMON_RELIC","is_prod":false,"is_daily":false,"chose_seed":false,"campfire_upgraded":3,"win_rate":0.0,"timestamp":1562642529,"path_taken":["M","M","M","?","M","R","M","R","T","$","M","E","M","$","R","BOSS","M","?","?","$","M","R","M","M","T","R","M","R","M","M","R","BOSS","M","?","M","?","M","R","$","E"],"build_version":"2019-07-05","purchased_purges":2,"victory":false,"max_hp_per_floor":[70,70,70,75,75,75,75,75,75,75,75,75,75,80,80,80,85,85,85,85,85,85,85,85,85,85,85,85,85,85,85,85,85,85,85,85,85,85,85,85,85,85],"card_choices":[{"not_picked":["Finisher","Poisoned Stab"],"picked":"Cloak And Dagger","floor":1.0},{"not_picked":["Cloak And Dagger","Outmaneuver"],"picked":"Blade Dance","floor":2.0},{"not_picked":["Underhanded Strike","Riddle With Holes"],"picked":"Acrobatics","floor":3.0},{"not_picked":["Poisoned Stab","Backstab"],"picked":"Blade Dance","floor":5.0},{"not_picked":["Sucker Punch","Flying Knee"],"picked":"Backflip","floor":7.0},{"not_picked":["Underhanded Strike","Venomology"],"picked":"Flying Knee","floor":11.0},{"not_picked":["Blur","Dagger Throw"],"picked":"Envenom","floor":12.0},{"not_picked":["Skewer","Acrobatics"],"picked":"Well Laid Plans","floor":13.0},{"not_picked":["Bullet Time","Glass Knife"],"picked":"Phantasmal Killer","floor":16.0},{"not_picked":["Prepared","Dash"],"picked":"Cloak And Dagger","floor":17.0},{"not_picked":["Deflect","Noxious Fumes"],"picked":"Infinite Blades","floor":18.0},{"not_picked":["Riddle With Holes","Deflect+1"],"picked":"Accuracy+1","floor":22.0},{"not_picked":["Flying Knee","Backstab","Outmaneuver"],"picked":"SKIP","floor":24.0},{"not_picked":["Doppelganger","Flying Knee","Predator+1"],"picked":"SKIP","floor":25.0},{"not_picked":["Sucker Punch","Deadly Poison+1"],"picked":"Leg Sweep","floor":28.0},{"not_picked":["Acrobatics","PiercingWail","Reflex"],"picked":"SKIP","floor":30.0},{"not_picked":["Bane","Quick Slash","Leg Sweep"],"picked":"SKIP","floor":31.0},{"not_picked":["After Image","Doppelganger"],"picked":"Phantasmal Killer","floor":33.0},{"not_picked":["Flying Knee","Blur+1"],"picked":"Choke+1","floor":35.0},{"not_picked":["Bane+1","Crippling Poison"],"picked":"Deflect+1","floor":37.0},{"not_picked":["Dagger Throw","Dodge and Roll+1","Backflip+1"],"picked":"SKIP","floor":39.0}],"player_experience":27162,"relics_obtained":[{"floor":9.0,"key":"Pen Nib"},{"floor":12.0,"key":"Anchor"},{"floor":20.0,"key":"Red Mask"},{"floor":26.0,"key":"Smiling Mask"},{"floor":36.0,"key":"Ginger"}],"event_choices":[{"damage_healed":0.0,"max_hp_gain":5.0,"max_hp_loss":0.0,"gold_gain":0.0,"event_name":"Big Fish","player_choice":"Donut","floor":4.0,"gold_loss":0.0,"damage_taken":0.0},{"cards_removed":["Strike_G"],"damage_healed":0.0,"max_hp_gain":0.0,"max_hp_loss":0.0,"gold_gain":0.0,"event_name":"Beggar","player_choice":"Gave Gold","floor":19.0,"gold_loss":75.0,"damage_taken":0.0},{"damage_healed":0.0,"max_hp_gain":0.0,"max_hp_loss":0.0,"gold_gain":0.0,"event_name":"Masked Bandits","player_choice":"Fought Bandits","floor":20.0,"gold_loss":0.0,"damage_taken":0.0},{"damage_healed":0.0,"max_hp_gain":0.0,"max_hp_loss":0.0,"gold_gain":0.0,"event_name":"MindBloom","player_choice":"Fight","floor":36.0,"gold_loss":0.0,"damage_taken":0.0}],"is_beta":false,"boss_relics":[{"not_picked":["Coffee Dripper","Orrery"],"picked":"Tiny House"},{"not_picked":["WristBlade","HoveringKite"],"picked":"Lizard Tail"}],"items_purged_floors":[21,41],"is_endless":false,"potions_floor_spawned":[1,2,7,13,20,24,31,33,35,36],"killed_by":"Reptomancer","ascension_level":0}