{"gold_per_floor":[110,35,54,54,54,54,65,86,86,86,119,119,145,145,145,145],"floor_reached":16,"playtime":1037,"items_purged":["Strike_G"],"score":117,"play_id":"3dcffa53-f371-4378-8c1a-3f9a230ff3e8","local_time":"20180821233236","is_ascension_mode":true,"campfire_choices":[{"data":"Neutralize","floor":6,"key":"SMITH"},{"floor":10,"key":"REST"},{"floor":12,"key":"REST"},{"floor":15,"key":"REST"}],"neow_cost":"","seed_source_timestamp":504413205164651,"circlet_count":0,"master_deck":["Defend_G","Defend_G","Defend_G","Defend_G","Defend_G","Strike_G","Strike_G","Survivor","Neutralize+1","Prepared","Wraith Form v2","Backflip","Tools of the Trade","Quick Slash"],"relics":["Ring of the Snake","Odd Mushroom","StoneCalendar","Pear","Unceasing Top"],"potions_floor_usage":[16,16],"damage_taken":[{"damage":1,"enemies":"Small Slimes","floor":1,"turns":5},{"damage":4,"enemies":"Cultist","floor":3,"turns":6},{"damage":1,"enemies":"2 Louse","floor":7,"turns":4},{"damage":44,"floor":8,"turns":8},{"damage":32,"enemies":"Lagavulin","floor":11,"turns":12},{"damage":23,"enemies":"Gremlin Nob","floor":13,"turns":7},{"damage":44,"enemies":"Hexaghost","floor":16,"turns":19}],"seed_played":"3412107558529899861","potions_obtained":[{"floor":8,"key":"EssenceOfSteel"},{"floor":13,"key":"Swift Potion"}],"is_trial":false,"path_per_floor":["M","$","M","?","$","R","M","?","T","R","E","R","E","?","R"],"character_chosen":"THE_SILENT","items_purchased":[],"campfire_rested":3,"item_purchase_floors":[],"current_hp_per_floor":[69,69,65,65,65,65,64,20,20,41,19,43,20,20,44,0],"gold":145,"neow_bonus":"","is_prod":false,"is_daily":false,"chose_seed":false,"campfire_upgraded":1,"win_rate":0,"timestamp":1534908756,"path_taken":["M","$","M","?","$","R","M","?","T","R","E","R","E","?","R","BOSS"],"build_version":"2018-08-16","purchased_purges":1,"victory":false,"max_hp_per_floor":[70,70,70,70,70,70,70,70,70,70,80,80,80,80,80,80],"card_choices":[{"not_picked":["Sucker Punch","Quick Slash","Slice"],"picked":"SKIP","floor":1},{"not_picked":["Flying Knee","Deflect"],"picked":"Prepared","floor":3},{"not_picked":["Caltrops","Dagger Throw","Slice"],"picked":"SKIP","floor":7},{"not_picked":["Unload","Quick Slash"],"picked":"Backflip","floor":8},{"not_picked":["Prepared","Leg Sweep"],"picked":"Tools of the Trade","floor":11},{"not_picked":["Dagger Throw","Quick Slash","Predator"],"picked":"SKIP","floor":13}],"player_experience":125605,"relics_obtained":[{"floor":8,"key":"Odd Mushroom"},{"floor":9,"key":"StoneCalendar"},{"floor":11,"key":"Pear"},{"floor":13,"key":"Unceasing Top"}],"event_choices":[{"event_name":"Transmorgrifier","player_choice":"Transform","floor":4,"damage_taken":0},{"event_name":"Mushrooms","player_choice":"Fought Mushrooms","floor":8,"damage_taken":0},{"event_name":"Living Wall","player_choice":"Change","floor":14,"damage_taken":0}],"is_beta":false,"boss_relics":[],"items_purged_floors":[2],"is_endless":false,"potions_floor_spawned":[8,13],"killed_by":"Hexaghost","ascension_level":2}