{"gold_per_floor":[112,37,49,69,82,82,112,112,136,3,3,27,1,34,34,34],"floor_reached":16,"playtime":695,"items_purged":["Strike_R"],"score":194,"play_id":"fa743d8e-eb57-4d10-bf91-d5a8aec2883f","local_time":"20180922184730","is_ascension_mode":true,"campfire_choices":[{"data":"Bash","floor":6,"key":"SMITH"},{"data":"Disarm","floor":8,"key":"SMITH"},{"floor":11,"key":"REST"},{"data":"True Grit","floor":15,"key":"SMITH"}],"neow_cost":"","seed_source_timestamp":840526155590278,"circlet_count":0,"master_deck":["Strike_R","Strike_R","Strike_R","Defend_R","Defend_R","Defend_R","Defend_R","Bash+1","AscendersBane","Evolve","Headbutt","Dropkick","Cleave","Disarm+1","Shrug It Off","Shrug It Off","True Grit+1","Metallicize"],"relics":["Burning Blood","Bag of Marbles","Pen Nib","Odd Mushroom","Centennial Puzzle"],"potions_floor_usage":[16],"damage_taken":[{"damage":14,"enemies":"Jaw Worm","floor":1,"turns":5},{"damage":0,"enemies":"2 Louse","floor":3,"turns":3},{"damage":1,"enemies":"Cultist","floor":4,"turns":4},{"damage":12,"enemies":"Looter","floor":5,"turns":3},{"damage":41,"enemies":"Lagavulin","floor":7,"turns":6},{"damage":15,"enemies":"The Mushroom Lair","floor":12,"turns":3},{"damage":17,"enemies":"3 Sentries","floor":14,"turns":8},{"damage":34,"enemies":"Slime Boss","floor":16,"turns":8}],"seed_played":"-2932249795731580831","potions_obtained":[{"floor":1,"key":"SmokeBomb"},{"floor":14,"key":"SkillPotion"}],"is_trial":false,"path_per_floor":["M","?","M","M","M","R","E","R","T","$","R","?","$","E","R"],"character_chosen":"IRONCLAD","items_purchased":["Shrug It Off","True Grit"],"campfire_rested":1,"item_purchase_floors":[10,13],"current_hp_per_floor":[60,60,66,71,65,65,30,30,30,30,52,43,43,32,32,0],"gold":34,"neow_bonus":"","is_prod":false,"is_daily":false,"chose_seed":false,"campfire_upgraded":3,"win_rate":0,"timestamp":1537656450,"path_taken":["M","?","M","M","M","R","E","R","T","$","R","?","?","E","R","BOSS"],"build_version":"2018-09-20","purchased_purges":1,"victory":false,"max_hp_per_floor":[75,75,75,75,75,75,75,75,75,75,75,75,75,75,75,75],"card_choices":[{"not_picked":["Hemokinesis","Dual Wield"],"picked":"Evolve","floor":1},{"not_picked":["Metallicize","Sword Boomerang"],"picked":"Headbutt","floor":3},{"not_picked":["Havoc","Perfected Strike"],"picked":"Dropkick","floor":4},{"not_picked":["Intimidate","Sword Boomerang"],"picked":"Cleave","floor":5},{"not_picked":["True Grit","Flex"],"picked":"Disarm","floor":7},{"not_picked":["Blood for Blood","Perfected Strike"],"picked":"Shrug It Off","floor":12},{"not_picked":["Infernal Blade","Anger"],"picked":"Metallicize","floor":14}],"player_experience":524114,"relics_obtained":[{"floor":7,"key":"Bag of Marbles"},{"floor":9,"key":"Pen Nib"},{"floor":12,"key":"Odd Mushroom"},{"floor":14,"key":"Centennial Puzzle"}],"event_choices":[{"event_name":"The Cleric","player_choice":"Card Removal","floor":2,"damage_taken":0},{"event_name":"Mushrooms","player_choice":"Fought Mushrooms","floor":12,"damage_taken":0}],"is_beta":false,"boss_relics":[],"items_purged_floors":[10],"is_endless":false,"potions_floor_spawned":[1,14],"killed_by":"Slime Boss","ascension_level":16}