{"gold_per_floor":[214,289,72,87,100,100,134,134,160,79,79,79,79],"floor_reached":13,"playtime":358,"items_purged":["Defend_B"],"score":162,"play_id":"36017d30-0778-4c6d-a35a-01c075dea780","local_time":"20190621115822","is_ascension_mode":true,"campfire_choices":[{"floor":12,"key":"REST"}],"neow_cost":"NONE","seed_source_timestamp":514089429378171,"circlet_count":0,"master_deck":["AscendersBane","Strike_B","Strike_B","Strike_B","Defend_B","Defend_B","Defend_B","Zap","Dualcast","Leap","Defragment+1","Coolheaded","Barrage","Darkness","Conserve Battery","Static Discharge"],"relics":["Cracked Core","Bag of Preparation","Omamori","Pantograph"],"potions_floor_usage":[7,13],"damage_taken":[{"damage":3,"enemies":"2 Louse","floor":1,"turns":3},{"damage":7,"enemies":"Small Slimes","floor":4,"turns":3},{"damage":0,"enemies":"Cultist","floor":5,"turns":3},{"damage":14,"enemies":"3 Sentries","floor":7,"turns":9},{"damage":44,"enemies":"Gremlin Nob","floor":13,"turns":3}],"seed_played":"-7762127019297278434","potions_obtained":[{"floor":5,"key":"SkillPotion"},{"floor":7,"key":"GamblersBrew"}],"is_trial":false,"path_per_floor":["M","?","$","M","M","?","E","?","T","$","?","R","E"],"character_chosen":"DEFECT","items_purchased":["Defragment","Coolheaded","Static Discharge"],"campfire_rested":1,"item_purchase_floors":[3,3,10],"current_hp_per_floor":[61,50,50,43,43,36,22,22,22,22,4,25,0],"gold":79,"neow_bonus":"HUNDRED_GOLD","is_prod":false,"is_daily":false,"chose_seed":false,"campfire_upgraded":0,"win_rate":0,"timestamp":1561132702,"path_taken":["M","?","$","M","M","?","E","?","T","?","?","R","E"],"build_version":"2019-01-23","purchased_purges":1,"victory":false,"max_hp_per_floor":[71,71,71,71,71,71,71,71,71,71,71,71,71],"card_choices":[{"not_picked":["Beam Cell","Chaos"],"picked":"Leap","floor":1},{"not_picked":["Stack","Leap"],"picked":"Barrage","floor":4},{"not_picked":["Stack","Double Energy"],"picked":"Darkness","floor":5},{"not_picked":["Redo","BootSequence"],"picked":"Conserve Battery","floor":7}],"player_experience":1533561,"relics_obtained":[{"floor":7,"key":"Bag of Preparation"},{"floor":9,"key":"Omamori"}],"event_choices":[{"damage_healed":0,"gold_gain":75,"player_choice":"Gather Gold","damage_taken":11,"max_hp_gain":0,"max_hp_loss":0,"event_name":"World of Goop","floor":2,"gold_loss":0},{"cards_removed":["Strike_B"],"damage_healed":0,"gold_gain":0,"player_choice":"Card Removal","damage_taken":7,"max_hp_gain":0,"max_hp_loss":0,"event_name":"Golden Wing","floor":6,"gold_loss":0},{"damage_healed":0,"gold_gain":0,"player_choice":"Grow","damage_taken":0,"max_hp_gain":0,"max_hp_loss":0,"event_name":"Living Wall","floor":8,"gold_loss":0,"cards_upgraded":["Defragment"]},{"damage_healed":0,"gold_gain":0,"player_choice":"Success","damage_taken":18,"relics_obtained":["Pantograph"],"max_hp_gain":0,"max_hp_loss":0,"event_name":"Scrap Ooze","floor":11,"gold_loss":0}],"is_beta":false,"boss_relics":[],"items_purged_floors":[3],"is_endless":false,"potions_floor_spawned":[5,7],"killed_by":"Gremlin Nob","ascension_level":20}