{"gold_per_floor":[116,133,133,152,167,222,222,256,283,307,307,307,319,342,354,468,480,510,540,552],"floor_reached":20,"playtime":1157,"items_purged":[],"score":193,"play_id":"be6d681f-e0c7-4a92-82fb-ffc5f6dc913b","local_time":"20190709015623","is_ascension_mode":true,"campfire_choices":[{"floor":7,"key":"REST"},{"floor":13,"key":"REST"},{"floor":15,"key":"REST"}],"neow_cost":"NONE","seed_source_timestamp":0,"circlet_count":0,"master_deck":["Strike_G","Strike_G","Strike_G","Strike_G","Strike_G","Defend_G","Defend_G","Defend_G","Defend_G","Defend_G","Survivor","Neutralize","Deadly Poison","Noxious Fumes","Deadly Poison","Skewer","Sucker Punch","Corpse Explosion","Die Die Die","Terror","Envenom","Dagger Throw+1","Bane"],"special_seed":0,"relics":["Ring of the Snake","Lantern","Tiny Chest","Bag of Marbles","Bag of Preparation","Art of War","MawBank","Black Star"],"potions_floor_usage":[6,6,6,20],"damage_taken":[{"damage":11,"enemies":"Jaw Worm","floor":1,"turns":4},{"damage":2,"enemies":"Small Slimes","floor":2,"turns":4},{"damage":0,"enemies":"2 Louse","floor":4,"turns":3},{"damage":6,"enemies":"Lots of Slimes","floor":5,"turns":4},{"damage":17,"enemies":"3 Sentries","floor":6,"turns":7},{"damage":44,"enemies":"Lagavulin","floor":8,"turns":6},{"damage":0,"enemies":"Blue Slaver","floor":14,"turns":3},{"damage":44,"enemies":"The Guardian","floor":16,"turns":8},{"damage":19,"enemies":"3 Byrds","floor":18,"turns":3},{"damage":31,"enemies":"Shell Parasite","floor":19,"turns":6},{"damage":23,"enemies":"Centurion and Healer","floor":20,"turns":3}],"seed_played":"728000049431727147","potions_obtained":[{"floor":1,"key":"AttackPotion"},{"floor":2,"key":"Weak Potion"},{"floor":5,"key":"Explosive Potion"},{"floor":6,"key":"GamblersBrew"},{"floor":18,"key":"FearPotion"}],"is_trial":false,"path_per_floor":["M","M","?","M","M","E","R","E","T","T","?","?","R","M","R","B",null,"M","M","M"],"character_chosen":"THE_SILENT","items_purchased":[],"campfire_rested":3,"item_purchase_floors":[],"current_hp_per_floor":[59,57,54,54,48,31,52,8,8,8,8,8,29,29,50,6,70,51,20,0],"gold":552,"neow_bonus":"THREE_CARDS","is_prod":false,"is_daily":false,"chose_seed":false,"campfire_upgraded":0,"win_rate":0,"timestamp":1562651783,"path_taken":["M","M","?","M","M","E","R","E","T","?","?","?","R","M","R","BOSS","M","M","?"],"build_version":"2019-07-05","purchased_purges":0,"victory":false,"max_hp_per_floor":[70,70,70,70,70,70,70,70,70,70,70,70,70,70,70,70,70,70,70,70],"card_choices":[{"not_picked":["Dagger Spray","Heel Hook"],"picked":"Deadly Poison","floor":0.0},{"not_picked":["Flying Knee","Sucker Punch"],"picked":"Noxious Fumes","floor":1},{"not_picked":["Leg Sweep","Setup"],"picked":"Deadly Poison","floor":2},{"not_picked":["Dodge and Roll","Acrobatics"],"picked":"Skewer","floor":4},{"not_picked":["Choke","Acrobatics"],"picked":"Sucker Punch","floor":5},{"not_picked":["Catalyst","Footwork"],"picked":"Corpse Explosion","floor":6},{"not_picked":["Quick Slash","Dagger Throw"],"picked":"Die Die Die","floor":8},{"not_picked":["Quick Slash","Outmaneuver"],"picked":"Terror","floor":14},{"not_picked":["Wraith Form v2","Glass Knife"],"picked":"Envenom","floor":16},{"not_picked":["Blade Dance","Backflip"],"picked":"Dagger Throw+1","floor":18},{"not_picked":["Deadly Poison","Caltrops"],"picked":"Bane","floor":19}],"player_experience":196975,"relics_obtained":[{"floor":6,"key":"Tiny Chest"},{"floor":8,"key":"Bag of Marbles"},{"floor":9,"key":"Bag of Preparation"},{"floor":10,"key":"Art of War"}],"event_choices":[{"damage_healed":0,"gold_gain":0,"player_choice":"Success","damage_taken":3,"relics_obtained":["Lantern"],"max_hp_gain":0,"max_hp_loss":0,"event_name":"Scrap Ooze","floor":3,"gold_loss":0},{"damage_healed":0,"gold_gain":0,"player_choice":"Ignored","damage_taken":0,"max_hp_gain":0,"max_hp_loss":0,"event_name":"Shining Light","floor":11,"gold_loss":0},{"damage_healed":0,"gold_gain":0,"player_choice":"Gave Potion","damage_taken":0,"relics_obtained":["MawBank"],"max_hp_gain":0,"max_hp_loss":0,"event_name":"WeMeetAgain","floor":12,"gold_loss":0}],"is_beta":false,"boss_relics":[{"not_picked":["Runic Dome","WristBlade"],"picked":"Black Star"}],"items_purged_floors":[],"is_endless":false,"potions_floor_spawned":[1,2,5,6,18],"killed_by":"Centurion and Healer","ascension_level":1}