{"gold_per_floor":[111,127,1,13,13,13,47,65,65,65,78,2,2,37,37,139,139,156,171,28,28,41,41,41,41,68,79,79],"floor_reached":28,"playtime":1223,"items_purged":["Strike_R"],"score":264,"play_id":"f7a8d0fd-8f58-407c-a3b7-c31bd13da4a3","local_time":"20190710031723","is_ascension_mode":true,"campfire_choices":[{"data":"Bash","floor":6,"key":"SMITH"},{"floor":10,"key":"REST"},{"data":"Intimidate","floor":13,"key":"SMITH"},{"data":"Whirlwind","floor":15,"key":"SMITH"},{"floor":23,"key":"REST"},{"data":"Metallicize","floor":25,"key":"SMITH"}],"neow_cost":"NONE","seed_source_timestamp":624690722211400,"circlet_count":0,"master_deck":["Strike_R","Strike_R","Strike_R","Defend_R","Defend_R","Defend_R","Bash+1","Intimidate+1","Whirlwind+1","Armaments+1","Combust","Double Tap+1","Metallicize+1","Heavy Blade","Battle Trance+1","Fire Breathing","Feed","Fire Breathing","Rage+1","Shrug It Off+1","Ghostly Armor+1","Armaments+1","Clothesline+1","Ghostly+1","Ghostly+1","Ghostly+1","Ghostly+1","Ghostly+1","Fiend Fire"],"relics":["Burning Blood","Toxic Egg 2","Nunchaku","Prayer Wheel","Empty Cage","Blood Vial","Strawberry"],"potions_floor_usage":[7,18,22,22,27],"damage_taken":[{"damage":2,"enemies":"Small Slimes","floor":1,"turns":4},{"damage":8,"enemies":"2 Louse","floor":2,"turns":2},{"damage":4,"enemies":"Cultist","floor":4,"turns":5},{"damage":31,"enemies":"Lagavulin","floor":7,"turns":6},{"damage":20,"enemies":"Looter","floor":8,"turns":3},{"damage":1,"enemies":"2 Fungi Beasts","floor":11,"turns":2},{"damage":28,"enemies":"3 Sentries","floor":14,"turns":6},{"damage":34,"enemies":"Slime Boss","floor":16,"turns":9},{"damage":9,"enemies":"3 Byrds","floor":18,"turns":3},{"damage":39,"enemies":"2 Thieves","floor":19,"turns":4},{"damage":22,"enemies":"Chosen and Byrds","floor":22,"turns":9},{"damage":39,"enemies":"Snake Plant","floor":27,"turns":5},{"damage":24,"enemies":"Book of Stabbing","floor":28,"turns":7}],"seed_played":"6917421882429326486","potions_obtained":[{"floor":4,"key":"AttackPotion"},{"floor":7,"key":"Ancient Potion"},{"floor":16,"key":"AttackPotion"},{"floor":19,"key":"Ancient Potion"},{"floor":21,"key":"Poison Potion"},{"floor":21,"key":"SkillPotion"}],"is_trial":false,"path_per_floor":["M","M","$","M","?","R","E","M","T","R","M","$","R","E","R","B",null,"M","M","$","?","M","R","?","R","T","M","E"],"character_chosen":"IRONCLAD","items_purchased":["Armaments","Battle Trance+1","Blood Vial"],"campfire_rested":2,"item_purchase_floors":[3,12,20],"current_hp_per_floor":[88,86,86,88,88,88,63,49,49,75,80,80,80,58,58,30,88,85,52,52,52,38,64,44,44,51,18,0],"gold":79,"neow_bonus":"TEN_PERCENT_HP_BONUS","is_prod":false,"is_daily":false,"chose_seed":false,"campfire_upgraded":4,"win_rate":0,"timestamp":1562743043,"path_taken":["M","M","$","M","?","R","E","M","T","R","M","$","R","E","R","BOSS","M","M","$","?","?","R","?","R","T","M","E"],"build_version":"2019-07-05","purchased_purges":1,"victory":false,"max_hp_per_floor":[88,88,88,88,88,88,88,88,88,88,88,88,88,88,88,88,88,88,88,88,88,88,88,44,44,51,51,51],"card_choices":[{"not_picked":["Iron Wave","Body Slam"],"picked":"Intimidate","floor":1},{"not_picked":["Shrug It Off","Iron Wave"],"picked":"Whirlwind","floor":2},{"not_picked":["Rupture","Flex"],"picked":"Combust","floor":4},{"not_picked":["Burning Pact","Thunderclap"],"picked":"Double Tap","floor":7},{"not_picked":["Clash","Anger"],"picked":"Metallicize","floor":8},{"not_picked":["Searing Blow","Flex+1"],"picked":"Heavy Blade","floor":11},{"not_picked":["Limit Break+1","Rampage"],"picked":"Fire Breathing","floor":14},{"not_picked":["Berserk","Bludgeon"],"picked":"Feed","floor":16},{"not_picked":["Wild Strike","Cleave"],"picked":"Fire Breathing","floor":18},{"not_picked":["Havoc+1","Dual Wield+1"],"picked":"Rage+1","floor":18},{"not_picked":["True Grit+1","Cleave"],"picked":"Shrug It Off+1","floor":19},{"not_picked":["Warcry+1","Perfected Strike+1"],"picked":"Ghostly Armor+1","floor":19},{"not_picked":["Havoc+1","Perfected Strike"],"picked":"Armaments+1","floor":22},{"not_picked":["Whirlwind","Metallicize"],"picked":"Clothesline+1","floor":22},{"not_picked":["Thunderclap","Flame Barrier+1"],"picked":"Fiend Fire","floor":27},{"not_picked":["Body Slam","Burning Pact+1","Havoc+1"],"picked":"SKIP","floor":27}],"player_experience":216756,"relics_obtained":[{"floor":7,"key":"Toxic Egg 2"},{"floor":9,"key":"Nunchaku"},{"floor":14,"key":"Prayer Wheel"},{"floor":26,"key":"Strawberry"}],"event_choices":[{"damage_healed":0,"gold_gain":0,"player_choice":"Grow","damage_taken":0,"max_hp_gain":0,"max_hp_loss":0,"event_name":"Living Wall","floor":5,"gold_loss":0,"cards_upgraded":["Armaments"]},{"damage_healed":0,"gold_gain":0,"player_choice":"Got Potions","damage_taken":0,"max_hp_gain":0,"max_hp_loss":0,"event_name":"Lab","floor":21,"gold_loss":0},{"damage_healed":0,"gold_gain":0,"player_choice":"Became a Ghost","damage_taken":0,"max_hp_gain":0,"max_hp_loss":44,"event_name":"Ghosts","floor":24,"gold_loss":0,"cards_obtained":["Ghostly","Ghostly","Ghostly","Ghostly","Ghostly"]}],"is_beta":false,"boss_relics":[{"not_picked":["Mark of Pain","Ectoplasm"],"picked":"Empty Cage"}],"items_purged_floors":[3],"is_endless":false,"potions_floor_spawned":[4,7,16,19],"killed_by":"Book of Stabbing","ascension_level":1}