{"gold_per_floor":[115,133,408,408,425,425,455,530,530,455,472,80,406,418,418,489,489,500,519,530,565,565,565],"floor_reached":23,"playtime":1279,"items_purged":["Strike_G"],"score":427,"play_id":"dcae4ffa-c44c-4792-8b6e-b66ccafd3a4d","local_time":"20190510201141","is_ascension_mode":true,"campfire_choices":[{"data":"Predator","floor":6.0,"key":"SMITH"},{"data":"Noxious Fumes","floor":15.0,"key":"SMITH"}],"neow_cost":"NONE","seed_source_timestamp":585971914971281,"circlet_count":0,"master_deck":["AscendersBane","Defend_G","Defend_G","Defend_G","Defend_G","Defend_G","Strike_G","Strike_G","Strike_G","Strike_G","Survivor","Neutralize","Masterful Stab","Noxious Fumes+1","Predator+1","Backflip","Quick Slash","All Out Attack","Crippling Poison","Backflip","Adrenaline","Well Laid Plans"],"special_seed":0,"relics":["Ring of the Snake","Juzu Bracelet","Matryoshka","Happy Flower","Dream Catcher","Bronze Scales","Old Coin","Sozu","Red Mask","Bag of Marbles","Blood Vial"],"potions_floor_usage":[21,21],"damage_taken":[{"damage":1.0,"enemies":"Jaw Worm","floor":1.0,"turns":6.0},{"damage":0.0,"enemies":"Cultist","floor":2.0,"turns":3.0},{"damage":2.0,"enemies":"2 Louse","floor":5.0,"turns":3.0},{"damage":30.0,"enemies":"Lagavulin","floor":7.0,"turns":8.0},{"damage":1.0,"enemies":"2 Fungi Beasts","floor":11.0,"turns":5.0},{"damage":8.0,"enemies":"Gremlin Nob","floor":13.0,"turns":3.0},{"damage":0.0,"enemies":"Blue Slaver","floor":14.0,"turns":3.0},{"damage":15.0,"enemies":"The Guardian","floor":16.0,"turns":10.0},{"damage":13.0,"enemies":"2 Thieves","floor":18.0,"turns":4.0},{"damage":7.0,"enemies":"Chosen","floor":19.0,"turns":4.0},{"damage":12.0,"enemies":"Snake Plant","floor":20.0,"turns":4.0},{"damage":15,"enemies":"Masked Bandits","floor":21,"turns":4},{"damage":10,"enemies":"Book of Stabbing","floor":23,"turns":4}],"seed_played":"-4220000984800703265","potions_obtained":[{"floor":2.0,"key":"Dexterity Potion"},{"floor":7.0,"key":"GhostInAJar"},{"floor":14.0,"key":"SkillPotion"}],"is_trial":false,"path_per_floor":["M","M","?","?","M","R","E","?","T","?","M","$","E","M","R","B",null,"M","M","M","?","T","E"],"character_chosen":"THE_SILENT","items_purchased":["Bronze Scales","All Out Attack","Regen Potion"],"campfire_rested":0,"item_purchase_floors":[12,12,12],"current_hp_per_floor":[58,58,58,63,61,61,31,20,20,20,19,19,20,20,20,5,55,42,35,23,8,8,0],"gold":565,"neow_bonus":"RANDOM_COMMON_RELIC","is_prod":false,"is_daily":false,"chose_seed":false,"campfire_upgraded":2,"win_rate":0,"timestamp":1557533501,"path_taken":["M","M","?","?","M","R","E","?","T","?","M","?","E","M","R","BOSS","M","M","M","?","?","E"],"build_version":"2019-01-23","purchased_purges":1,"victory":false,"max_hp_per_floor":[66,66,66,71,71,71,71,71,71,71,71,71,71,71,71,71,71,71,71,71,71,71,71],"card_choices":[{"not_picked":["PiercingWail","Tactician"],"picked":"Masterful Stab","floor":1.0},{"not_picked":["All Out Attack","Poisoned Stab"],"picked":"Noxious Fumes","floor":2.0},{"not_picked":["Flying Knee","Deflect"],"picked":"Predator","floor":5.0},{"not_picked":["Calculated Gamble","Heel Hook"],"picked":"Backflip","floor":7.0},{"not_picked":["Blade Dance","Prepared"],"picked":"Quick Slash","floor":11.0},{"not_picked":["Dagger Spray","Finisher"],"picked":"Crippling Poison","floor":13.0},{"not_picked":["Dash","Masterful Stab"],"picked":"Backflip","floor":14.0},{"not_picked":["Storm of Steel","Envenom"],"picked":"Adrenaline","floor":16.0},{"not_picked":["Blade Dance","Eviscerate","Dodge and Roll"],"picked":"SKIP","floor":18.0},{"not_picked":["Outmaneuver","Riddle With Holes","Predator"],"picked":"SKIP","floor":19.0},{"not_picked":["Dagger Throw+1","Blade Dance","Prepared"],"picked":"SKIP","floor":20.0},{"not_picked":["PiercingWail","Dodge and Roll"],"picked":"Well Laid Plans","floor":21}],"player_experience":1263552,"relics_obtained":[{"floor":7.0,"key":"Matryoshka"},{"floor":9.0,"key":"Happy Flower"},{"floor":9.0,"key":"Dream Catcher"},{"floor":13.0,"key":"Old Coin"},{"floor":21,"key":"Red Mask"},{"floor":22,"key":"Bag of Marbles"},{"floor":22,"key":"Blood Vial"}],"event_choices":[{"damage_healed":0.0,"max_hp_gain":0.0,"max_hp_loss":0.0,"gold_gain":275.0,"event_name":"Golden Shrine","player_choice":"Desecrate","floor":3.0,"gold_loss":0.0,"damage_taken":0.0,"cards_obtained":["Regret"]},{"damage_healed":0.0,"max_hp_gain":5.0,"max_hp_loss":0.0,"gold_gain":0.0,"event_name":"Big Fish","player_choice":"Donut","floor":4.0,"gold_loss":0.0,"damage_taken":0.0},{"damage_healed":0.0,"max_hp_gain":0.0,"max_hp_loss":0.0,"gold_gain":75.0,"event_name":"World of Goop","player_choice":"Gather Gold","floor":8.0,"gold_loss":0.0,"damage_taken":11.0},{"cards_removed":["Regret"],"damage_healed":0.0,"max_hp_gain":0.0,"max_hp_loss":0.0,"gold_gain":0.0,"event_name":"The Cleric","player_choice":"Card Removal","floor":10.0,"gold_loss":75.0,"damage_taken":0.0},{"damage_healed":0,"gold_gain":0,"player_choice":"Fought Bandits","damage_taken":0,"max_hp_gain":0,"max_hp_loss":0,"event_name":"Masked Bandits","floor":21,"gold_loss":0}],"is_beta":false,"boss_relics":[{"not_picked":["Astrolabe","Ectoplasm"],"picked":"Sozu"}],"items_purged_floors":[12],"is_endless":false,"potions_floor_spawned":[2,7,14,21],"killed_by":"Book of Stabbing","ascension_level":20}