{"gold_per_floor":[118,118,133,48,48,81,81,98,146,146,158,190,190,202,202,279,279,293,42,59,70,70,70,105,105,154,172,200,200,200,225,225,304,304,324,339,229,249,264,291,291,307,307,334,345,360,360,460,460,460,460,460,460,80,115,115],"floor_reached":56,"playtime":5300,"items_purged":["Strike_G","Strike_G+1"],"score":2029,"play_id":"a583b684-c6e5-4309-91e6-b90852c15c4c","local_time":"20190504171057","is_ascension_mode":true,"campfire_choices":[{"data":"A Thousand Cuts","floor":7.0,"key":"SMITH"},{"data":"Neutralize","floor":10.0,"key":"SMITH"},{"data":"Deadly Poison","floor":13.0,"key":"SMITH"},{"data":"Deadly Poison","floor":15.0,"key":"SMITH"},{"floor":23.0,"key":"REST"},{"floor":25.0,"key":"REST"},{"floor":29.0,"key":"RECALL"},{"floor":32.0,"key":"REST"},{"floor":41.0,"key":"REST"},{"floor":47.0,"key":"REST"},{"floor":49.0,"key":"REST"},{"floor":53.0,"key":"REST"}],"neow_cost":"NONE","seed_source_timestamp":51369917118921,"circlet_count":0,"master_deck":["AscendersBane","Defend_G+1","Defend_G+1","Defend_G+1","Defend_G+1","Defend_G+1","Strike_G+1","Survivor","Neutralize+1","Deadly Poison+1","Bane+1","A Thousand Cuts+1","Masterful Stab","Endless Agony","Deadly Poison+1","Backflip","Malaise","PiercingWail","Well Laid Plans","Wraith Form v2+1","A Thousand Cuts+1","PiercingWail","Calculated Gamble","Leg Sweep","Backflip","Calculated Gamble","Bouncing Flask","Wraith Form v2+1","Wraith Form v2+1","PiercingWail"],"special_seed":0,"relics":["Ring of the Snake","NeowsBlessing","Boot","Bag of Marbles","Ginger","Fusion Hammer","Membership Card","Singing Bowl","PreservedInsect","Blue Candle","Frozen Egg 2","Oddly Smooth Stone","White Beast Statue","Bag of Preparation","Meat on the Bone","FossilizedHelix","Lantern","DollysMirror","Pear"],"potions_floor_usage":[56,56],"damage_taken":[{"damage":0.0,"enemies":"Small Slimes","floor":1.0,"turns":1.0},{"damage":0.0,"enemies":"Cultist","floor":3.0,"turns":1.0},{"damage":0.0,"enemies":"Lagavulin","floor":6.0,"turns":1.0},{"damage":0.0,"enemies":"2 Louse","floor":8.0,"turns":2.0},{"damage":4.0,"enemies":"Exordium Thugs","floor":11.0,"turns":4.0},{"damage":34.0,"enemies":"Gremlin Nob","floor":12.0,"turns":4.0},{"damage":3.0,"enemies":"Large Slime","floor":14.0,"turns":4.0},{"damage":2.0,"enemies":"Hexaghost","floor":16.0,"turns":9.0},{"damage":0.0,"enemies":"Chosen","floor":18.0,"turns":3.0},{"damage":15.0,"enemies":"2 Thieves","floor":20.0,"turns":3.0},{"damage":2.0,"enemies":"Centurion and Healer","floor":21.0,"turns":6.0},{"damage":15.0,"enemies":"Slavers","floor":24.0,"turns":5.0},{"damage":0.0,"enemies":"Sentry and Sphere","floor":27.0,"turns":3.0},{"damage":0.0,"enemies":"Gremlin Leader","floor":28.0,"turns":4.0},{"damage":13.0,"enemies":"Slavers","floor":31.0,"turns":5.0},{"damage":55.0,"enemies":"Automaton","floor":33.0,"turns":14.0},{"damage":30.0,"enemies":"3 Darklings","floor":35.0,"turns":6.0},{"damage":10.0,"enemies":"Orb Walker","floor":36.0,"turns":4.0},{"damage":3.0,"enemies":"Writhing Mass","floor":38.0,"turns":8.0},{"damage":8.0,"enemies":"Spire Growth","floor":39.0,"turns":5.0},{"damage":4.0,"enemies":"Giant Head","floor":40.0,"turns":9.0},{"damage":7.0,"enemies":"3 Darklings","floor":42.0,"turns":5.0},{"damage":8.0,"enemies":"Nemesis","floor":44.0,"turns":8.0},{"damage":0.0,"enemies":"Sphere and 2 Shapes","floor":45.0,"turns":6.0},{"damage":5.0,"enemies":"4 Shapes","floor":46.0,"turns":5.0},{"damage":0.0,"enemies":"Mind Bloom Boss Battle","floor":48.0,"turns":7.0},{"damage":50.0,"enemies":"Time Eater","floor":50.0,"turns":18.0},{"damage":24.0,"enemies":"Awakened One","floor":51.0,"turns":30.0},{"damage":10.0,"enemies":"Shield and Spear","floor":55.0,"turns":9.0},{"damage":128,"enemies":"The Heart","floor":56,"turns":15}],"seed_played":"5144232792363454976","potions_obtained":[{"floor":1.0,"key":"SkillPotion"},{"floor":2.0,"key":"Fruit Juice"},{"floor":2.0,"key":"GamblersBrew"},{"floor":3.0,"key":"EntropicBrew"},{"floor":12.0,"key":"AttackPotion"},{"floor":24.0,"key":"Poison Potion"},{"floor":33.0,"key":"AttackPotion"},{"floor":35.0,"key":"GhostInAJar"},{"floor":36.0,"key":"EntropicBrew"},{"floor":40.0,"key":"Regen Potion"},{"floor":42.0,"key":"SpeedPotion"},{"floor":44.0,"key":"GamblersBrew"},{"floor":55.0,"key":"Weak Potion"}],"is_trial":false,"path_per_floor":["M","?","M","$","?","E","R","M","T","R","M","E","R","M","R","B",null,"M","$","M","M","?","R","E","R","T","M","E","R","T","E","R","B",null,"M","M","?","M","M","E","R","M","T","E","M","M","R","?","R","B","B",null,"R","$","E","B"],"character_chosen":"THE_SILENT","items_purchased":["A Thousand Cuts","Membership Card","Wraith Form v2+1","SkillPotion","Lantern","DollysMirror","FearPotion"],"campfire_rested":7,"item_purchase_floors":[4,19,54,54,54,54,54],"current_hp_per_floor":[59,64,64,64,64,64,64,64,64,64,60,26,26,23,23,21,59,59,59,44,42,42,63,62,71,71,71,73,73,73,60,73,18,59,31,21,21,18,10,6,28,37,37,31,43,52,76,76,81,43,31,69,81,81,81,0],"gold":115,"neow_bonus":"THREE_ENEMY_KILL","is_prod":false,"is_daily":false,"chose_seed":false,"campfire_upgraded":4,"win_rate":0,"timestamp":1557004257,"path_taken":["M","?","M","?","?","E","R","?","T","R","M","E","R","M","R","BOSS","M","$","M","M","?","R","E","R","T","M","E","R","?","E","R","BOSS","M","M","?","M","M","E","R","M","T","E","?","M","R","?","R","BOSS","BOSS","R","$","E","BOSS"],"build_version":"2019-01-23","purchased_purges":2,"victory":false,"max_hp_per_floor":[66,71,71,71,71,71,71,71,71,71,71,71,71,71,71,71,71,71,71,71,71,71,71,71,71,71,71,73,73,73,73,73,73,73,75,75,75,75,75,75,75,77,77,79,79,81,81,81,81,81,81,81,81,81,91,91],"card_choices":[{"not_picked":["Terror","Outmaneuver"],"picked":"Deadly Poison","floor":1.0},{"not_picked":["Expertise","Acrobatics"],"picked":"Bane","floor":3.0},{"not_picked":["Finisher","Footwork"],"picked":"Masterful Stab","floor":6.0},{"not_picked":["Underhanded Strike","Dodge and Roll"],"picked":"Endless Agony","floor":8.0},{"not_picked":["Accuracy","Prepared"],"picked":"Deadly Poison","floor":11.0},{"not_picked":["Flechettes","Acrobatics","Deadly Poison"],"picked":"SKIP","floor":12.0},{"not_picked":["Backstab","Cloak And Dagger"],"picked":"Backflip","floor":14.0},{"not_picked":["Doppelganger","Venomology"],"picked":"Malaise","floor":16.0},{"not_picked":["Skewer","Outmaneuver","Acrobatics"],"picked":"SKIP","floor":18.0},{"not_picked":["Skewer","Outmaneuver","Acrobatics"],"picked":"SKIP","floor":18.0},{"not_picked":["Prepared","Riddle With Holes","Dash"],"picked":"SKIP","floor":20.0},{"not_picked":["Flying Knee","Dodge and Roll","Deflect"],"picked":"SKIP","floor":21.0},{"not_picked":["Underhanded Strike","Skewer"],"picked":"PiercingWail","floor":24.0},{"not_picked":["Dagger Throw","Concentrate"],"picked":"Well Laid Plans","floor":27.0},{"not_picked":["Backstab","Bane","Underhanded Strike"],"picked":"Singing Bowl","floor":28.0},{"not_picked":["Cloak And Dagger+1","Slice"],"picked":"Wraith Form v2+1","floor":31.0},{"not_picked":["Unload","Bullet Time"],"picked":"A Thousand Cuts+1","floor":33.0},{"not_picked":["Dagger Throw","Reflex","Setup"],"picked":"Singing Bowl","floor":35.0},{"not_picked":["Cloak And Dagger","All Out Attack"],"picked":"PiercingWail","floor":36.0},{"not_picked":["Deflect","Underhanded Strike"],"picked":"Calculated Gamble","floor":38.0},{"not_picked":["Bouncing Flask","Flying Knee+1"],"picked":"Leg Sweep","floor":39.0},{"not_picked":["Deadly Poison+1","Dagger Spray"],"picked":"Backflip","floor":40.0},{"not_picked":["Blade Dance","Underhanded Strike","Flying Knee"],"picked":"Singing Bowl","floor":42.0},{"not_picked":["All Out Attack","Backflip","Dodge and Roll+1"],"picked":"Singing Bowl","floor":44.0},{"not_picked":["Accuracy+1","Dagger Spray"],"picked":"Calculated Gamble","floor":45.0},{"not_picked":["Dodge and Roll","Doppelganger","Poisoned Stab"],"picked":"Singing Bowl","floor":46.0},{"not_picked":["Backflip","Outmaneuver"],"picked":"Bouncing Flask","floor":48.0},{"not_picked":["Infinite Blades+1","Setup+1"],"picked":"PiercingWail","floor":55.0}],"player_experience":1191011,"relics_obtained":[{"floor":6.0,"key":"Boot"},{"floor":9.0,"key":"Bag of Marbles"},{"floor":12.0,"key":"Ginger"},{"floor":24.0,"key":"Singing Bowl"},{"floor":26.0,"key":"PreservedInsect"},{"floor":28.0,"key":"Blue Candle"},{"floor":30.0,"key":"Frozen Egg 2"},{"floor":31.0,"key":"Oddly Smooth Stone"},{"floor":40.0,"key":"Bag of Preparation"},{"floor":44.0,"key":"Meat on the Bone"},{"floor":48.0,"key":"FossilizedHelix"},{"floor":55.0,"key":"Pear"}],"event_choices":[{"damage_healed":0.0,"max_hp_gain":0.0,"max_hp_loss":0.0,"gold_gain":0.0,"event_name":"Lab","player_choice":"Got Potions","floor":2.0,"gold_loss":0.0,"damage_taken":0.0},{"cards_removed":["Strike_G"],"damage_healed":0.0,"max_hp_gain":0.0,"max_hp_loss":0.0,"gold_gain":0.0,"event_name":"Bonfire Elementals","player_choice":"Offered Basic","floor":5.0,"gold_loss":0.0,"damage_taken":0.0},{"damage_healed":0.0,"max_hp_gain":0.0,"max_hp_loss":0.0,"gold_gain":0.0,"event_name":"Back to Basics","player_choice":"Simplicity","floor":22.0,"gold_loss":0.0,"damage_taken":0.0,"cards_upgraded":["Defend_G","Defend_G","Defend_G","Defend_G","Defend_G","Strike_G","Strike_G","Strike_G"]},{"cards_removed":["Strike_G"],"damage_healed":0.0,"max_hp_gain":0.0,"max_hp_loss":0.0,"gold_gain":0.0,"event_name":"Designer","player_choice":"Upgrade and Remove","floor":37.0,"gold_loss":110.0,"damage_taken":0.0,"cards_upgraded":["Bane"]},{"damage_healed":0.0,"max_hp_gain":0.0,"max_hp_loss":0.0,"gold_gain":0.0,"event_name":"MindBloom","player_choice":"Fight","floor":48.0,"gold_loss":0.0,"damage_taken":0.0}],"is_beta":false,"boss_relics":[{"not_picked":["WristBlade","Philosopher\u0027s Stone"],"picked":"Fusion Hammer"},{"not_picked":["Tiny House","Runic Dome"],"picked":"White Beast Statue"}],"items_purged_floors":[19,54],"is_endless":false,"potions_floor_spawned":[1,3,8,12,20,24,33,35,36,38,39,40,42,44,45,46,48,55],"killed_by":"The Heart","ascension_level":20}