{"gold_per_floor":[118,131,141,40,59,93,93,119,146,146,166,166,200,219,219,219],"floor_reached":16,"playtime":716,"items_purged":[],"score":122,"play_id":"4d642ebf-cd4a-476e-baef-ab1594fb2e38","local_time":"20180921200408","is_ascension_mode":false,"campfire_choices":[{"data":"Madness","floor":7,"key":"SMITH"},{"data":"Disarm","floor":10,"key":"SMITH"},{"floor":12,"key":"REST"},{"data":"True Grit","floor":15,"key":"SMITH"}],"neow_cost":"","seed_source_timestamp":0,"circlet_count":0,"master_deck":["Strike_R","Strike_R","Strike_R","Strike_R","Strike_R","Defend_R","Defend_R","Defend_R","Defend_R","Bash","Clothesline","Intimidate","Power Through","Madness+1","Disarm+1","Armaments","Headbutt","True Grit+1","Cleave"],"relics":["Burning Blood","Blue Candle","Lantern","Bag of Marbles","Omamori"],"potions_floor_usage":[13,16,16],"damage_taken":[{"damage":5,"enemies":"Cultist","floor":1,"turns":4},{"damage":5,"enemies":"Small Slimes","floor":2,"turns":3},{"damage":0,"enemies":"2 Louse","floor":3,"turns":3},{"damage":5,"enemies":"Exordium Wildlife","floor":5,"turns":5},{"damage":33,"enemies":"Gremlin Nob","floor":6,"turns":6},{"damage":36,"enemies":"Lagavulin","floor":8,"turns":9},{"damage":3,"enemies":"Exordium Thugs","floor":11,"turns":6},{"damage":22,"enemies":"3 Sentries","floor":13,"turns":10},{"damage":0,"enemies":"3 Louse","floor":14,"turns":2},{"damage":41,"enemies":"Slime Boss","floor":16,"turns":11}],"seed_played":"-9076193801902387501","potions_obtained":[{"floor":5,"key":"Ancient Potion"},{"floor":6,"key":"FearPotion"},{"floor":11,"key":"Explosive Potion"},{"floor":14,"key":"Block Potion"}],"is_trial":true,"path_per_floor":["M","M","M","$","M","E","R","E","T","R","M","R","E","M","R"],"character_chosen":"IRONCLAD","items_purchased":["Madness"],"campfire_rested":1,"item_purchase_floors":[4],"current_hp_per_floor":[80,80,80,80,80,53,53,23,23,23,26,50,34,40,40,0],"gold":219,"neow_bonus":"","is_prod":false,"is_daily":false,"chose_seed":false,"campfire_upgraded":3,"win_rate":0,"timestamp":1537574648,"path_taken":["M","?","?","$","M","E","R","E","T","R","?","R","E","M","R","BOSS"],"build_version":"2018-09-20","purchased_purges":0,"victory":false,"max_hp_per_floor":[80,80,80,80,80,80,80,80,80,80,80,80,80,80,80,80],"card_choices":[{"not_picked":["Sword Boomerang","Armaments"],"picked":"Clothesline","floor":1},{"not_picked":["Hemokinesis","Twin Strike"],"picked":"Intimidate","floor":2},{"not_picked":["Reckless Charge","Hemokinesis"],"picked":"Power Through","floor":3},{"not_picked":["Power Through","Thunderclap","Feel No Pain"],"picked":"SKIP","floor":5},{"not_picked":["Seeing Red","Brutality"],"picked":"Disarm","floor":6},{"not_picked":["Sword Boomerang","Body Slam"],"picked":"Armaments","floor":8},{"not_picked":["Wild Strike","Anger"],"picked":"Headbutt","floor":11},{"not_picked":["Brutality","Headbutt"],"picked":"True Grit","floor":13},{"not_picked":["Inflame","Armaments"],"picked":"Cleave","floor":14}],"player_experience":513174,"relics_obtained":[{"floor":6,"key":"Blue Candle"},{"floor":8,"key":"Lantern"},{"floor":9,"key":"Bag of Marbles"},{"floor":13,"key":"Omamori"}],"event_choices":[],"is_beta":false,"boss_relics":[],"items_purged_floors":[],"is_endless":true,"potions_floor_spawned":[5,6,11,14],"killed_by":"Slime Boss","ascension_level":1}