{"gold_per_floor":[117,97,97,115,131,166,166,191,269,269],"floor_reached":10,"playtime":637,"items_purged":[],"score":80,"play_id":"c20cb9bb-5413-4da2-b97d-520fdd26073b","local_time":"20180820101008","is_ascension_mode":true,"campfire_choices":[{"data":"Bloodletting","floor":7,"key":"SMITH"}],"neow_cost":"NONE","seed_source_timestamp":370286650737870,"circlet_count":0,"master_deck":["Strike_R","Strike_R","Strike_R","Defend_R","Defend_R","Defend_R","Defend_R","Bash","Burning Pact","Heavy Blade","Shrug It Off","Bloodletting+1","Infernal Blade"],"relics":["Burning Blood","Du-Vu Doll","Orichalcum","Shuriken"],"potions_floor_usage":[],"damage_taken":[{"damage":0,"enemies":"Small Slimes","floor":1,"turns":5},{"damage":5,"enemies":"Cultist","floor":4,"turns":4},{"damage":1,"enemies":"Jaw Worm","floor":5,"turns":5},{"damage":45,"enemies":"Gremlin Nob","floor":6,"turns":6},{"damage":36,"enemies":"Lagavulin","floor":8,"turns":8},{"damage":10,"enemies":"Exordium Wildlife","floor":10,"turns":3}],"seed_played":"-5514056595368816909","potions_obtained":[{"floor":2,"key":"EssenceOfSteel"}],"is_trial":false,"path_per_floor":["M","?","?","M","M","E","R","E","T"],"character_chosen":"IRONCLAD","items_purchased":[],"campfire_rested":0,"item_purchase_floors":[],"current_hp_per_floor":[80,80,73,74,79,40,40,10,10,0],"gold":269,"neow_bonus":"TRANSFORM_CARD","is_prod":false,"is_daily":false,"chose_seed":false,"campfire_upgraded":1,"win_rate":0,"timestamp":1534774208,"path_taken":["M","?","?","M","M","E","R","E","T","M"],"build_version":"2018-08-16","purchased_purges":0,"victory":false,"max_hp_per_floor":[80,80,80,80,80,80,80,80,80,80],"card_choices":[{"not_picked":["Headbutt","Shrug It Off"],"picked":"Heavy Blade","floor":1},{"not_picked":["Whirlwind","Hemokinesis"],"picked":"Shrug It Off","floor":4},{"not_picked":["Dual Wield","Thunderclap","Perfected Strike"],"picked":"SKIP","floor":5},{"not_picked":["Combust","Uppercut"],"picked":"Bloodletting","floor":6},{"not_picked":["Metallicize","Sword Boomerang"],"picked":"Infernal Blade","floor":8}],"player_experience":58207,"relics_obtained":[{"floor":6,"key":"Du-Vu Doll"},{"floor":8,"key":"Orichalcum"},{"floor":9,"key":"Shuriken"}],"event_choices":[{"event_name":"The Woman in Blue","player_choice":"Bought 1 Potion","floor":2,"damage_taken":0},{"event_name":"Golden Wing","player_choice":"Card Removal","floor":3,"damage_taken":0}],"is_beta":false,"boss_relics":[],"items_purged_floors":[],"is_endless":false,"potions_floor_spawned":[],"killed_by":"Exordium Wildlife","ascension_level":1}