{"gold_per_floor":[219,34,49,61,74,74,100,100,100,164,164,89,89,89,89,162,162,176,451,466,466,477,477,509,525,572,572,313,341,231,250,250,323,323,342,359,373,373,389,389],"floor_reached":40,"playtime":5725,"items_purged":["Strike_G","Regret"],"score":902,"play_id":"8c1f1f00-b518-4494-828d-7efeb23fb88e","local_time":"20190319004638","is_ascension_mode":true,"campfire_choices":[{"data":"Deadly Poison","floor":6.0,"key":"SMITH"},{"data":"Storm of Steel","floor":8.0,"key":"SMITH"},{"data":"Neutralize","floor":11.0,"key":"SMITH"},{"data":"Bouncing Flask","floor":13.0,"key":"SMITH"},{"floor":15.0,"key":"REST"},{"data":"Noxious Fumes","floor":23.0,"key":"SMITH"},{"floor":27.0,"key":"REST"},{"floor":32.0,"key":"REST"}],"neow_cost":"NONE","seed_source_timestamp":420915928906131,"circlet_count":0,"master_deck":["AscendersBane","Defend_G","Defend_G","Defend_G","Defend_G+1","Defend_G","Survivor","Neutralize+1","Crippling Poison","Bouncing Flask+1","Deadly Poison+1","Crippling Poison+1","Backstab","Storm of Steel+1","Blur+1","Corpse Explosion+1","Unload+1","Adrenaline+1","Corpse Explosion+1","Dodge and Roll+1","Deflect+1","Noxious Fumes+1","Infinite Blades","Crippling Poison+1","Impatience+1","Dodge and Roll+1","Deflect+1","Calculated Gamble+1","Night Terror+1","Blur+1","Backflip+1","PiercingWail+1","Acrobatics+1"],"special_seed":0,"relics":["Ring of the Snake","Shuriken","Molten Egg 2","Toxic Egg 2","Astrolabe","Blood Vial","Dream Catcher","The Courier","Sozu"],"potions_floor_usage":[40,40],"damage_taken":[{"damage":0.0,"enemies":"2 Louse","floor":1.0,"turns":3.0},{"damage":1.0,"enemies":"Small Slimes","floor":3.0,"turns":3.0},{"damage":1.0,"enemies":"Jaw Worm","floor":4.0,"turns":4.0},{"damage":0.0,"enemies":"3 Louse","floor":5.0,"turns":3.0},{"damage":12.0,"enemies":"3 Sentries","floor":7.0,"turns":6.0},{"damage":18.0,"enemies":"3 Sentries","floor":10.0,"turns":5.0},{"damage":14.0,"enemies":"The Guardian","floor":16.0,"turns":10.0},{"damage":0.0,"enemies":"Spheric Guardian","floor":18.0,"turns":2.0},{"damage":2.0,"enemies":"3 Byrds","floor":20.0,"turns":3.0},{"damage":0.0,"enemies":"3 Cultists","floor":22.0,"turns":2.0},{"damage":25.0,"enemies":"Slavers","floor":24.0,"turns":3.0},{"damage":20.0,"enemies":"Snake Plant","floor":25.0,"turns":4.0},{"damage":8.0,"enemies":"Gremlin Leader","floor":29.0,"turns":6.0},{"damage":0.0,"enemies":"Chosen and Byrds","floor":31.0,"turns":5.0},{"damage":27.0,"enemies":"Collector","floor":33.0,"turns":7.0},{"damage":2.0,"enemies":"3 Darklings","floor":35.0,"turns":3.0},{"damage":0.0,"enemies":"3 Shapes","floor":36.0,"turns":3.0},{"damage":12.0,"enemies":"Transient","floor":37.0,"turns":6.0},{"damage":0.0,"enemies":"Sphere and 2 Shapes","floor":39.0,"turns":4.0},{"damage":70,"enemies":"Giant Head","floor":40,"turns":8}],"seed_played":"6308655444080764593","potions_obtained":[{"floor":3.0,"key":"Fire Potion"},{"floor":4.0,"key":"Explosive Potion"},{"floor":16.0,"key":"Regen Potion"},{"floor":20.0,"key":"Ancient Potion"},{"floor":24.0,"key":"EssenceOfSteel"},{"floor":25.0,"key":"LiquidBronze"},{"floor":33.0,"key":"EssenceOfSteel"}],"is_trial":false,"path_per_floor":["M","$","M","M","M","R","E","R","T","?","R","?","R","?","R","B",null,"M","?","M","?","M","R","E","M","T","R","$","E","?","M","R","B",null,"M","M","M","?","M","E"],"character_chosen":"THE_SILENT","items_purchased":["Dagger Spray","Bouncing Flask","SkillPotion","Impatience+1"],"campfire_rested":3,"item_purchase_floors":[2,2,28,28],"current_hp_per_floor":[59,59,58,57,57,57,45,45,45,27,27,27,27,7,26,12,53,53,53,51,51,51,51,26,22,22,41,41,35,35,37,56,31,57,57,59,49,49,51,0],"gold":389,"neow_bonus":"HUNDRED_GOLD","is_prod":false,"is_daily":false,"chose_seed":false,"campfire_upgraded":5,"win_rate":0,"timestamp":1552970798,"path_taken":["M","$","M","M","M","R","E","R","T","?","R","?","R","?","R","BOSS","M","?","?","?","?","R","E","M","T","R","$","E","?","M","R","BOSS","M","M","?","?","M","E"],"build_version":"2019-01-23","purchased_purges":2,"victory":false,"max_hp_per_floor":[66,66,66,66,66,66,66,66,66,66,66,66,66,66,66,66,66,66,66,66,66,66,66,66,66,66,66,66,66,66,66,66,66,66,66,66,66,66,66,66],"card_choices":[{"not_picked":["Backflip","Slice"],"picked":"Crippling Poison","floor":1.0},{"not_picked":["Dagger Throw","Reflex"],"picked":"Deadly Poison","floor":3.0},{"not_picked":["Setup","Terror"],"picked":"Crippling Poison","floor":4.0},{"not_picked":["Cloak And Dagger","Flechettes"],"picked":"Backstab","floor":5.0},{"not_picked":["Dagger Spray","Bouncing Flask"],"picked":"Storm of Steel","floor":7.0},{"not_picked":["Quick Slash+1","Deadly Poison"],"picked":"Blur","floor":10.0},{"not_picked":["Envenom","Phantasmal Killer+1"],"picked":"Corpse Explosion+1","floor":16.0},{"not_picked":["Dagger Spray+1","Slice+1","Sucker Punch+1"],"picked":"SKIP","floor":18.0},{"not_picked":["Crippling Poison+1","Flying Knee+1"],"picked":"Dodge and Roll+1","floor":20.0},{"not_picked":["Sucker Punch+1","Tactician+1","Heel Hook+1"],"picked":"SKIP","floor":22.0},{"not_picked":["Deadly Poison+1","Terror+1","Quick Slash+1"],"picked":"SKIP","floor":24.0},{"not_picked":["Corpse Explosion+1","Deadly Poison+1"],"picked":"Infinite Blades","floor":25.0},{"not_picked":["Riddle With Holes+1","Dagger Throw+1"],"picked":"Crippling Poison+1","floor":27.0},{"not_picked":["All Out Attack+1","Terror+1"],"picked":"Dodge and Roll+1","floor":29.0},{"not_picked":["Dagger Throw+1","Deadly Poison+1"],"picked":"Deflect+1","floor":31.0},{"not_picked":["Poisoned Stab+1","Terror+1"],"picked":"Calculated Gamble+1","floor":32.0},{"not_picked":["Unload+1","Grand Finale+1"],"picked":"Night Terror+1","floor":33.0},{"not_picked":["Dagger Spray+1","Flechettes+1"],"picked":"Blur+1","floor":35.0},{"not_picked":["Dagger Spray+1","Outmaneuver+1"],"picked":"Backflip+1","floor":36.0},{"not_picked":["Bouncing Flask+1","Deadly Poison+1"],"picked":"PiercingWail+1","floor":37.0},{"not_picked":["Outmaneuver+1","Distraction+1"],"picked":"Acrobatics+1","floor":39.0}],"player_experience":949256,"relics_obtained":[{"floor":7.0,"key":"Shuriken"},{"floor":9.0,"key":"Molten Egg 2"},{"floor":10.0,"key":"Toxic Egg 2"},{"floor":24.0,"key":"Blood Vial"},{"floor":26.0,"key":"Dream Catcher"},{"floor":29.0,"key":"The Courier"}],"event_choices":[{"damage_healed":0.0,"max_hp_gain":0.0,"max_hp_loss":0.0,"gold_gain":0.0,"event_name":"Dead Adventurer","player_choice":"Searched \u00271\u0027 times","floor":10.0,"gold_loss":0.0,"damage_taken":0.0},{"cards_removed":["Strike_G"],"damage_healed":0.0,"max_hp_gain":0.0,"max_hp_loss":0.0,"gold_gain":0.0,"event_name":"The Cleric","player_choice":"Card Removal","floor":12.0,"gold_loss":75.0,"damage_taken":0.0},{"damage_healed":0.0,"max_hp_gain":0.0,"max_hp_loss":0.0,"gold_gain":0.0,"event_name":"Shining Light","player_choice":"Entered Light","floor":14.0,"gold_loss":0.0,"damage_taken":20.0,"cards_upgraded":["Dagger Spray","Crippling Poison"]},{"damage_healed":0.0,"max_hp_gain":0.0,"max_hp_loss":0.0,"gold_gain":275.0,"event_name":"Golden Shrine","player_choice":"Desecrate","floor":19.0,"gold_loss":0.0,"damage_taken":0.0,"cards_obtained":["Regret"]},{"damage_healed":0.0,"max_hp_gain":0.0,"max_hp_loss":0.0,"gold_gain":0.0,"event_name":"Match and Keep!","player_choice":"2 cards matched","floor":21.0,"gold_loss":0.0,"damage_taken":0.0,"cards_obtained":["Deflect","Noxious Fumes"]},{"cards_removed":["Dagger Spray"],"damage_healed":0.0,"max_hp_gain":0.0,"max_hp_loss":0.0,"gold_gain":0.0,"event_name":"Designer","player_choice":"Upgrade and Remove","floor":30.0,"gold_loss":110.0,"damage_taken":0.0,"cards_upgraded":["Defend_G"]},{"damage_healed":0.0,"max_hp_gain":0.0,"max_hp_loss":0.0,"gold_gain":0.0,"event_name":"Tomb of Lord Red Mask","player_choice":"Ignored","floor":38.0,"gold_loss":0.0,"damage_taken":0.0}],"is_beta":false,"boss_relics":[{"not_picked":["Velvet Choker","Pandora\u0027s Box"],"picked":"Astrolabe"},{"not_picked":["HoveringKite","Orrery"],"picked":"Sozu"}],"items_purged_floors":[2,28],"is_endless":false,"potions_floor_spawned":[3,4,16,20,24,25,29,33,35,39],"killed_by":"Giant Head","ascension_level":20}