{"gold_per_floor":[111,186,71,71,71,111,36,36,36,57,98,98,121,156,156,245,245,266,266,291,291],"floor_reached":21,"playtime":806,"items_purged":[],"score":540,"play_id":"e68b1819-27dd-4ece-9934-3154158ad6fc","local_time":"20190621115211","is_ascension_mode":true,"campfire_choices":[{"data":"Noxious Fumes","floor":8.0,"key":"SMITH"},{"floor":15.0,"key":"REST"}],"neow_cost":"NONE","seed_source_timestamp":513201962037994,"circlet_count":0,"master_deck":["AscendersBane","Defend_G","Defend_G","Defend_G","Defend_G","Defend_G","Strike_G+1","Survivor","Neutralize","Deadly Poison","Deadly Poison+1","Leg Sweep","Noxious Fumes+1","Poisoned Stab+1","Well Laid Plans","PiercingWail","Backflip","Tools of the Trade","Deadly Poison+1","Choke+1","Underhanded Strike+1","Well Laid Plans","Leg Sweep","PiercingWail"],"special_seed":0,"relics":["Ring of the Snake","NeowsBlessing","Golden Idol","Bronze Scales","Dodecahedron","Whetstone","PreservedInsect","Astrolabe"],"potions_floor_usage":[20,21],"damage_taken":[{"damage":0.0,"enemies":"Jaw Worm","floor":1.0,"turns":1.0},{"damage":0.0,"enemies":"3 Sentries","floor":6.0,"turns":1.0},{"damage":0.0,"enemies":"2 Louse","floor":10.0,"turns":1.0},{"damage":21.0,"enemies":"Gremlin Nob","floor":11.0,"turns":4.0},{"damage":6.0,"enemies":"Small Slimes","floor":13.0,"turns":4.0},{"damage":19.0,"enemies":"3 Sentries","floor":14.0,"turns":7.0},{"damage":0.0,"enemies":"Hexaghost","floor":16.0,"turns":7.0},{"damage":13.0,"enemies":"Shell Parasite","floor":18.0,"turns":4.0},{"damage":0,"enemies":"Spheric Guardian","floor":20,"turns":3},{"damage":42,"enemies":"Masked Bandits","floor":21,"turns":3}],"seed_played":"6659946540542870487","potions_obtained":[{"floor":6.0,"key":"PowerPotion"},{"floor":11.0,"key":"FairyPotion"},{"floor":16.0,"key":"Poison Potion"},{"floor":18.0,"key":"EssenceOfSteel"}],"is_trial":false,"path_per_floor":["M","?","$","?","$","E","?","R","T","M","E","?","M","E","R","B",null,"M","?","M","?"],"character_chosen":"THE_SILENT","items_purchased":["Deadly Poison","Leg Sweep"],"campfire_rested":1,"item_purchase_floors":[3,3],"current_hp_per_floor":[59,48,48,48,48,48,48,48,48,48,27,27,21,2,20,20,50,37,37,37,0],"gold":291,"neow_bonus":"THREE_ENEMY_KILL","is_prod":false,"is_daily":false,"chose_seed":false,"campfire_upgraded":1,"win_rate":0,"timestamp":1561132331,"path_taken":["M","?","$","?","$","E","?","R","T","M","E","?","?","E","R","BOSS","M","?","?","?"],"build_version":"2019-01-23","purchased_purges":0,"victory":false,"max_hp_per_floor":[66,66,66,60,60,60,60,60,60,60,60,60,60,60,60,60,60,60,60,60,60],"card_choices":[{"not_picked":["Poisoned Stab","Setup"],"picked":"Deadly Poison","floor":1.0},{"not_picked":["Acrobatics","Flechettes"],"picked":"Noxious Fumes","floor":6.0},{"not_picked":["Outmaneuver","Underhanded Strike"],"picked":"Poisoned Stab","floor":10.0},{"not_picked":["Blade Dance","Grand Finale"],"picked":"Well Laid Plans","floor":11.0},{"not_picked":["Backflip","Bane"],"picked":"PiercingWail","floor":13.0},{"not_picked":["Calculated Gamble","Dagger Throw"],"picked":"Backflip","floor":14.0},{"not_picked":["Phantasmal Killer","Doppelganger"],"picked":"Tools of the Trade","floor":16.0},{"not_picked":["Prepared","Bouncing Flask"],"picked":"Well Laid Plans","floor":18.0},{"not_picked":["Blade Dance","Dagger Spray"],"picked":"PiercingWail","floor":20}],"player_experience":1532755,"relics_obtained":[{"floor":6.0,"key":"Bronze Scales"},{"floor":9.0,"key":"Dodecahedron"},{"floor":11.0,"key":"Whetstone"},{"floor":14.0,"key":"PreservedInsect"}],"event_choices":[{"damage_healed":0.0,"max_hp_gain":0.0,"max_hp_loss":0.0,"gold_gain":75.0,"event_name":"World of Goop","player_choice":"Gather Gold","floor":2.0,"gold_loss":0.0,"damage_taken":11.0},{"damage_healed":0.0,"max_hp_gain":0.0,"max_hp_loss":6.0,"gold_gain":0.0,"event_name":"Golden Idol","player_choice":"Lose Max HP","floor":4.0,"gold_loss":0.0,"damage_taken":0.0,"relics_obtained":["Golden Idol"]},{"cards_removed":["Strike_G"],"damage_healed":0.0,"max_hp_gain":0.0,"max_hp_loss":0.0,"gold_gain":0.0,"event_name":"The Cleric","player_choice":"Card Removal","floor":7.0,"gold_loss":75.0,"damage_taken":0.0},{"damage_healed":0.0,"max_hp_gain":0.0,"max_hp_loss":0.0,"gold_gain":0.0,"event_name":"Living Wall","player_choice":"Grow","floor":12.0,"gold_loss":0.0,"damage_taken":0.0,"cards_upgraded":["Deadly Poison"]},{"damage_healed":0.0,"max_hp_gain":0.0,"max_hp_loss":0.0,"gold_gain":0.0,"event_name":"Duplicator","player_choice":"Copied","floor":19.0,"gold_loss":0.0,"damage_taken":0.0,"cards_obtained":["Leg Sweep"]},{"damage_healed":0,"gold_gain":0,"player_choice":"Fought Bandits","damage_taken":0,"max_hp_gain":0,"max_hp_loss":0,"event_name":"Masked Bandits","floor":21,"gold_loss":0}],"is_beta":false,"boss_relics":[{"not_picked":["Fusion Hammer","Lizard Tail"],"picked":"Astrolabe"}],"items_purged_floors":[],"is_endless":false,"potions_floor_spawned":[6,11,16,18],"killed_by":"Masked Bandits","ascension_level":20}