{"gold_per_floor":[109,125,23,42,52,79,103,115,127,139,134,158,185,197,209,316,328,323,434,446,214,230,230,243,243,243,262,279,279,298,318,318,417,417,431,431,431,326,337,337,347,53,133,152,152,167,167,185,185,185],"floor_reached":50,"playtime":7144,"items_purged":["Defend_R","Decay"],"score":477,"play_id":"59aef0c6-047a-4388-a5a1-e1d936602fae","local_time":"20180816225226","is_ascension_mode":false,"campfire_choices":[{"floor":8,"key":"REST"},{"data":"Armaments","floor":15,"key":"SMITH"},{"floor":25,"key":"REST"},{"data":"Anger","floor":29,"key":"SMITH"},{"data":"Armaments","floor":32,"key":"SMITH"},{"data":"Demon Form","floor":40,"key":"SMITH"},{"floor":45,"key":"REST"},{"data":"Deep Breath","floor":49,"key":"SMITH"}],"neow_cost":"","seed_source_timestamp":63867957654569,"circlet_count":0,"master_deck":["Strike_R","Strike_R","Strike_R","Strike_R","Strike_R","Defend_R","Defend_R","Bash","Anger+1","Armaments+1","Warcry","Burning Pact","Impervious","Headbutt","Fire Breathing","Power Through","Armaments+1","Thunderclap","Demon Form+1","Uppercut+1","Necronomicurse","Combust","Mind Blast","Shrug It Off","Intimidate","Power Through","Flex+1","Burning Pact","Ghostly Armor","Seeing Red+1","Impervious","Armaments+1","Warcry","Pommel Strike","Seeing Red+1","Bloodletting+1","Deep Breath+1","Shrug It Off","Shrug It Off+1","Reckless Charge+1","Headbutt+1","Dark Embrace"],"relics":["Burning Blood","MawBank","Paper Frog","Bag of Marbles","Lizard Tail","Necronomicon","Thread and Needle","Sozu","Happy Flower","Toxic Egg 2","Magic Flower"],"potions_floor_usage":[50],"damage_taken":[{"damage":1,"enemies":"Cultist","floor":1,"turns":3},{"damage":2,"enemies":"Small Slimes","floor":2,"turns":4},{"damage":2,"enemies":"2 Louse","floor":4,"turns":3},{"damage":15,"enemies":"Red Slaver","floor":5,"turns":4},{"damage":30,"enemies":"3 Sentries","floor":6,"turns":10},{"damage":7,"enemies":"Blue Slaver","floor":7,"turns":5},{"damage":14,"enemies":"Exordium Thugs","floor":11,"turns":4},{"damage":7,"enemies":"3 Louse","floor":12,"turns":5},{"damage":4,"enemies":"Blue Slaver","floor":13,"turns":5},{"damage":28,"enemies":"The Guardian","floor":16,"turns":13},{"damage":19,"enemies":"2 Thieves","floor":18,"turns":4},{"damage":10,"enemies":"Shell Parasite","floor":22,"turns":3},{"damage":0,"enemies":"Snecko","floor":24,"turns":2},{"damage":0,"enemies":"Centurion and Healer","floor":27,"turns":5},{"damage":1,"enemies":"Chosen and Byrds","floor":28,"turns":6},{"damage":0,"enemies":"Cultist and Chosen","floor":30,"turns":3},{"damage":1,"enemies":"Centurion and Healer","floor":31,"turns":3},{"damage":46,"enemies":"Champ","floor":33,"turns":11},{"damage":2,"enemies":"Flame Bruiser 1 Orb","floor":35,"turns":2},{"damage":0,"enemies":"Orb Walker","floor":39,"turns":1},{"damage":40,"enemies":"4 Shapes","floor":41,"turns":5},{"damage":15,"enemies":"Transient","floor":44,"turns":5},{"damage":0,"enemies":"Flame Bruiser 2 Orb","floor":46,"turns":2},{"damage":0,"floor":47,"turns":6},{"damage":0,"enemies":"Spire Growth","floor":48,"turns":3},{"damage":157,"enemies":"Awakened One","floor":50,"turns":8}],"seed_played":"5652339262718509806","potions_obtained":[{"floor":2,"key":"Strength Potion"},{"floor":5,"key":"SteroidPotion"},{"floor":7,"key":"PowerPotion"},{"floor":12,"key":"Strength Potion"},{"floor":16,"key":"PowerPotion"},{"floor":18,"key":"Ancient Potion"},{"floor":24,"key":"Explosive Potion"},{"floor":28,"key":"FearPotion"}],"is_trial":false,"path_per_floor":["M","M","$","M","M","E","M","R","T","?","M","M","M","?","R","B",null,"M","?","?","$","M","?","M","R","T","M","M","R","M","M","R","B",null,"M","?","?","$","M","R","M","$","T","M","R","M","?","M","R"],"character_chosen":"IRONCLAD","items_purchased":["Warcry","Combust","Mind Blast","Warcry","Pommel Strike","Deep Breath","Shrug It Off","Happy Flower"],"campfire_rested":3,"item_purchase_floors":[3,21,21,38,38,42,42,42],"current_hp_per_floor":[80,80,80,80,71,47,46,70,70,70,62,61,63,63,63,41,80,67,67,51,51,47,47,53,77,77,80,80,80,80,80,80,40,80,80,80,80,80,80,80,46,46,46,37,61,67,73,80,80,0],"gold":185,"neow_bonus":"","is_prod":false,"is_daily":false,"chose_seed":false,"campfire_upgraded":5,"win_rate":0.0,"timestamp":1534474346,"path_taken":["M","M","$","M","?","E","M","R","T","?","?","M","M","?","R","BOSS","M","?","?","$","M","?","M","R","T","M","M","R","M","M","R","BOSS","M","?","?","$","M","R","M","$","T","M","R","M","?","?","R","BOSS"],"build_version":"2018-08-09","purchased_purges":2,"victory":false,"max_hp_per_floor":[80,80,80,80,80,80,80,80,80,80,80,80,80,80,80,80,80,80,80,80,80,80,80,80,80,80,80,80,80,80,80,80,80,80,80,80,80,80,80,80,80,80,80,80,80,80,80,80,80,80],"card_choices":[{"not_picked":["Armaments","Rampage"],"picked":"Anger","floor":1},{"not_picked":["Hemokinesis","Body Slam"],"picked":"Armaments","floor":2},{"not_picked":["Ghostly Armor","Pommel Strike"],"picked":"Burning Pact","floor":4},{"not_picked":["Anger","Rampage"],"picked":"Impervious","floor":5},{"not_picked":["Uppercut","Twin Strike"],"picked":"Headbutt","floor":6},{"not_picked":["Anger","Second Wind"],"picked":"Fire Breathing","floor":7},{"not_picked":["Perfected Strike","Rampage"],"picked":"Power Through","floor":11},{"not_picked":["Infernal Blade","Rampage"],"picked":"Armaments","floor":12},{"not_picked":["Dual Wield","Armaments"],"picked":"Thunderclap","floor":13},{"not_picked":["Bludgeon","Double Tap"],"picked":"Demon Form","floor":16},{"not_picked":["Clothesline+1","Iron Wave"],"picked":"Uppercut+1","floor":18},{"not_picked":["Armaments+1","Warcry"],"picked":"Shrug It Off","floor":22},{"not_picked":["Sword Boomerang","Body Slam"],"picked":"Power Through","floor":24},{"not_picked":["True Grit","Twin Strike"],"picked":"Flex+1","floor":27},{"not_picked":["True Grit","Pommel Strike"],"picked":"Burning Pact","floor":28},{"not_picked":["Armaments","Thunderclap"],"picked":"Ghostly Armor","floor":30},{"not_picked":["Flame Barrier","Sword Boomerang"],"picked":"Seeing Red","floor":31},{"not_picked":["Berserk","Demon Form"],"picked":"Impervious","floor":33},{"not_picked":["Fire Breathing","Searing Blow"],"picked":"Armaments+1","floor":35},{"not_picked":["Searing Blow","Combust"],"picked":"Seeing Red+1","floor":39},{"not_picked":["Shrug It Off","Rage"],"picked":"Bloodletting+1","floor":41},{"not_picked":["Hemokinesis+1","Flex+1"],"picked":"Shrug It Off+1","floor":44},{"not_picked":["Twin Strike+1","Shockwave+1"],"picked":"Reckless Charge+1","floor":46},{"not_picked":["Iron Wave","Ghostly Armor+1"],"picked":"Headbutt+1","floor":47},{"not_picked":["Perfected Strike","Carnage"],"picked":"Dark Embrace","floor":48}],"player_experience":0,"relics_obtained":[{"floor":6,"key":"MawBank"},{"floor":9,"key":"Paper Frog"},{"floor":20,"key":"Necronomicon"},{"floor":26,"key":"Thread and Needle"},{"floor":43,"key":"Toxic Egg 2"},{"floor":47,"key":"Magic Flower"}],"event_choices":[{"event_name":"Big Fish","player_choice":"Box","floor":10,"damage_taken":0},{"event_name":"Transmorgrifier","player_choice":"Transform","floor":14,"damage_taken":0},{"event_name":"Nest","player_choice":"Stole From Cult","floor":19,"damage_taken":0},{"event_name":"Cursed Tome","player_choice":"Obtained Book","floor":20,"damage_taken":0},{"event_name":"Transmorgrifier","player_choice":"Transform","floor":23,"damage_taken":0},{"event_name":"Upgrade Shrine","player_choice":"Upgraded","floor":36,"damage_taken":0},{"event_name":"Tomb of Lord Red Mask","player_choice":"Ignored","floor":37,"damage_taken":0},{"event_name":"MindBloom","player_choice":"Fight","floor":47,"damage_taken":0}],"is_beta":false,"boss_relics":[{"not_picked":["Calling Bell","Runic Cube"],"picked":"Lizard Tail"},{"not_picked":["Black Blood","Fusion Hammer"],"picked":"Sozu"}],"items_purged_floors":[3,21],"is_endless":false,"potions_floor_spawned":[2,5,7,12,13,16,18,24,28,41,44,47],"killed_by":"Awakened One","ascension_level":0}