{"gold_per_floor":[212,212,228,238,108,138,150,195,234,246],"floor_reached":10,"playtime":454,"items_purged":["Strike_R"],"score":152,"play_id":"17086357-bdf1-4322-899b-b15bdbad7e76","local_time":"20190505125936","is_ascension_mode":true,"campfire_choices":[{"data":"Bash","floor":7,"key":"SMITH"}],"neow_cost":"NONE","seed_source_timestamp":128966206604625,"circlet_count":0,"master_deck":["AscendersBane","Strike_R","Strike_R","Strike_R","Strike_R","Defend_R","Defend_R","Defend_R","Defend_R","Bash+1","Heavy Blade","Thunderclap","Sword Boomerang","Twin Strike","Combust","Flame Barrier"],"special_seed":0,"relics":["Burning Blood","MawBank","Bag of Marbles","Oddly Smooth Stone"],"potions_floor_usage":[6,10],"damage_taken":[{"damage":1.0,"enemies":"2 Louse","floor":1.0,"turns":4.0},{"damage":2.0,"enemies":"Cultist","floor":3.0,"turns":4.0},{"damage":1.0,"enemies":"Small Slimes","floor":4.0,"turns":3.0},{"damage":35,"enemies":"Lagavulin","floor":6,"turns":4},{"damage":24,"enemies":"3 Sentries","floor":8,"turns":4},{"damage":34,"enemies":"Gremlin Nob","floor":10,"turns":3}],"seed_played":"-1857979650430309095","potions_obtained":[{"floor":3.0,"key":"Energy Potion"}],"is_trial":false,"path_per_floor":["M","?","M","M","$","E","R","E","T","E"],"character_chosen":"IRONCLAD","items_purchased":["Strength Potion"],"campfire_rested":0,"item_purchase_floors":[5],"current_hp_per_floor":[73,73,75,75,75,46,46,28,28,0],"gold":246,"neow_bonus":"HUNDRED_GOLD","is_prod":false,"is_daily":false,"chose_seed":false,"campfire_upgraded":1,"win_rate":0,"timestamp":1557075576,"path_taken":["M","?","M","M","?","E","R","E","T","E"],"build_version":"2019-01-23","purchased_purges":1,"victory":false,"max_hp_per_floor":[75,75,75,75,75,75,75,75,75,75],"card_choices":[{"not_picked":["Havoc","Second Wind"],"picked":"Heavy Blade","floor":1.0},{"not_picked":["Cleave","Body Slam"],"picked":"Sword Boomerang","floor":3.0},{"not_picked":["Perfected Strike","Second Wind"],"picked":"Twin Strike","floor":4.0},{"not_picked":["Iron Wave","Searing Blow"],"picked":"Combust","floor":6},{"not_picked":["Burning Pact","Brutality"],"picked":"Flame Barrier","floor":8}],"player_experience":1224518,"relics_obtained":[{"floor":6,"key":"MawBank"},{"floor":8,"key":"Bag of Marbles"},{"floor":9,"key":"Oddly Smooth Stone"}],"event_choices":[{"damage_healed":0.0,"max_hp_gain":0.0,"max_hp_loss":0.0,"gold_gain":0.0,"event_name":"Match and Keep!","player_choice":"1 cards matched","floor":2.0,"gold_loss":0.0,"damage_taken":0.0,"cards_obtained":["Thunderclap"]}],"is_beta":false,"boss_relics":[],"items_purged_floors":[5],"is_endless":false,"potions_floor_spawned":[3],"killed_by":"Gremlin Nob","ascension_level":20}