{"gold_per_floor":[109,121,139,50,50,85,85,112,135,135,168,181,197,224,224,224],"floor_reached":16,"playtime":1083,"items_purged":[],"score":234,"play_id":"ff54b88f-956e-47a4-bbc0-86702474c927","local_time":"20180920230259","is_ascension_mode":true,"campfire_choices":[{"data":"True Grit","floor":7,"key":"SMITH"},{"data":"Barricade","floor":10,"key":"SMITH"},{"data":"True Grit","floor":15,"key":"SMITH"}],"neow_cost":"NONE","seed_source_timestamp":682625407441442,"circlet_count":0,"master_deck":["Strike_R","Strike_R","Strike_R","Strike_R","Defend_R","Defend_R","Defend_R","Defend_R","Bash","AscendersBane","True Grit+1","Cleave","Evolve","Whirlwind","Pommel Strike","Barricade+1","Warcry","True Grit+1"],"relics":["Burning Blood","PreservedInsect","Pen Nib","Bag of Preparation","Blood Vial","Pantograph","Nunchaku"],"potions_floor_usage":[14,14,16],"damage_taken":[{"damage":10,"enemies":"2 Louse","floor":1,"turns":4},{"damage":3,"enemies":"Cultist","floor":2,"turns":5},{"damage":7,"enemies":"Small Slimes","floor":3,"turns":3},{"damage":23,"enemies":"3 Sentries","floor":6,"turns":7},{"damage":8,"enemies":"Gremlin Nob","floor":8,"turns":3},{"damage":15,"enemies":"3 Sentries","floor":11,"turns":4},{"damage":8,"enemies":"Exordium Wildlife","floor":12,"turns":4},{"damage":13,"enemies":"Gremlin Gang","floor":13,"turns":2},{"damage":8,"enemies":"Lagavulin","floor":14,"turns":7},{"damage":62,"enemies":"The Guardian","floor":16,"turns":21}],"seed_played":"8925255962345867756","potions_obtained":[{"floor":2,"key":"EssenceOfSteel"},{"floor":3,"key":"SpeedPotion"},{"floor":12,"key":"Fire Potion"},{"floor":14,"key":"Fire Potion"}],"is_trial":false,"path_per_floor":["M","M","M","$","?","E","R","E","T","R","E","M","M","E","R"],"character_chosen":"IRONCLAD","items_purchased":["Whirlwind"],"campfire_rested":0,"item_purchase_floors":[4],"current_hp_per_floor":[64,67,66,66,66,49,49,47,47,47,40,40,35,35,35,0],"gold":224,"neow_bonus":"RANDOM_COMMON_RELIC","is_prod":false,"is_daily":false,"chose_seed":false,"campfire_upgraded":3,"win_rate":0,"timestamp":1537498979,"path_taken":["M","M","M","$","?","E","R","E","T","R","E","M","M","E","R","BOSS"],"build_version":"2018-09-20","purchased_purges":0,"victory":false,"max_hp_per_floor":[75,75,75,75,75,75,75,75,75,75,75,75,75,75,75,75],"card_choices":[{"not_picked":["Pommel Strike","Combust"],"picked":"True Grit","floor":1},{"not_picked":["Body Slam","Iron Wave"],"picked":"Cleave","floor":2},{"not_picked":["Shockwave","Wild Strike"],"picked":"Evolve","floor":3},{"not_picked":["Sword Boomerang","Thunderclap","Flex"],"picked":"SKIP","floor":6},{"not_picked":["Cleave","Twin Strike"],"picked":"Barricade","floor":8},{"not_picked":["Anger","Exhume","Dropkick"],"picked":"SKIP","floor":11},{"not_picked":["Perfected Strike","Carnage","Inflame"],"picked":"SKIP","floor":12},{"not_picked":["Flex","Twin Strike"],"picked":"Warcry","floor":13},{"not_picked":["Iron Wave","Armaments"],"picked":"True Grit","floor":14}],"player_experience":495882,"relics_obtained":[{"floor":6,"key":"Pen Nib"},{"floor":8,"key":"Bag of Preparation"},{"floor":9,"key":"Blood Vial"},{"floor":11,"key":"Pantograph"},{"floor":14,"key":"Nunchaku"}],"event_choices":[{"event_name":"Transmorgrifier","player_choice":"Transform","floor":5,"damage_taken":0}],"is_beta":false,"boss_relics":[],"items_purged_floors":[],"is_endless":false,"potions_floor_spawned":[2,3,12,13,14],"killed_by":"The Guardian","ascension_level":16}