{"gold_per_floor":[109,109,128,83,93,93,123,123,149,173,185,272,284,314,326,412,424,452,475,498,522,534,581,604,616,682,694,706,734,779,810,822,834],"floor_reached":33,"playtime":2272,"items_purged":[],"score":477,"play_id":"069a7238-6e80-4c11-8b69-f536aeb09136","local_time":"20180915141100","is_ascension_mode":true,"campfire_choices":[{"data":"True Grit","floor":6,"key":"SMITH"},{"data":"Reaper","floor":8,"key":"SMITH"},{"data":"Shrug It Off","floor":11,"key":"SMITH"},{"data":"Defend_R","floor":13,"key":"SMITH"},{"data":"Inflame","floor":15,"key":"SMITH"},{"data":"Uppercut","floor":25,"key":"SMITH"},{"data":"Clothesline","floor":27,"key":"SMITH"},{"data":"Feel No Pain","floor":32,"key":"SMITH"}],"neow_cost":"NONE","seed_source_timestamp":217496486282792,"circlet_count":0,"master_deck":["Strike_R","Strike_R","Strike_R","Strike_R","Defend_R+1","Defend_R+1","Defend_R","Defend_R+1","Bash+1","AscendersBane","True Grit+1","Shrug It Off+1","Reaper+1","Inflame+1","Offering+1","Armaments+1","Clothesline+1","Iron Wave","Twin Strike+1","Uppercut+1","Doubt","Feel No Pain+1","Anger+1"],"relics":["Burning Blood","Red Skull","Bag of Marbles","MawBank","Cursed Key","War Paint","Smiling Mask","Boot","Blood Vial"],"potions_floor_usage":[23,23,33],"damage_taken":[{"damage":11,"enemies":"Jaw Worm","floor":1,"turns":4},{"damage":0,"enemies":"Small Slimes","floor":3,"turns":4},{"damage":2,"enemies":"Cultist","floor":5,"turns":4},{"damage":55,"enemies":"Gremlin Nob","floor":7,"turns":6},{"damage":6,"enemies":"3 Louse","floor":10,"turns":2},{"damage":14,"enemies":"Large Slime","floor":14,"turns":7},{"damage":22,"enemies":"The Guardian","floor":16,"turns":16},{"damage":9,"enemies":"Chosen","floor":18,"turns":4},{"damage":26,"enemies":"3 Byrds","floor":19,"turns":9},{"damage":24,"enemies":"Cultist and Chosen","floor":20,"turns":8},{"damage":6,"enemies":"Snecko","floor":21,"turns":5},{"damage":23,"enemies":"Slavers","floor":23,"turns":5},{"damage":7,"enemies":"Sentry and Sphere","floor":24,"turns":5},{"damage":14,"enemies":"Cultist and Chosen","floor":29,"turns":5},{"damage":75,"enemies":"Gremlin Leader","floor":30,"turns":10},{"damage":1,"enemies":"3 Cultists","floor":31,"turns":5},{"damage":116,"enemies":"Automaton","floor":33,"turns":12}],"seed_played":"738247374810596900","potions_obtained":[{"floor":7,"key":"Regen Potion"},{"floor":14,"key":"Explosive Potion"},{"floor":16,"key":"Strength Potion"},{"floor":18,"key":"Energy Potion"},{"floor":30,"key":"Fire Potion"},{"floor":31,"key":"AttackPotion"}],"is_trial":false,"path_per_floor":["M","?","M","$","M","R","E","R","T","M","R","?","R","M","R","B",null,"M","M","M","M","?","E","M","R","T","R","?","M","E","M","R"],"character_chosen":"IRONCLAD","items_purchased":["Shrug It Off"],"campfire_rested":0,"item_purchase_floors":[4],"current_hp_per_floor":[67,51,57,57,61,61,22,22,22,58,58,47,47,59,59,54,74,77,64,54,62,62,62,77,77,77,77,77,78,18,73,73,0],"gold":834,"neow_bonus":"RANDOM_COMMON_RELIC","is_prod":false,"is_daily":false,"chose_seed":false,"campfire_upgraded":8,"win_rate":0,"timestamp":1537035060,"path_taken":["M","?","?","$","M","R","E","R","T","M","R","?","R","M","R","BOSS","M","M","M","?","?","E","M","R","T","R","?","M","E","M","R","BOSS"],"build_version":"2018-09-06","purchased_purges":0,"victory":false,"max_hp_per_floor":[80,80,80,80,80,80,80,80,80,80,80,80,80,80,80,80,80,80,80,80,80,80,80,80,80,80,80,80,80,80,80,80,80],"card_choices":[{"not_picked":["Flex","Evolve"],"picked":"True Grit","floor":1},{"not_picked":["Clash","Havoc","Wild Strike"],"picked":"SKIP","floor":3},{"not_picked":["Cleave","Twin Strike"],"picked":"Reaper","floor":5},{"not_picked":["Anger","Heavy Blade","Combust"],"picked":"SKIP","floor":7},{"not_picked":["Seeing Red","Dropkick","Havoc"],"picked":"SKIP","floor":10},{"not_picked":["Metallicize","Havoc"],"picked":"Inflame","floor":14},{"not_picked":["Impervious","Brutality"],"picked":"Offering","floor":16},{"not_picked":["Combust","Rage"],"picked":"Armaments+1","floor":18},{"not_picked":["Twin Strike","Corruption"],"picked":"Clothesline","floor":19},{"not_picked":["Heavy Blade","Wild Strike+1"],"picked":"Iron Wave","floor":20},{"not_picked":["Rage+1","Clothesline"],"picked":"Twin Strike+1","floor":21},{"not_picked":["Rage","Rampage","Clothesline"],"picked":"SKIP","floor":23},{"not_picked":["Entrench","Perfected Strike"],"picked":"Uppercut","floor":24},{"not_picked":["Warcry","Heavy Blade","Armaments"],"picked":"SKIP","floor":29},{"not_picked":["Thunderclap","Body Slam"],"picked":"Feel No Pain","floor":30},{"not_picked":["Thunderclap","Fire Breathing"],"picked":"Anger+1","floor":31}],"player_experience":376262,"relics_obtained":[{"floor":7,"key":"Bag of Marbles"},{"floor":9,"key":"MawBank"},{"floor":23,"key":"War Paint"},{"floor":26,"key":"Smiling Mask"},{"floor":30,"key":"Blood Vial"}],"event_choices":[{"event_name":"Shining Light","player_choice":"Entered Light","floor":2,"damage_taken":0},{"event_name":"World of Goop","player_choice":"Gather Gold","floor":12,"damage_taken":0},{"event_name":"Back to Basics","player_choice":"Elegance","floor":22,"damage_taken":0},{"event_name":"The Mausoleum","player_choice":"Yes","floor":28,"damage_taken":0}],"is_beta":false,"boss_relics":[{"not_picked":["Ectoplasm","Tiny House"],"picked":"Cursed Key"}],"items_purged_floors":[],"is_endless":false,"potions_floor_spawned":[7,14,16,18,19,21,30,31],"killed_by":"Automaton","ascension_level":13}