{"gold_per_floor":[213,213,25,25,300,300,325,348,396,181,197,197,197,47,47,145,145,158,158,177,190,208,208,408,444,498,521,546,546],"floor_reached":29,"playtime":1416,"items_purged":["Regret","Strike_G"],"score":545,"play_id":"4adf16e6-096b-4c57-9d6b-d6878422abaa","local_time":"20190512000950","is_ascension_mode":true,"campfire_choices":[{"floor":6,"key":"REST"},{"data":"Doppelganger","floor":12,"key":"SMITH"},{"data":"The Bomb","floor":15,"key":"SMITH"},{"floor":23,"key":"REST"}],"neow_cost":"NONE","seed_source_timestamp":686670925347460,"circlet_count":0,"master_deck":["AscendersBane","Defend_G","Defend_G","Defend_G","Defend_G","Defend_G","Strike_G","Strike_G","Strike_G","Strike_G+1","Survivor","Neutralize+1","Dash","The Bomb+1","Dagger Spray","Backflip","Dash","Doppelganger+1","Deflect","Bullet Time","Well Laid Plans","Blur+1","PiercingWail","Footwork"],"relics":["Ring of the Serpent","Golden Idol","Lantern","Bag of Marbles","Potion Belt"],"potions_floor_usage":[16,25,29],"damage_taken":[{"damage":0,"enemies":"Jaw Worm","floor":1,"turns":5},{"damage":0,"enemies":"2 Louse","floor":7,"turns":2},{"damage":9,"enemies":"Small Slimes","floor":8,"turns":3},{"damage":10,"enemies":"Gremlin Gang","floor":11,"turns":3},{"damage":20,"enemies":"Slime Boss","floor":16,"turns":12},{"damage":3,"enemies":"3 Byrds","floor":18,"turns":3},{"damage":18,"enemies":"2 Thieves","floor":20,"turns":4},{"damage":9,"enemies":"Centurion and Healer","floor":21,"turns":7},{"damage":0,"enemies":"3 Cultists","floor":22,"turns":3},{"damage":0,"enemies":"Gremlin Leader","floor":25,"turns":7},{"damage":6,"enemies":"Snecko","floor":27,"turns":6},{"damage":14,"enemies":"Shelled Parasite and Fungi","floor":28,"turns":4},{"damage":24,"enemies":"Book of Stabbing","floor":29,"turns":5}],"seed_played":"7693184555200683773","potions_obtained":[{"floor":1,"key":"AttackPotion"},{"floor":11,"key":"GhostInAJar"},{"floor":20,"key":"Explosive Potion"},{"floor":25,"key":"Ancient Potion"},{"floor":27,"key":"FearPotion"}],"is_trial":false,"path_per_floor":["M","?","$","?","?","R","M","M","T","$","M","R","?","$","R","B",null,"M","?","M","M","M","R","?","E","T","M","M","E"],"character_chosen":"THE_SILENT","items_purchased":["The Bomb","Backflip","Dash","Deflect"],"campfire_rested":2,"item_purchase_floors":[3,10,10,14],"current_hp_per_floor":[59,36,36,16,16,35,35,26,26,26,16,16,38,38,38,18,54,51,51,33,24,24,43,43,43,43,37,23,0],"gold":546,"neow_bonus":"HUNDRED_GOLD","is_prod":false,"is_daily":false,"chose_seed":false,"campfire_upgraded":2,"win_rate":0,"timestamp":1557634190,"path_taken":["M","?","$","?","?","R","?","M","T","$","M","R","?","?","R","BOSS","M","?","M","M","M","R","?","E","T","M","?","E"],"build_version":"2019-01-23","purchased_purges":2,"victory":false,"max_hp_per_floor":[66,66,66,66,66,66,66,66,66,66,66,66,66,66,66,66,66,66,66,66,66,66,66,66,66,66,66,66,66],"card_choices":[{"not_picked":["Predator","Choke"],"picked":"Dash","floor":1},{"not_picked":["Underhanded Strike","Dodge and Roll","Blade Dance"],"picked":"SKIP","floor":7},{"not_picked":["Outmaneuver","Prepared"],"picked":"Dagger Spray","floor":8},{"not_picked":["Eviscerate","Setup"],"picked":"Doppelganger","floor":11},{"not_picked":["Die Die Die","A Thousand Cuts"],"picked":"Bullet Time","floor":16},{"not_picked":["Acrobatics","Blade Dance","Bane"],"picked":"SKIP","floor":18},{"not_picked":["Dagger Spray","Underhanded Strike","Flying Knee"],"picked":"SKIP","floor":20},{"not_picked":["Distraction","Expertise","Choke"],"picked":"SKIP","floor":21},{"not_picked":["Sucker Punch","Envenom"],"picked":"Well Laid Plans","floor":22},{"not_picked":["Heel Hook","Caltrops"],"picked":"Blur+1","floor":25},{"not_picked":["Bane","Accuracy"],"picked":"PiercingWail","floor":27},{"not_picked":["All Out Attack","Catalyst"],"picked":"Footwork","floor":28}],"player_experience":1296206,"relics_obtained":[{"floor":9,"key":"Lantern"},{"floor":25,"key":"Bag of Marbles"},{"floor":26,"key":"Potion Belt"}],"event_choices":[{"damage_healed":0,"gold_gain":0,"player_choice":"Take Damage","damage_taken":23,"relics_obtained":["Golden Idol"],"max_hp_gain":0,"max_hp_loss":0,"event_name":"Golden Idol","floor":2,"gold_loss":0},{"damage_healed":0,"gold_gain":0,"player_choice":"Entered Light","damage_taken":20,"max_hp_gain":0,"max_hp_loss":0,"event_name":"Shining Light","floor":4,"gold_loss":0,"cards_upgraded":["Strike_G","Neutralize"]},{"damage_healed":0,"gold_gain":275,"player_choice":"Desecrate","damage_taken":0,"max_hp_gain":0,"max_hp_loss":0,"event_name":"Golden Shrine","floor":5,"gold_loss":0,"cards_obtained":["Regret"]},{"damage_healed":22,"gold_gain":0,"player_choice":"Banana","damage_taken":0,"max_hp_gain":0,"max_hp_loss":0,"event_name":"Big Fish","floor":13,"gold_loss":0},{"damage_healed":0,"gold_gain":0,"player_choice":"Ignored","damage_taken":0,"max_hp_gain":0,"max_hp_loss":0,"event_name":"Vampires","floor":19,"gold_loss":0},{"damage_healed":0,"gold_gain":200,"player_choice":"Gold","damage_taken":0,"max_hp_gain":0,"max_hp_loss":0,"event_name":"Wheel of Change","floor":24,"gold_loss":0}],"is_beta":false,"boss_relics":[{"not_picked":["Calling Bell","Cursed Key"],"picked":"Ring of the Serpent"}],"items_purged_floors":[10,14],"is_endless":false,"potions_floor_spawned":[1,11,20,25,27],"killed_by":"Book of Stabbing","ascension_level":20}