{"gold_per_floor":[115,40,51,1,1,1,32,32,32,66,66,79,107,127,127,229,229,247,260,275,102,118,150,150,183,210,222,262,285,316,328,340,449,461,492,504,570,582,594,636,648,690,702,727,739,783,814,846,858,870],"floor_reached":50,"playtime":5029,"items_purged":["Strike_G","Clumsy"],"score":663,"play_id":"c8614ef6-25e4-498e-983f-ce7b76dd8fa9","local_time":"20180820121404","is_ascension_mode":true,"campfire_choices":[{"data":"Deadly Poison","floor":6.0,"key":"SMITH"},{"floor":8.0,"key":"REST"},{"data":"Calculated Gamble","floor":11.0,"key":"SMITH"},{"data":"Noxious Fumes","floor":15.0,"key":"SMITH"},{"floor":24.0,"key":"REST"},{"floor":32.0,"key":"REST"},{"floor":41,"key":"REST"},{"floor":45,"key":"REST"},{"floor":49,"key":"REST"}],"neow_cost":"NONE","seed_source_timestamp":0,"circlet_count":0,"master_deck":["Defend_G","Defend_G","Defend_G","Defend_G","Defend_G","Strike_G+1","Survivor","Neutralize+1","Deadly Poison+1","Calculated Gamble+1","Noxious Fumes+1","Distraction","Deadly Poison","Prepared","Poisoned Stab","Footwork","Caltrops+1","Well Laid Plans","Tactician","Tools of the Trade","Tactician+1","Infinite Blades","Dodge and Roll","Die Die Die","Normality","Prepared+1","Noxious Fumes"],"special_seed":0,"relics":["Cursed Key","Unceasing Top","Regal Pillow","Letter Opener","Oddly Smooth Stone","Blood Vial","Busted Crown","Centennial Puzzle","Pen Nib","MawBank","Whetstone","Empty Cage","Ice Cream","Mummified Hand","Boot","Darkstone Periapt","Gremlin Horn"],"potions_floor_usage":[40,50],"damage_taken":[{"damage":0.0,"enemies":"2 Louse","floor":1.0,"turns":3.0},{"damage":0.0,"enemies":"Small Slimes","floor":3.0,"turns":3.0},{"damage":20.0,"enemies":"3 Sentries","floor":7.0,"turns":13.0},{"damage":5.0,"enemies":"Lagavulin","floor":10.0,"turns":7.0},{"damage":0.0,"enemies":"Cultist","floor":12.0,"turns":4.0},{"damage":3.0,"enemies":"3 Sentries","floor":13.0,"turns":7.0},{"damage":0.0,"enemies":"Blue Slaver","floor":14.0,"turns":4.0},{"damage":6.0,"enemies":"Hexaghost","floor":16.0,"turns":7.0},{"damage":3.0,"enemies":"3 Byrds","floor":18.0,"turns":4.0},{"damage":4.0,"enemies":"Chosen","floor":19.0,"turns":5.0},{"damage":7.0,"enemies":"Snecko","floor":20.0,"turns":6.0},{"damage":12.0,"enemies":"Sentry and Sphere","floor":22.0,"turns":6.0},{"damage":20.0,"enemies":"Book of Stabbing","floor":23.0,"turns":5.0},{"damage":38.0,"enemies":"Gremlin Leader","floor":25.0,"turns":6.0},{"damage":22.0,"enemies":"Book of Stabbing","floor":28.0,"turns":5.0},{"damage":0.0,"enemies":"Cultist and Chosen","floor":29.0,"turns":5.0},{"damage":2.0,"enemies":"Snake Plant","floor":30.0,"turns":3.0},{"damage":40.0,"enemies":"Champ","floor":33.0,"turns":11.0},{"damage":13,"enemies":"3 Darklings","floor":35,"turns":3},{"damage":55,"floor":37,"turns":5},{"damage":32,"enemies":"Nemesis","floor":40,"turns":7},{"damage":45,"enemies":"2 Orb Walkers","floor":42,"turns":6},{"damage":0,"enemies":"Flame Bruiser 1 Orb","floor":44,"turns":4},{"damage":30,"enemies":"Giant Head","floor":46,"turns":9},{"damage":12,"enemies":"Maw","floor":47,"turns":7},{"damage":0,"enemies":"Flame Bruiser 2 Orb","floor":48,"turns":4},{"damage":54,"enemies":"Awakened One","floor":50,"turns":10}],"seed_played":"3669785680129025767","potions_obtained":[{"floor":3.0,"key":"Strength Potion"},{"floor":10.0,"key":"Ancient Potion"},{"floor":12.0,"key":"Energy Potion"},{"floor":16.0,"key":"SkillPotion"},{"floor":25.0,"key":"Dexterity Potion"},{"floor":29.0,"key":"GhostInAJar"},{"floor":33.0,"key":"Poison Potion"},{"floor":37,"key":"Fire Potion"},{"floor":44,"key":"Energy Potion"}],"is_trial":false,"path_per_floor":["M","$","M","?","?","R","E","R","T","E","R","M","E","M","R","B",null,"M","M","M","$","M","E","R","E","T","$","E","M","M","?","R","B",null,"M","?","?","?","?","E","R","E","T","M","R","E","M","M","R"],"character_chosen":"THE_SILENT","items_purchased":["Footwork"],"campfire_rested":6,"item_purchase_floors":[21],"current_hp_per_floor":[70,70,70,70,67,67,47,70,70,65,65,65,62,64,64,60,70,67,65,60,60,50,32,68,32,32,32,12,14,14,14,50,12,70,57,57,4,4,61,29,61,16,16,18,51,23,13,15,48,0],"gold":870,"neow_bonus":"BOSS_RELIC","is_prod":false,"is_daily":false,"chose_seed":false,"campfire_upgraded":3,"win_rate":0,"timestamp":1534781644,"path_taken":["M","$","M","?","?","R","E","R","T","E","R","M","E","M","R","BOSS","M","M","M","$","M","E","R","E","T","$","E","M","M","?","R","BOSS","M","?","?","?","?","E","R","E","T","M","R","E","M","M","R","BOSS"],"build_version":"2018-08-16","purchased_purges":2,"victory":false,"max_hp_per_floor":[70,70,70,70,70,70,70,70,70,70,70,70,70,70,70,70,70,70,70,70,70,70,70,70,70,70,70,70,70,70,70,70,70,70,70,70,70,70,61,61,61,61,61,61,61,61,61,61,61,61],"card_choices":[{"not_picked":["Outmaneuver","Dagger Throw"],"picked":"Deadly Poison","floor":1.0},{"not_picked":["Masterful Stab","Sucker Punch","Tactician"],"picked":"SKIP","floor":3.0},{"not_picked":["Flying Knee","Dagger Spray","Heel Hook"],"picked":"SKIP","floor":7.0},{"not_picked":["Leg Sweep","Backflip"],"picked":"Calculated Gamble","floor":10.0},{"not_picked":["Outmaneuver","Underhanded Strike"],"picked":"Noxious Fumes","floor":12.0},{"not_picked":["All Out Attack","Dagger Throw"],"picked":"Distraction","floor":13.0},{"not_picked":["Choke","Blur"],"picked":"Deadly Poison","floor":14.0},{"not_picked":["Bane"],"picked":"SKIP","floor":18.0},{"not_picked":[],"picked":"Prepared","floor":19.0},{"not_picked":[],"picked":"Poisoned Stab","floor":20.0},{"not_picked":["Dodge and Roll"],"picked":"SKIP","floor":22.0},{"not_picked":[],"picked":"Caltrops+1","floor":23.0},{"not_picked":["Heel Hook"],"picked":"SKIP","floor":25.0},{"not_picked":[],"picked":"Well Laid Plans","floor":28.0},{"not_picked":["Riddle With Holes"],"picked":"SKIP","floor":29.0},{"not_picked":[],"picked":"Tactician","floor":30.0},{"not_picked":[],"picked":"Tools of the Trade","floor":33.0},{"not_picked":[],"picked":"Tactician+1","floor":35},{"not_picked":[],"picked":"Dodge and Roll","floor":40},{"not_picked":[],"picked":"Die Die Die","floor":42},{"not_picked":[],"picked":"Prepared+1","floor":44},{"not_picked":[],"picked":"Noxious Fumes","floor":46},{"not_picked":["Endless Agony+1"],"picked":"SKIP","floor":47},{"not_picked":["Eviscerate"],"picked":"SKIP","floor":48}],"player_experience":61008,"relics_obtained":[{"floor":7.0,"key":"Regal Pillow"},{"floor":9.0,"key":"Letter Opener"},{"floor":10.0,"key":"Oddly Smooth Stone"},{"floor":13.0,"key":"Blood Vial"},{"floor":23.0,"key":"Centennial Puzzle"},{"floor":25.0,"key":"Pen Nib"},{"floor":26.0,"key":"MawBank"},{"floor":28.0,"key":"Whetstone"},{"floor":37,"key":"Ice Cream"},{"floor":40,"key":"Mummified Hand"},{"floor":42,"key":"Boot"},{"floor":43,"key":"Darkstone Periapt"},{"floor":46,"key":"Gremlin Horn"}],"event_choices":[{"event_name":"The Cleric","player_choice":"Card Removal","floor":4.0,"damage_taken":0.0},{"event_name":"Scrap Ooze","player_choice":"success","floor":5.0,"damage_taken":3.0},{"event_name":"Ghosts","player_choice":"Ignored","floor":31.0,"damage_taken":0.0},{"event_name":"Transmorgrifier","player_choice":"Transform","floor":36,"damage_taken":0},{"event_name":"Mysterious Sphere","player_choice":"Fight","floor":37,"damage_taken":0},{"event_name":"Tomb of Lord Red Mask","player_choice":"Ignored","floor":38,"damage_taken":0},{"event_name":"The Moai Head","player_choice":"Heal","floor":39,"damage_taken":0}],"is_beta":false,"boss_relics":[{"not_picked":["Runic Dome","Lizard Tail"],"picked":"Busted Crown"},{"not_picked":["Coffee Dripper","Philosopher\u0027s Stone"],"picked":"Empty Cage"}],"items_purged_floors":[2,21],"is_endless":false,"potions_floor_spawned":[3,10,12,16,19,20,25,29,33,35,37,44,48],"killed_by":"Awakened One","ascension_level":1}