{"gold_per_floor":[212,31,51,69,69,69,94,94,94,124,124,135,135,155,155,233,233,243,219,219,234,234,260,260,285,285,319,336,371,384,397,397,474,474,493,547,566,566,57,86,86,118,142,142,0,28,42,54,54,54,54,54,54,54,82,82],"floor_reached":57,"playtime":4053,"items_purged":["Strike_R","Strike_R"],"score":3385,"play_id":"0562ebb1-8977-4c43-9f40-a84b9de47b91","local_time":"20190516105629","is_ascension_mode":true,"campfire_choices":[{"data":"Bash","floor":6,"key":"SMITH"},{"data":"Inflame","floor":8,"key":"SMITH"},{"data":"Disarm","floor":13,"key":"SMITH"},{"data":"Fiend Fire","floor":15,"key":"SMITH"},{"floor":24,"key":"REST"},{"floor":32,"key":"REST"},{"floor":41,"key":"RECALL"},{"floor":44,"key":"REST"},{"floor":49,"key":"REST"},{"floor":53,"key":"REST"}],"neow_cost":"NONE","seed_source_timestamp":52803035468809,"circlet_count":0,"master_deck":["AscendersBane","Strike_R","Strike_R+1","Defend_R","Defend_R","Defend_R","Defend_R","Bash+1","Disarm+1","Sword Boomerang","Inflame+1","Cleave","Anger+1","Disarm+1","Fiend Fire+1","Ghostly Armor","Reaper","Ghostly Armor","Dual Wield","Barricade","Bloodletting","Shockwave","Feed","Corruption+1","Metallicize","Feel No Pain","Shrug It Off","Dual Wield+1","Armaments+1","Armaments","True Grit+1","Battle Trance"],"relics":["Burning Blood","Meat on the Bone","Whetstone","Pen Nib","Fusion Hammer","Ginger","Anchor","PreservedInsect","Thread and Needle","Orichalcum","Dead Branch","Sozu","Magic Flower","Mercury Hourglass","Self Forming Clay","Bottled Tornado","Gambling Chip","Red Mask","Letter Opener","Turnip"],"potions_floor_usage":[7,23,29,36,56],"damage_taken":[{"damage":11,"enemies":"Small Slimes","floor":1,"turns":4},{"damage":9,"enemies":"Jaw Worm","floor":3,"turns":4},{"damage":0,"enemies":"Cultist","floor":4,"turns":4},{"damage":8,"enemies":"Lagavulin","floor":7,"turns":5},{"damage":25,"enemies":"3 Sentries","floor":10,"turns":6},{"damage":9,"enemies":"Blue Slaver","floor":12,"turns":3},{"damage":4,"enemies":"Red Slaver","floor":14,"turns":4},{"damage":27,"enemies":"Hexaghost","floor":16,"turns":7},{"damage":26,"enemies":"Shell Parasite","floor":18,"turns":6},{"damage":39,"enemies":"2 Thieves","floor":19,"turns":5},{"damage":16,"enemies":"Centurion and Healer","floor":21,"turns":7},{"damage":14,"enemies":"Book of Stabbing","floor":23,"turns":7},{"damage":68,"enemies":"Slavers","floor":25,"turns":9},{"damage":11,"enemies":"Book of Stabbing","floor":27,"turns":5},{"damage":24,"enemies":"Shelled Parasite and Fungi","floor":28,"turns":10},{"damage":30,"enemies":"Gremlin Leader","floor":29,"turns":7},{"damage":7,"enemies":"Sentry and Sphere","floor":30,"turns":4},{"damage":0,"enemies":"Snake Plant","floor":31,"turns":2},{"damage":6,"enemies":"Champ","floor":33,"turns":12},{"damage":28,"enemies":"3 Shapes","floor":35,"turns":8},{"damage":21,"enemies":"2 Orb Walkers","floor":36,"turns":4},{"damage":6,"enemies":"Orb Walker","floor":37,"turns":2},{"damage":10,"enemies":"Nemesis","floor":40,"turns":8},{"damage":4,"enemies":"Reptomancer","floor":42,"turns":4},{"damage":0,"enemies":"Giant Head","floor":46,"turns":6},{"damage":12,"enemies":"4 Shapes","floor":47,"turns":3},{"damage":15,"enemies":"Maw","floor":48,"turns":4},{"damage":0,"enemies":"Donu and Deca","floor":50,"turns":5},{"damage":8,"enemies":"Time Eater","floor":51,"turns":6},{"damage":53,"enemies":"Shield and Spear","floor":55,"turns":7},{"damage":12,"enemies":"The Heart","floor":56,"turns":5}],"seed_played":"-2735153915149482356","potions_obtained":[{"floor":3,"key":"SteroidPotion"},{"floor":14,"key":"Poison Potion"},{"floor":21,"key":"Swift Potion"},{"floor":23,"key":"SkillPotion"},{"floor":28,"key":"Swift Potion"},{"floor":29,"key":"LiquidBronze"}],"is_trial":false,"path_per_floor":["M","$","M","M","?","R","E","R","T","E","?","M","R","M","R","B",null,"M","M","?","M","?","E","R","E","T","E","M","E","M","M","R","B",null,"M","?","M","T","$","E","R","E","T","R","?","E","M","M","R","B","B",null,"R","$","E","B",null],"character_chosen":"IRONCLAD","items_purchased":["Sword Boomerang","Inflame","Feel No Pain","Self Forming Clay","Shrug It Off"],"campfire_rested":5,"item_purchase_floors":[2,2,39,39,39],"current_hp_per_floor":[63,63,60,66,66,66,64,64,64,45,38,47,47,49,49,40,66,52,41,41,49,49,53,75,46,46,53,47,35,54,60,75,75,75,66,59,67,67,67,81,81,81,81,81,81,84,96,90,96,99,99,99,99,99,98,102],"gold":82,"neow_bonus":"HUNDRED_GOLD","is_prod":false,"is_daily":false,"chose_seed":false,"campfire_upgraded":4,"win_rate":0,"timestamp":1558018589,"path_taken":["M","$","M","M","?","R","E","R","T","E","?","M","R","M","R","BOSS","M","M","?","?","?","E","R","E","T","E","M","E","M","M","R","BOSS","M","?","M","?","$","E","R","E","T","R","?","E","M","M","R","BOSS","BOSS","R","$","E","BOSS"],"build_version":"2019-01-23","purchased_purges":2,"victory":true,"max_hp_per_floor":[75,75,75,75,75,75,75,75,75,75,75,75,75,75,75,75,75,75,75,75,75,75,75,75,75,75,75,75,75,75,75,75,75,75,78,78,81,81,81,81,81,81,81,81,81,84,96,96,96,99,99,99,99,99,102,102],"card_choices":[{"not_picked":["Iron Wave","Seeing Red"],"picked":"Disarm","floor":1},{"not_picked":["Body Slam","Disarm"],"picked":"Cleave","floor":3},{"not_picked":["Thunderclap","Armaments"],"picked":"Anger","floor":4},{"not_picked":["Pommel Strike","Power Through"],"picked":"Disarm","floor":7},{"not_picked":["True Grit","Entrench"],"picked":"Fiend Fire","floor":10},{"not_picked":["Infernal Blade","Whirlwind"],"picked":"Ghostly Armor","floor":12},{"not_picked":["Perfected Strike","Infernal Blade","Dual Wield"],"picked":"SKIP","floor":14},{"not_picked":["Offering","Impervious"],"picked":"Reaper","floor":16},{"not_picked":["Clash","Wild Strike"],"picked":"Ghostly Armor","floor":18},{"not_picked":["Warcry","Headbutt"],"picked":"Dual Wield","floor":19},{"not_picked":["Inflame","Clash","Headbutt"],"picked":"SKIP","floor":21},{"not_picked":["Entrench","Wild Strike"],"picked":"Barricade","floor":23},{"not_picked":["Clash+1","Armaments","Searing Blow"],"picked":"SKIP","floor":25},{"not_picked":["Heavy Blade","Perfected Strike","Clothesline"],"picked":"SKIP","floor":27},{"not_picked":["Heavy Blade","Perfected Strike","Clothesline"],"picked":"SKIP","floor":27},{"not_picked":["Fire Breathing","True Grit","Clash"],"picked":"SKIP","floor":28},{"not_picked":["Flex","Hemokinesis","Dual Wield"],"picked":"SKIP","floor":29},{"not_picked":["Heavy Blade","Warcry"],"picked":"Bloodletting","floor":30},{"not_picked":["Infernal Blade+1","Anger"],"picked":"Shockwave","floor":31},{"not_picked":["Brutality","Bludgeon"],"picked":"Feed","floor":33},{"not_picked":["Pummel+1","Thunderclap","Searing Blow+1"],"picked":"SKIP","floor":35},{"not_picked":["Ghostly Armor+1","Clash+1"],"picked":"Corruption+1","floor":36},{"not_picked":["Perfected Strike","Anger"],"picked":"Metallicize","floor":37},{"not_picked":["Fiend Fire","Flex"],"picked":"Dual Wield+1","floor":40},{"not_picked":["Twin Strike","Infernal Blade"],"picked":"Armaments+1","floor":42},{"not_picked":["Clash","Rage"],"picked":"Armaments","floor":46},{"not_picked":["Cleave","Wild Strike+1","Fire Breathing+1"],"picked":"SKIP","floor":47},{"not_picked":["Pummel","Clash"],"picked":"True Grit+1","floor":48},{"not_picked":["Combust","Clash"],"picked":"Battle Trance","floor":55}],"player_experience":1361395,"relics_obtained":[{"floor":7,"key":"Meat on the Bone"},{"floor":9,"key":"Whetstone"},{"floor":10,"key":"Pen Nib"},{"floor":23,"key":"Anchor"},{"floor":25,"key":"PreservedInsect"},{"floor":26,"key":"Thread and Needle"},{"floor":27,"key":"Orichalcum"},{"floor":29,"key":"Dead Branch"},{"floor":36,"key":"Magic Flower"},{"floor":38,"key":"Mercury Hourglass"},{"floor":40,"key":"Bottled Tornado"},{"floor":42,"key":"Gambling Chip"},{"floor":46,"key":"Letter Opener"},{"floor":55,"key":"Turnip"}],"event_choices":[{"damage_healed":0,"gold_gain":0,"player_choice":"Leave","damage_taken":0,"max_hp_gain":0,"max_hp_loss":0,"event_name":"The Cleric","floor":5,"gold_loss":0},{"cards_removed":["Strike_R"],"damage_healed":0,"gold_gain":0,"player_choice":"Card Removal","damage_taken":7,"max_hp_gain":0,"max_hp_loss":0,"event_name":"Golden Wing","floor":11,"gold_loss":0},{"damage_healed":0,"gold_gain":0,"player_choice":"Upgraded","damage_taken":0,"max_hp_gain":0,"max_hp_loss":0,"event_name":"Upgrade Shrine","floor":20,"gold_loss":0,"cards_upgraded":["Disarm"]},{"damage_healed":0,"gold_gain":0,"player_choice":"Gave Potion","damage_taken":0,"relics_obtained":["Ginger"],"max_hp_gain":0,"max_hp_loss":0,"event_name":"WeMeetAgain","floor":22,"gold_loss":0},{"damage_healed":0,"gold_gain":0,"player_choice":"Fight","damage_taken":0,"max_hp_gain":0,"max_hp_loss":0,"event_name":"Mysterious Sphere","floor":36,"gold_loss":0},{"damage_healed":0,"gold_gain":0,"player_choice":"Paid","damage_taken":0,"relics_obtained":["Red Mask"],"max_hp_gain":0,"max_hp_loss":0,"event_name":"Tomb of Lord Red Mask","floor":45,"gold_loss":142}],"is_beta":false,"boss_relics":[{"not_picked":["Runic Dome","Black Star"],"picked":"Fusion Hammer"},{"not_picked":["Eternal Feather","Pandora\u0027s Box"],"picked":"Sozu"}],"items_purged_floors":[2,39],"is_endless":false,"potions_floor_spawned":[3,14,21,23,28,29,36,37,42,46],"ascension_level":20}