{"gold_per_floor":[119,119,44,57,71,99,99,99,175,175,27,48,48,69,69,199,199,219,233,133,133,149,182,0,0,0,25,25,40,81,100,100,228,228,243,118,139,198,219,219,239,278,326,326,342,342,342,361,361,361],"floor_reached":51,"playtime":2888,"items_purged":["Writhe","Strike_R","Strike_R"],"score":767,"play_id":"669c2c2a-edb0-4713-b086-939132c5709b","local_time":"20181014010434","is_ascension_mode":false,"campfire_choices":[{"data":"Clothesline","floor":7.0,"key":"SMITH"},{"data":"Pommel Strike","floor":10.0,"key":"SMITH"},{"data":"Bash","floor":13.0,"key":"SMITH"},{"data":"Anger","floor":15.0,"key":"SMITH"},{"floor":28.0,"key":"REST"},{"data":"Headbutt","floor":32.0,"key":"SMITH"},{"floor":40.0,"key":"REST"},{"floor":44.0,"key":"REST"},{"data":"Defend_R","floor":46.0,"key":"SMITH"},{"data":"Defend_R","floor":49.0,"key":"SMITH"}],"neow_cost":"CURSE","seed_source_timestamp":359998755639158,"circlet_count":0,"master_deck":["Strike_R","Strike_R","Defend_R+1","Defend_R+1","Defend_R+1","Defend_R+1","Bash+1","Clothesline+1","Pommel Strike+1","Anger+1","Armaments+1","Headbutt+1","Havoc+1","True Grit+1","Iron Wave+1","Iron Wave+1","Clash+1","Havoc+1","Cleave+1","Flex+1","True Grit+1"],"special_seed":0,"relics":["Burning Blood","Champion Belt","PreservedInsect","Golden Idol","Kunai","Oddly Smooth Stone","Sozu","War Paint","Mummified Hand","Molten Egg 2","Art of War","Pear","Runic Cube","Turnip","Blue Candle","Boot"],"potions_floor_usage":[],"damage_taken":[{"damage":12.0,"enemies":"Small Slimes","floor":1.0,"turns":4.0},{"damage":0.0,"enemies":"2 Louse","floor":4.0,"turns":3.0},{"damage":5.0,"enemies":"Jaw Worm","floor":5.0,"turns":4.0},{"damage":29.0,"enemies":"Lagavulin","floor":6.0,"turns":6.0},{"damage":0.0,"enemies":"Large Slime","floor":12.0,"turns":4.0},{"damage":2.0,"enemies":"Looter","floor":14.0,"turns":3.0},{"damage":24.0,"enemies":"Hexaghost","floor":16.0,"turns":7.0},{"damage":13.0,"enemies":"Shell Parasite","floor":18.0,"turns":4.0},{"damage":6.0,"enemies":"Chosen","floor":19.0,"turns":3.0},{"damage":34.0,"enemies":"Sentry and Sphere","floor":22.0,"turns":7.0},{"damage":25.0,"enemies":"Slavers","floor":23.0,"turns":5.0},{"damage":9.0,"enemies":"Cultist and Chosen","floor":29.0,"turns":7.0},{"damage":15.0,"enemies":"Book of Stabbing","floor":30.0,"turns":4.0},{"damage":0.0,"enemies":"Centurion and Healer","floor":31.0,"turns":5.0},{"damage":55.0,"enemies":"Champ","floor":33.0,"turns":13.0},{"damage":0.0,"enemies":"3 Shapes","floor":35.0,"turns":5.0},{"damage":3.0,"enemies":"Orb Walker","floor":37.0,"turns":4.0},{"damage":38.0,"enemies":"Mysterious Sphere","floor":38.0,"turns":10.0},{"damage":0.0,"enemies":"Maw","floor":39.0,"turns":8.0},{"damage":3.0,"enemies":"Reptomancer","floor":41.0,"turns":9.0},{"damage":32.0,"enemies":"Giant Head","floor":42.0,"turns":8.0},{"damage":14.0,"enemies":"3 Darklings","floor":45.0,"turns":6.0},{"damage":0.0,"enemies":"Sphere and 2 Shapes","floor":48.0,"turns":4.0},{"damage":85,"enemies":"Time Eater","floor":50,"turns":22}],"seed_played":"7413637725583833728","potions_obtained":[{"floor":1.0,"key":"Poison Potion"},{"floor":4.0,"key":"Strength Potion"},{"floor":14.0,"key":"LiquidBronze"}],"is_trial":false,"path_per_floor":["M","?","$","M","M","E","R","?","T","R","$","M","R","M","R","B",null,"M","M","$","?","M","E","?","?","T","T","R","M","E","M","R","B",null,"M","$","M","?","M","R","M","E","T","R","M","R","?","M","R","B"],"character_chosen":"IRONCLAD","items_purchased":["Oddly Smooth Stone"],"campfire_rested":3,"item_purchase_floors":[11],"current_hp_per_floor":[74,79,79,85,85,62,62,41,41,41,41,47,47,51,51,33,85,78,78,78,78,50,31,31,31,31,31,56,53,54,60,60,11,95,95,95,95,63,69,95,95,69,69,95,87,87,87,93,93,14],"gold":361,"neow_bonus":"ONE_RARE_RELIC","is_prod":false,"is_daily":false,"chose_seed":false,"campfire_upgraded":7,"win_rate":0,"timestamp":1539493474,"path_taken":["M","?","$","M","M","E","R","?","T","R","$","M","R","M","R","BOSS","M","M","$","?","M","E","?","?","T","?","R","M","E","?","R","BOSS","M","$","M","?","M","R","M","E","T","R","M","R","?","M","R","BOSS"],"build_version":"2018-10-11","purchased_purges":3,"victory":true,"max_hp_per_floor":[80,85,85,85,85,85,85,85,85,85,85,85,85,85,85,85,85,85,85,85,85,85,85,85,85,85,85,85,85,95,95,95,95,95,95,95,95,95,95,95,95,95,95,95,95,95,95,95,95,95],"card_choices":[{"not_picked":["Rage","Warcry"],"picked":"Clothesline","floor":1.0},{"not_picked":["Dropkick","Fire Breathing","Hemokinesis"],"picked":"SKIP","floor":4.0},{"not_picked":["Dropkick","Flame Barrier"],"picked":"Pommel Strike","floor":5.0},{"not_picked":["Rupture","Dropkick","Searing Blow"],"picked":"SKIP","floor":6.0},{"not_picked":["Entrench","Whirlwind","Shockwave"],"picked":"SKIP","floor":12.0},{"not_picked":["Flex","Heavy Blade"],"picked":"Anger","floor":14.0},{"not_picked":["Body Slam","Entrench"],"picked":"Armaments+1","floor":18.0},{"not_picked":["Burning Pact","Heavy Blade"],"picked":"Headbutt","floor":19.0},{"not_picked":["Headbutt","Disarm"],"picked":"Havoc+1","floor":22.0},{"not_picked":["Barricade","Corruption","Heavy Blade+1"],"picked":"SKIP","floor":23.0},{"not_picked":["Anger+1","Armaments","Burning Pact"],"picked":"SKIP","floor":29.0},{"not_picked":["Brutality","Fire Breathing"],"picked":"True Grit+1","floor":30.0},{"not_picked":["Armaments","Anger+1"],"picked":"Iron Wave+1","floor":31.0},{"not_picked":["Bloodletting","Shockwave","Feel No Pain"],"picked":"SKIP","floor":35.0},{"not_picked":["Infernal Blade","Anger+1"],"picked":"Iron Wave+1","floor":37.0},{"not_picked":["Rupture","Blood for Blood+1"],"picked":"Clash+1","floor":38.0},{"not_picked":["Entrench","Corruption+1"],"picked":"Havoc+1","floor":39.0},{"not_picked":["Carnage+1","Flex+1"],"picked":"Cleave+1","floor":41.0},{"not_picked":["Hemokinesis+1","Bloodletting","Evolve+1"],"picked":"SKIP","floor":42.0},{"not_picked":["Wild Strike+1","Reaper+1"],"picked":"Flex+1","floor":45.0},{"not_picked":["Thunderclap+1","Metallicize"],"picked":"True Grit+1","floor":48.0}],"player_experience":596490,"relics_obtained":[{"floor":6.0,"key":"PreservedInsect"},{"floor":9.0,"key":"Kunai"},{"floor":23.0,"key":"War Paint"},{"floor":26.0,"key":"Molten Egg 2"},{"floor":27.0,"key":"Art of War"},{"floor":30.0,"key":"Pear"},{"floor":38.0,"key":"Turnip"},{"floor":42.0,"key":"Blue Candle"},{"floor":43.0,"key":"Boot"}],"event_choices":[{"event_name":"Big Fish","player_choice":"Donut","floor":2.0,"damage_taken":0.0},{"event_name":"Golden Idol","player_choice":"Take Damage","floor":8.0,"damage_taken":0.0},{"event_name":"Vampires","player_choice":"Ignored","floor":21.0,"damage_taken":0.0},{"event_name":"Masked Bandits","player_choice":"Paid Fearfully","floor":24.0,"damage_taken":0.0},{"event_name":"The Mausoleum","player_choice":"Yes","floor":25.0,"damage_taken":0.0},{"event_name":"Mysterious Sphere","player_choice":"Fight","floor":38.0,"damage_taken":0.0},{"event_name":"Purifier","player_choice":"One Purge","floor":47.0,"damage_taken":0.0}],"is_beta":false,"boss_relics":[{"not_picked":["Runic Pyramid","Empty Cage"],"picked":"Sozu"},{"not_picked":["Pandora\u0027s Box","Coffee Dripper"],"picked":"Runic Cube"}],"items_purged_floors":[3,20,36],"is_endless":false,"potions_floor_spawned":[1,4,14,19,29,35,39,48],"ascension_level":0}