{"gold_per_floor":[112,126,126,136,151,151,178,49,49,49,62,72,72,92,92,188,188,202,216,10,29,45,77,88,88,113,148,148,148,179,198,198,296,296,316,316,316,331,341,373,389,415,415,415,18,31,42,77,77,77],"floor_reached":51,"playtime":6055,"items_purged":["Regret","Defend_G"],"score":873,"play_id":"7cd83489-a311-47ed-aee4-efdf90a3b74f","local_time":"20180820013104","is_ascension_mode":false,"campfire_choices":[{"floor":6,"key":"REST"},{"floor":10,"key":"REST"},{"floor":13,"key":"REST"},{"data":"Deadly Poison","floor":15,"key":"SMITH"},{"floor":25,"key":"REST"},{"floor":28,"key":"REST"},{"data":"Doppelganger","floor":32,"key":"SMITH"},{"data":"Terror","floor":44,"key":"PURGE"},{"floor":49,"key":"REST"}],"neow_cost":"PERCENT_DAMAGE","seed_source_timestamp":333698994510770,"circlet_count":0,"master_deck":["Defend_G","Defend_G","Defend_G","Defend_G","Survivor","Neutralize","Deadly Poison+1","Underhanded Strike","Dagger Throw","Deadly Poison","Deadly Poison","Crippling Poison","Deflect","Doppelganger+1","Underhanded Strike+1","After Image+1","Prepared+1","Blur","Deadly Poison+1","Blur","Blur+1","Blur+1","Footwork","Adrenaline+1","Crippling Poison+1","Expertise+1","Tactician+1","Well Laid Plans+1","Deadly Poison+1","Acrobatics+1"],"relics":["Ring of the Snake","Mummified Hand","Snake Skull","Bottled Lightning","Astrolabe","TwistedFunnel","Omamori","Ancient Tea Set","Gremlin Horn","Toxic Egg 2","Ninja Scroll","HoveringKite","Peace Pipe","Incense Burner","Bag of Preparation","Lantern","Bottled Tornado","Juzu Bracelet"],"potions_floor_usage":[23,23],"damage_taken":[{"damage":0,"enemies":"Jaw Worm","floor":1,"turns":7},{"damage":4,"enemies":"Small Slimes","floor":2,"turns":8},{"damage":1,"enemies":"Cultist","floor":4,"turns":3},{"damage":1,"enemies":"Red Slaver","floor":5,"turns":4},{"damage":33,"enemies":"Lagavulin","floor":7,"turns":8},{"damage":2,"enemies":"Blue Slaver","floor":11,"turns":3},{"damage":14,"enemies":"Lots of Slimes","floor":12,"turns":4},{"damage":13,"enemies":"Large Slime","floor":14,"turns":8},{"damage":23,"enemies":"The Guardian","floor":16,"turns":9},{"damage":7,"enemies":"Spheric Guardian","floor":18,"turns":5},{"damage":0,"enemies":"Chosen","floor":19,"turns":3},{"damage":25,"enemies":"3 Cultists","floor":21,"turns":6},{"damage":16,"enemies":"Cultist and Chosen","floor":22,"turns":7},{"damage":1,"enemies":"Book of Stabbing","floor":23,"turns":4},{"damage":3,"enemies":"Sentry and Sphere","floor":24,"turns":5},{"damage":11,"enemies":"Gremlin Leader","floor":27,"turns":8},{"damage":0,"enemies":"Book of Stabbing","floor":30,"turns":6},{"damage":2,"enemies":"Snecko","floor":31,"turns":5},{"damage":0,"enemies":"Champ","floor":33,"turns":13},{"damage":0,"enemies":"Orb Walker","floor":35,"turns":4},{"damage":0,"floor":36,"turns":12},{"damage":0,"enemies":"3 Darklings","floor":38,"turns":3},{"damage":0,"enemies":"Transient","floor":39,"turns":5},{"damage":34,"enemies":"Nemesis","floor":40,"turns":9},{"damage":0,"enemies":"Spire Growth","floor":41,"turns":5},{"damage":0,"enemies":"4 Shapes","floor":46,"turns":3},{"damage":0,"enemies":"Transient","floor":47,"turns":5},{"damage":0,"enemies":"Giant Head","floor":48,"turns":8},{"damage":15,"enemies":"Donu and Deca","floor":50,"turns":10}],"seed_played":"3668839769143007045","potions_obtained":[{"floor":4,"key":"Strength Potion"},{"floor":5,"key":"Poison Potion"},{"floor":12,"key":"PowerPotion"},{"floor":14,"key":"SkillPotion"},{"floor":18,"key":"Weak Potion"},{"floor":24,"key":"AttackPotion"},{"floor":33,"key":"EssenceOfSteel"},{"floor":36,"key":"Poison Potion"},{"floor":47,"key":"GhostInAJar"},{"floor":48,"key":"SpeedPotion"}],"is_trial":false,"path_per_floor":["M","M","?","M","M","R","E","$","T","R","M","M","R","M","R","B",null,"M","M","$","M","M","E","M","R","T","E","R","?","E","M","R","B",null,"M","?","?","M","M","E","M","T","T","R","$","M","M","E","R","B"],"character_chosen":"THE_SILENT","items_purchased":["Deadly Poison","TwistedFunnel","Deadly Poison+1","Bottled Tornado"],"campfire_rested":6,"item_purchase_floors":[8,20,45,45],"current_hp_per_floor":[49,45,45,44,43,64,31,31,31,52,50,36,57,44,44,21,70,63,63,63,38,22,21,18,39,39,28,49,49,49,47,47,47,70,70,70,70,70,70,36,36,36,36,36,36,36,36,36,57,42],"gold":77,"neow_bonus":"REMOVE_TWO","is_prod":false,"is_daily":false,"chose_seed":false,"campfire_upgraded":2,"win_rate":0.0,"timestamp":1534743064,"path_taken":["M","M","?","M","?","R","E","?","T","R","M","M","R","M","R","BOSS","M","M","$","M","M","E","M","R","T","E","R","?","E","M","R","BOSS","M","?","?","M","M","E","M","?","T","R","?","M","?","E","R","BOSS"],"build_version":"2018-08-16","purchased_purges":2,"victory":true,"max_hp_per_floor":[70,70,70,70,70,70,70,70,70,70,70,70,70,70,70,70,70,70,70,70,70,70,70,70,70,70,70,70,70,70,70,70,70,70,70,70,70,70,70,70,70,70,70,70,70,70,70,70,70,70],"card_choices":[{"not_picked":["Acrobatics","Backflip"],"picked":"Terror","floor":1},{"not_picked":["Quick Slash","PiercingWail"],"picked":"Deadly Poison","floor":2},{"not_picked":["Slice","PiercingWail"],"picked":"Underhanded Strike","floor":4},{"not_picked":["Predator","PiercingWail"],"picked":"Dagger Throw","floor":5},{"not_picked":["Tools of the Trade","Backflip"],"picked":"Deadly Poison","floor":7},{"not_picked":["Underhanded Strike","Terror"],"picked":"Crippling Poison","floor":11},{"not_picked":["Sucker Punch","Backflip"],"picked":"Deflect","floor":12},{"not_picked":["Unload","Backflip","Caltrops"],"picked":"SKIP","floor":14},{"not_picked":["Unload","Wraith Form v2"],"picked":"Doppelganger","floor":16},{"not_picked":["Tactician+1","Acrobatics"],"picked":"Prepared+1","floor":18},{"not_picked":["Dodge and Roll","Dagger Throw","Flying Knee"],"picked":"SKIP","floor":19},{"not_picked":["Terror","Slice","Dagger Throw"],"picked":"SKIP","floor":21},{"not_picked":["Outmaneuver","Endless Agony"],"picked":"Blur","floor":22},{"not_picked":["Dodge and Roll+1","Well Laid Plans"],"picked":"Deadly Poison+1","floor":23},{"not_picked":["Blade Dance","Eviscerate+1"],"picked":"Blur","floor":24},{"not_picked":["Riddle With Holes","Footwork"],"picked":"Blur+1","floor":27},{"not_picked":["Heel Hook","Dash"],"picked":"Blur+1","floor":30},{"not_picked":["Dagger Throw","Tactician+1"],"picked":"Footwork","floor":31},{"not_picked":["Doppelganger+1","Glass Knife"],"picked":"Adrenaline+1","floor":33},{"not_picked":["Quick Slash+1","Underhanded Strike+1"],"picked":"Crippling Poison+1","floor":35},{"not_picked":["Acrobatics+1","Skewer"],"picked":"Expertise+1","floor":38},{"not_picked":["Quick Slash","Slice+1","Die Die Die"],"picked":"SKIP","floor":39},{"not_picked":["Distraction+1","Outmaneuver+1"],"picked":"Tactician+1","floor":40},{"not_picked":["PiercingWail+1","Dodge and Roll+1"],"picked":"Well Laid Plans+1","floor":41},{"not_picked":["Skewer+1","Prepared+1"],"picked":"Acrobatics+1","floor":46},{"not_picked":["Finisher+1","Quick Slash+1","Calculated Gamble+1"],"picked":"SKIP","floor":47},{"not_picked":["Endless Agony+1","Deflect+1","Malaise+1"],"picked":"SKIP","floor":48}],"player_experience":51572,"relics_obtained":[{"floor":7,"key":"Snake Skull"},{"floor":9,"key":"Bottled Lightning"},{"floor":23,"key":"Omamori"},{"floor":26,"key":"Ancient Tea Set"},{"floor":27,"key":"Gremlin Horn"},{"floor":30,"key":"Ninja Scroll"},{"floor":36,"key":"Peace Pipe"},{"floor":40,"key":"Incense Burner"},{"floor":42,"key":"Bag of Preparation"},{"floor":43,"key":"Lantern"},{"floor":48,"key":"Juzu Bracelet"}],"event_choices":[{"event_name":"Big Fish","player_choice":"Box","floor":3,"damage_taken":0},{"event_name":"Accursed Blacksmith","player_choice":"Rummage","floor":29,"damage_taken":0},{"event_name":"MindBloom","player_choice":"Fight","floor":36,"damage_taken":0},{"event_name":"Falling","player_choice":"Removed Skill","floor":37,"damage_taken":0}],"is_beta":false,"boss_relics":[{"not_picked":["Fusion Hammer","Eternal Feather"],"picked":"Astrolabe"},{"not_picked":["Coffee Dripper","Empty Cage"],"picked":"HoveringKite"}],"items_purged_floors":[8,45],"is_endless":false,"potions_floor_spawned":[4,5,12,14,18,22,24,33,36,40,47,48],"ascension_level":0}