{"gold_per_floor":[114,127,145,420,5,5,24,24,47,69,110,122,134,162,174,186],"floor_reached":16,"playtime":602,"items_purged":["Regret"],"score":204,"play_id":"470939c6-43f4-469a-8d23-f79b8d981424","local_time":"20190316205900","is_ascension_mode":true,"campfire_choices":[{"data":"Sweeping Beam","floor":6,"key":"SMITH"},{"data":"Consume","floor":8,"key":"SMITH"},{"data":"Darkness","floor":12,"key":"SMITH"},{"data":"Zap","floor":15,"key":"SMITH"}],"neow_cost":"NONE","seed_source_timestamp":239901304203429,"circlet_count":0,"master_deck":["AscendersBane","Strike_B","Strike_B","Strike_B","Strike_B","Defend_B","Defend_B","Defend_B","Defend_B","Zap+1","Dualcast","Tempest","Sweeping Beam+1","Self Repair","Consume+1","Darkness+1","Glacier","Heatsinks"],"relics":["Cracked Core","Strawberry","Matryoshka","MawBank","Lantern","Smiling Mask","Blue Candle"],"potions_floor_usage":[],"damage_taken":[{"damage":1,"enemies":"2 Louse","floor":1,"turns":2},{"damage":1,"enemies":"Cultist","floor":2,"turns":4},{"damage":11,"enemies":"Small Slimes","floor":3,"turns":3},{"damage":10,"enemies":"2 Fungi Beasts","floor":7,"turns":3},{"damage":9,"enemies":"Red Slaver","floor":10,"turns":2},{"damage":32,"enemies":"Gremlin Nob","floor":11,"turns":4},{"damage":8,"enemies":"Exordium Wildlife","floor":14,"turns":3},{"damage":24,"enemies":"Hexaghost","floor":16,"turns":9}],"seed_played":"5593742655739035874","potions_obtained":[{"floor":10,"key":"Strength Potion"},{"floor":11,"key":"GamblersBrew"}],"is_trial":false,"path_per_floor":["M","M","M","?","$","R","M","R","T","M","E","R","?","M","R","B"],"character_chosen":"DEFECT","items_purchased":["Matryoshka","Self Repair"],"campfire_rested":0,"item_purchase_floors":[5,5],"current_hp_per_floor":[70,69,58,58,58,58,55,55,55,46,21,21,21,20,20,0],"gold":186,"neow_bonus":"RANDOM_COMMON_RELIC","is_prod":false,"is_daily":false,"chose_seed":false,"campfire_upgraded":4,"win_rate":0,"timestamp":1552784340,"path_taken":["M","M","M","?","?","R","?","R","T","M","E","R","?","?","R","BOSS"],"build_version":"2019-01-23","purchased_purges":1,"victory":false,"max_hp_per_floor":[78,78,78,78,78,78,78,78,78,78,78,78,78,78,78,78],"card_choices":[{"not_picked":["Beam Cell","Barrage","Storm"],"picked":"SKIP","floor":1},{"not_picked":["Redo","Barrage"],"picked":"Tempest","floor":2},{"not_picked":["Recycle","Steam Power"],"picked":"Sweeping Beam","floor":3},{"not_picked":["Gash","Rebound"],"picked":"Consume","floor":7},{"not_picked":["Leap","Consume"],"picked":"Darkness","floor":10},{"not_picked":["BootSequence","Streamline"],"picked":"Glacier","floor":11},{"not_picked":["Gash","Hyperbeam"],"picked":"Heatsinks","floor":14}],"player_experience":917646,"relics_obtained":[{"floor":9,"key":"MawBank"},{"floor":9,"key":"Lantern"},{"floor":11,"key":"Smiling Mask"}],"event_choices":[{"damage_healed":0,"gold_gain":275,"player_choice":"Desecrate","damage_taken":0,"max_hp_gain":0,"max_hp_loss":0,"event_name":"Golden Shrine","floor":4,"gold_loss":0,"cards_obtained":["Regret"]},{"damage_healed":0,"gold_gain":0,"player_choice":"Gave Potion","damage_taken":0,"relics_obtained":["Blue Candle"],"max_hp_gain":0,"max_hp_loss":0,"event_name":"WeMeetAgain","floor":13,"gold_loss":0}],"is_beta":false,"boss_relics":[],"items_purged_floors":[5],"is_endless":false,"potions_floor_spawned":[10,11],"killed_by":"Hexaghost","ascension_level":20}