{"gold_per_floor":[214,214,214,106,106,106,137,151,151,151,186,186,216,236,236,308,308,319,4,14,14],"floor_reached":21,"playtime":760,"items_purged":["Strike_B"],"score":390,"play_id":"db657fb9-b2f4-4183-bd96-2598cabad63a","local_time":"20190620193419","is_ascension_mode":true,"campfire_choices":[{"floor":6,"key":"REST"},{"data":"Doom and Gloom","floor":10,"key":"SMITH"},{"data":"Sweeping Beam","floor":15,"key":"SMITH"}],"neow_cost":"NONE","seed_source_timestamp":454643876425284,"circlet_count":0,"master_deck":["AscendersBane","Strike_B","Strike_B","Strike_B","Defend_B+1","Defend_B+1","Defend_B","Defend_B","Zap+1","Dualcast","Coolheaded+1","Rebound","Sweeping Beam+1","Doom and Gloom+1","Ball Lightning","Barrage","Echo Form","Coolheaded","Static Discharge","Heatsinks"],"relics":["Cracked Core","War Paint","NlothsMask","Letter Opener","Boot","Vajra","Cursed Key","Omamori"],"potions_floor_usage":[16,16],"damage_taken":[{"damage":4,"enemies":"Jaw Worm","floor":1,"turns":4},{"damage":9,"enemies":"3 Sentries","floor":7,"turns":9},{"damage":0,"enemies":"2 Louse","floor":8,"turns":2},{"damage":15,"enemies":"Lagavulin","floor":11,"turns":6},{"damage":8,"enemies":"Gremlin Nob","floor":13,"turns":3},{"damage":0,"enemies":"Cultist","floor":14,"turns":2},{"damage":16,"enemies":"Slime Boss","floor":16,"turns":7},{"damage":32,"enemies":"Shell Parasite","floor":18,"turns":4},{"damage":17,"enemies":"Chosen","floor":20,"turns":4},{"damage":10,"enemies":"3 Cultists","floor":21,"turns":3}],"seed_played":"-7764686693893539948","potions_obtained":[{"floor":11,"key":"SkillPotion"},{"floor":16,"key":"Explosive Potion"},{"floor":18,"key":"PowerPotion"}],"is_trial":false,"path_per_floor":["M","?","?","$","?","R","E","M","T","R","E","?","E","M","R","B",null,"M","$","M","M"],"character_chosen":"DEFECT","items_purchased":["Rebound","SteroidPotion","Omamori","Static Discharge"],"campfire_rested":1,"item_purchase_floors":[4,4,19,19],"current_hp_per_floor":[60,49,28,28,28,49,40,40,40,40,25,48,40,40,40,24,59,27,27,10,0],"gold":14,"neow_bonus":"HUNDRED_GOLD","is_prod":false,"is_daily":false,"chose_seed":false,"campfire_upgraded":2,"win_rate":0,"timestamp":1561073659,"path_taken":["M","?","?","$","?","R","E","?","T","R","E","?","E","M","R","BOSS","M","$","M","M"],"build_version":"2019-01-23","purchased_purges":1,"victory":false,"max_hp_per_floor":[71,71,71,71,71,71,71,71,71,71,71,71,71,71,71,71,71,71,71,71,71],"card_choices":[{"not_picked":["Beam Cell","Hello World"],"picked":"Coolheaded","floor":1},{"not_picked":["Beam Cell","Redo"],"picked":"Sweeping Beam","floor":7},{"not_picked":["Hello World","Coolheaded"],"picked":"Doom and Gloom","floor":8},{"not_picked":["White Noise","Rebound"],"picked":"Ball Lightning","floor":11},{"not_picked":["Turbo","Gash","Rebound"],"picked":"SKIP","floor":13},{"not_picked":["Turbo","Gash","Rebound"],"picked":"SKIP","floor":13},{"not_picked":["Go for the Eyes","Beam Cell"],"picked":"Barrage","floor":14},{"not_picked":["Electrodynamics","All For One"],"picked":"Echo Form","floor":16},{"not_picked":["Fusion","Steam"],"picked":"Coolheaded","floor":18},{"not_picked":["Hologram","Steam"],"picked":"Heatsinks","floor":20}],"player_experience":1531995,"relics_obtained":[{"floor":7,"key":"Letter Opener"},{"floor":11,"key":"Boot"},{"floor":13,"key":"Vajra"}],"event_choices":[{"damage_healed":0,"gold_gain":0,"player_choice":"Success","damage_taken":11,"relics_obtained":["War Paint"],"max_hp_gain":0,"max_hp_loss":0,"event_name":"Scrap Ooze","floor":2,"gold_loss":0},{"damage_healed":0,"gold_gain":0,"player_choice":"Entered Light","damage_taken":21,"max_hp_gain":0,"max_hp_loss":0,"event_name":"Shining Light","floor":3,"gold_loss":0,"cards_upgraded":["Zap","Coolheaded"]},{"damage_healed":0,"gold_gain":0,"player_choice":"Trade","damage_taken":0,"relics_obtained":["NlothsMask"],"max_hp_gain":0,"max_hp_loss":0,"event_name":"FaceTrader","floor":5,"gold_loss":0},{"damage_healed":23,"gold_gain":0,"player_choice":"Banana","damage_taken":0,"max_hp_gain":0,"max_hp_loss":0,"event_name":"Big Fish","floor":12,"gold_loss":0}],"is_beta":false,"boss_relics":[{"not_picked":["Lizard Tail","Ectoplasm"],"picked":"Cursed Key"}],"items_purged_floors":[19],"is_endless":false,"potions_floor_spawned":[11,16,18],"killed_by":"3 Cultists","ascension_level":20}