{"gold_per_floor":[215,215,165,183,200,200,200,48,48,48,21,21,41,41,41,146,146,157,157,176,176,176,176,101,101,101,101,101,120,136,156,156,258,258,269,269,1268,987,987,987,987,987],"floor_reached":42,"playtime":1554,"items_purged":["Strike_B","Normality"],"score":405,"play_id":"1be08eb4-a5c8-479f-be56-c63159ee9443","local_time":"20181004201122","is_ascension_mode":false,"campfire_choices":[{"data":"Zap","floor":6,"key":"SMITH"},{"data":"Dualcast","floor":10,"key":"SMITH"},{"data":"Hologram","floor":12,"key":"SMITH"},{"data":"Core Surge","floor":15,"key":"SMITH"},{"data":"Consume","floor":23,"key":"SMITH"},{"data":"Glacier","floor":25,"key":"SMITH"},{"data":"Cold Snap","floor":28,"key":"SMITH"},{"data":"Turbo","floor":32,"key":"SMITH"},{"data":"Madness","floor":40,"key":"SMITH"}],"neow_cost":"NONE","seed_source_timestamp":1881593736395879,"circlet_count":0,"master_deck":["Defend_B","Defend_B","Defend_B","Zap+1","Dualcast+1","Hologram+1","Ball Lightning","Core Surge+1","Glacier+1","Cold Snap","Go for the Eyes+1","Buffer+1","Cold Snap+1","Consume+1","Sunder","Turbo+1","Ball Lightning","Electrodynamics","Redo+1","Madness","Madness+1","Normality","Master of Strategy","Panacea","Leap"],"relics":["Cracked Core"],"potions_floor_usage":[16,16,29,33,42,42],"damage_taken":[{"damage":1,"enemies":"Cultist","floor":1,"turns":3},{"damage":3,"enemies":"Jaw Worm","floor":4,"turns":3},{"damage":1,"enemies":"2 Louse","floor":5,"turns":2},{"damage":0,"enemies":"2 Fungi Beasts","floor":13,"turns":2},{"damage":22,"enemies":"Hexaghost","floor":16,"turns":13},{"damage":7,"enemies":"2 Thieves","floor":18,"turns":5},{"damage":1,"enemies":"Shell Parasite","floor":20,"turns":6},{"damage":0,"enemies":"Snecko","floor":29,"turns":6},{"damage":18,"enemies":"Snake Plant","floor":30,"turns":6},{"damage":2,"enemies":"Centurion and Healer","floor":31,"turns":12},{"damage":18,"enemies":"Champ","floor":33,"turns":19},{"damage":3,"enemies":"3 Shapes","floor":35,"turns":3},{"damage":91,"enemies":"Giant Head","floor":42,"turns":11}],"seed_played":"4939292672202327270","potions_obtained":[{"floor":4,"key":"Strength Potion"},{"floor":13,"key":"Regen Potion"},{"floor":16,"key":"SteroidPotion"},{"floor":18,"key":"PowerPotion"},{"floor":20,"key":"Swift Potion"},{"floor":31,"key":"Energy Potion"},{"floor":33,"key":"LiquidBronze"},{"floor":35,"key":"Poison Potion"}],"is_trial":false,"path_per_floor":["M","?","?","M","M","R","?","$","T","R","$","R","M","?","R","B",null,"M","?","M","?","?","R","?","R","T","T","R","M","M","M","R","B",null,"M","?","?","$","?","R","?"],"character_chosen":"DEFECT","items_purchased":["Glacier","Cold Snap","Master of Strategy"],"campfire_rested":0,"item_purchase_floors":[8,11,38],"current_hp_per_floor":[74,74,74,71,70,70,63,63,63,63,63,63,63,63,63,56,75,68,68,67,67,67,67,67,67,67,67,67,67,49,47,47,29,75,72,63,63,63,63,63,63,0],"gold":987,"neow_bonus":"HUNDRED_GOLD","is_prod":false,"is_daily":false,"chose_seed":false,"campfire_upgraded":9,"win_rate":0,"timestamp":1538698282,"path_taken":["M","?","?","M","M","R","?","?","T","R","$","R","M","?","R","BOSS","M","?","M","?","?","R","?","R","T","?","R","M","M","M","R","BOSS","M","?","?","$","?","R","?","E"],"build_version":"2018-09-27","purchased_purges":2,"victory":false,"max_hp_per_floor":[75,75,75,75,75,75,75,75,75,75,75,75,75,75,75,75,75,75,75,75,75,75,75,75,75,75,75,75,75,75,75,75,75,75,75,75,75,75,75,75,75,75],"card_choices":[{"not_picked":["Compile Driver","Streamline"],"picked":"Hologram","floor":1},{"not_picked":["Cold Snap","Redo"],"picked":"Ball Lightning","floor":4},{"not_picked":["Ball Lightning","Cold Snap"],"picked":"Core Surge","floor":5},{"not_picked":["Steam Power","Reinforced Body"],"picked":"Go for the Eyes","floor":13},{"not_picked":["Hyperbeam","Rainbow"],"picked":"Buffer","floor":16},{"not_picked":["Turbo","Compile Driver+1"],"picked":"Cold Snap","floor":18},{"not_picked":["Leap","Aggregate"],"picked":"Consume","floor":20},{"not_picked":["Storm","Go for the Eyes"],"picked":"Sunder","floor":29},{"not_picked":["Leap","Hologram"],"picked":"Turbo","floor":30},{"not_picked":["Conserve Battery","Aggregate"],"picked":"Ball Lightning","floor":31},{"not_picked":["Hyperbeam","Fission"],"picked":"Electrodynamics","floor":33},{"not_picked":["Steam+1","Go for the Eyes+1"],"picked":"Redo+1","floor":35},{"not_picked":["Mind Blast","Violence"],"picked":"Panacea","floor":39}],"player_experience":560487,"relics_obtained":[],"event_choices":[{"event_name":"Liars Game","player_choice":"disagreed","floor":2,"damage_taken":0},{"event_name":"The Cleric","player_choice":"Card Removal","floor":3,"damage_taken":0},{"event_name":"Golden Wing","player_choice":"Card Removal","floor":7,"damage_taken":0},{"event_name":"Accursed Blacksmith","player_choice":"Forge","floor":14,"damage_taken":0},{"event_name":"WeMeetAgain","player_choice":"Attack","floor":19,"damage_taken":0},{"event_name":"Upgrade Shrine","player_choice":"Upgraded","floor":21,"damage_taken":0},{"event_name":"The Woman in Blue","player_choice":"Bought 0 Potions","floor":22,"damage_taken":0},{"event_name":"Beggar","player_choice":"Gave Gold","floor":24,"damage_taken":0},{"event_name":"Winding Halls","player_choice":"Embrace Madness","floor":36,"damage_taken":0},{"event_name":"MindBloom","player_choice":"Gold","floor":37,"damage_taken":0},{"event_name":"SensoryStone","player_choice":"Memory 1","floor":39,"damage_taken":0},{"event_name":"Transmorgrifier","player_choice":"Transform","floor":41,"damage_taken":0}],"is_beta":false,"boss_relics":[{"not_picked":["Eternal Feather","Sozu","FrozenCore"]},{"not_picked":["Coffee Dripper","Cursed Key","Calling Bell"]}],"items_purged_floors":[8,38],"is_endless":false,"potions_floor_spawned":[4,13,16,18,20,31,33,35],"killed_by":"Giant Head","ascension_level":0}