{"gold_per_floor":[119,32,32,0,19,51,51,51,105,137,137,153,169,41,41,118,118,133,133,150,164,35,35,53,53,53,66,76,76,76,103,103,178,178,196,221,37,37,57,57,88,139,139,139,139,139,172,184,184,184],"floor_reached":50,"playtime":2804,"items_purged":["Strike_B","Strike_B","Defend_B"],"score":947,"play_id":"0a7581a9-d75c-4279-bdc8-486093defc9f","local_time":"20180917214038","is_ascension_mode":true,"campfire_choices":[{"floor":8,"key":"REST"},{"data":"Darkness","floor":11,"key":"SMITH"},{"data":"Go for the Eyes","floor":15,"key":"SMITH"},{"floor":23,"key":"REST"},{"data":"Redo","floor":25,"key":"SMITH"},{"floor":30,"key":"REST"},{"floor":32,"key":"REST"},{"data":"Loop","floor":40,"key":"SMITH"},{"floor":44,"key":"REST"},{"floor":49,"key":"REST"}],"neow_cost":"NONE","seed_source_timestamp":416773834441282,"circlet_count":0,"master_deck":["Defend_B","Defend_B","Defend_B","Zap+1","Dualcast","AscendersBane","Sweeping Beam","Capacitor","Auto Shields","Darkness+1","Streamline","Conserve Battery","Conserve Battery","Go for the Eyes+1","Machine Learning","Redo+1","Stack+1","Loop+1","Electrodynamics","Reinforced Body+1","Regret","Glacier","Compile Driver","Barrage+1"],"relics":["Cracked Core","DataDisk","Centennial Puzzle","Potion Belt","Busted Crown","Letter Opener","Omamori","Cursed Key","Dream Catcher","Torii","Lantern","Orichalcum","Juzu Bracelet","FossilizedHelix","Bottled Tornado"],"potions_floor_usage":[6,16,24,31,33,41,47],"damage_taken":[{"damage":1,"enemies":"Cultist","floor":1,"turns":3},{"damage":8,"enemies":"Small Slimes","floor":5,"turns":3},{"damage":22,"enemies":"Lagavulin","floor":6,"turns":8},{"damage":16,"enemies":"Gremlin Nob","floor":10,"turns":3},{"damage":0,"enemies":"2 Louse","floor":12,"turns":2},{"damage":0,"enemies":"2 Fungi Beasts","floor":13,"turns":2},{"damage":4,"enemies":"The Guardian","floor":16,"turns":10},{"damage":11,"enemies":"Spheric Guardian","floor":18,"turns":5},{"damage":15,"enemies":"Chosen","floor":20,"turns":5},{"damage":13,"enemies":"Snake Plant","floor":21,"turns":3},{"damage":1,"enemies":"3 Cultists","floor":24,"turns":5},{"damage":22,"enemies":"Shelled Parasite and Fungi","floor":27,"turns":4},{"damage":1,"enemies":"Snake Plant","floor":28,"turns":5},{"damage":31,"enemies":"Book of Stabbing","floor":31,"turns":6},{"damage":14,"enemies":"Champ","floor":33,"turns":9},{"damage":18,"enemies":"3 Shapes","floor":35,"turns":5},{"damage":9,"enemies":"3 Darklings","floor":39,"turns":3},{"damage":18,"enemies":"Giant Head","floor":41,"turns":10},{"damage":3,"enemies":"Mind Bloom Boss Battle","floor":46,"turns":9},{"damage":17,"enemies":"2 Orb Walkers","floor":47,"turns":5},{"damage":0,"enemies":"4 Shapes","floor":48,"turns":3},{"damage":57,"enemies":"Donu and Deca","floor":50,"turns":11}],"seed_played":"420675826687648650","potions_obtained":[{"floor":5,"key":"EssenceOfSteel"},{"floor":13,"key":"Explosive Potion"},{"floor":18,"key":"Energy Potion"},{"floor":28,"key":"Regen Potion"},{"floor":31,"key":"PowerPotion"},{"floor":33,"key":"PowerPotion"},{"floor":46,"key":"FocusPotion"}],"is_trial":false,"path_per_floor":["M","$","?","?","M","E","?","R","T","E","R","M","M","$","R","B",null,"M","?","M","M","$","R","M","R","T","M","M","?","R","E","R","B",null,"M","T","$","?","M","R","E","T","T","R","?","?","E","M","R"],"character_chosen":"DEFECT","items_purchased":["Capacitor","Go for the Eyes","Redo","SkillPotion"],"campfire_rested":6,"item_purchase_floors":[2,14,22,37],"current_hp_per_floor":[63,63,68,68,60,38,38,60,60,44,44,44,44,44,44,40,67,56,56,41,28,28,50,49,49,49,27,26,26,48,32,54,40,67,49,49,49,49,40,40,22,22,22,44,44,41,24,24,45,0],"gold":184,"neow_bonus":"UPGRADE_CARD","is_prod":false,"is_daily":false,"chose_seed":false,"campfire_upgraded":4,"win_rate":0,"timestamp":1537234838,"path_taken":["M","$","?","?","M","E","?","R","T","E","R","M","?","$","R","BOSS","M","?","M","?","$","R","M","R","T","M","M","?","R","E","R","BOSS","M","?","$","?","M","R","E","?","T","R","?","?","E","M","R","BOSS"],"build_version":"2018-09-06","purchased_purges":3,"victory":false,"max_hp_per_floor":[71,71,76,76,76,76,76,76,76,76,76,76,76,76,76,76,76,76,76,76,76,76,76,76,76,76,76,76,76,76,76,76,76,76,76,76,76,76,76,76,76,76,76,76,72,72,72,72,72,72],"card_choices":[{"not_picked":["Hologram","Doom and Gloom"],"picked":"Sweeping Beam","floor":1},{"not_picked":["FTL","Scrape"],"picked":"Auto Shields","floor":5},{"not_picked":["FTL","Compile Driver"],"picked":"Darkness","floor":6},{"not_picked":["Compile Driver","Multi-Cast"],"picked":"Streamline","floor":10},{"not_picked":["Compile Driver","Static Discharge"],"picked":"Conserve Battery","floor":12},{"not_picked":["Compile Driver","Darkness"],"picked":"Conserve Battery","floor":13},{"not_picked":["Core Surge","Reboot"],"picked":"Machine Learning","floor":16},{"not_picked":["Turbo"],"picked":"SKIP","floor":18},{"not_picked":["Reprogram"],"picked":"SKIP","floor":20},{"not_picked":["Gash"],"picked":"SKIP","floor":21},{"not_picked":["Hello World"],"picked":"SKIP","floor":24},{"not_picked":[],"picked":"Stack+1","floor":27},{"not_picked":[],"picked":"Loop","floor":28},{"not_picked":["Go for the Eyes"],"picked":"SKIP","floor":31},{"not_picked":[],"picked":"Reinforced Body+1","floor":35},{"not_picked":["Barrage"],"picked":"SKIP","floor":39},{"not_picked":["Genetic Algorithm"],"picked":"SKIP","floor":41},{"not_picked":[],"picked":"Glacier","floor":44},{"not_picked":[],"picked":"Compile Driver","floor":46},{"not_picked":["Aggregate+1"],"picked":"SKIP","floor":47},{"not_picked":[],"picked":"Barrage+1","floor":48}],"player_experience":430727,"relics_obtained":[{"floor":6,"key":"DataDisk"},{"floor":9,"key":"Centennial Puzzle"},{"floor":10,"key":"Potion Belt"},{"floor":26,"key":"Letter Opener"},{"floor":31,"key":"Omamori"},{"floor":36,"key":"Dream Catcher"},{"floor":41,"key":"Lantern"},{"floor":42,"key":"Orichalcum"},{"floor":43,"key":"Juzu Bracelet"},{"floor":46,"key":"FossilizedHelix"},{"floor":47,"key":"Bottled Tornado"}],"event_choices":[{"event_name":"Big Fish","player_choice":"Donut","floor":3,"damage_taken":0},{"event_name":"World of Goop","player_choice":"Left","floor":4,"damage_taken":0},{"event_name":"Bonfire Elementals","player_choice":"BASIC","floor":7,"damage_taken":0},{"event_name":"Purifier","player_choice":"One Purge","floor":19,"damage_taken":0},{"event_name":"Match and Keep!","player_choice":"1 cards matched","floor":29,"damage_taken":0},{"event_name":"WeMeetAgain","player_choice":"Potion","floor":38,"damage_taken":0},{"event_name":"Winding Halls","player_choice":"Max HP","floor":45,"damage_taken":0},{"event_name":"MindBloom","player_choice":"Fight","floor":46,"damage_taken":0}],"is_beta":false,"boss_relics":[{"not_picked":["Tiny House","Astrolabe"],"picked":"Busted Crown"},{"not_picked":["Calling Bell","Inserter"],"picked":"Cursed Key"}],"items_purged_floors":[14,22,37],"is_endless":false,"potions_floor_spawned":[5,13,18,28,31,33,46],"killed_by":"Donu and Deca","ascension_level":16}