{"gold_per_floor":[16,16,16,36,54,54,89,89,89,109,149,165,186,230,230,320,320,335,350,373,373,498,498],"floor_reached":23,"playtime":1336,"items_purged":[],"score":426,"play_id":"3bc903a0-227e-4b7d-8f4b-8b8c619e510c","local_time":"20190515232153","is_ascension_mode":true,"campfire_choices":[{"data":"Defragment","floor":6,"key":"SMITH"},{"floor":8,"key":"REST"},{"floor":15,"key":"REST"}],"neow_cost":"NO_GOLD","seed_source_timestamp":13861902544697,"circlet_count":0,"master_deck":["AscendersBane","Strike_B","Strike_B","Defend_B","Defend_B","Defend_B","Defend_B","Zap","Dualcast","Heatsinks","Defragment+1","Cold Snap","Compile Driver","Echo Form","Doom and Gloom","Biased Cognition","Hologram+1","Coolheaded+1","Core Surge","BootSequence+1","Coolheaded+1","Genetic Algorithm+1","Glacier+1"],"relics":["Cracked Core","Golden Idol","Toxic Egg 2","Bronze Scales","Potion Belt","Smiling Mask","Philosopher\u0027s Stone","Torii","Bottled Lightning"],"potions_floor_usage":[11,14,22,23],"damage_taken":[{"damage":13,"enemies":"Small Slimes","floor":1,"turns":5},{"damage":5,"enemies":"Jaw Worm","floor":4,"turns":4},{"damage":1,"enemies":"2 Louse","floor":5,"turns":3},{"damage":9,"enemies":"Lagavulin","floor":7,"turns":6},{"damage":8,"enemies":"Large Slime","floor":10,"turns":4},{"damage":20,"enemies":"Gremlin Nob","floor":11,"turns":4},{"damage":15,"enemies":"Exordium Wildlife","floor":12,"turns":4},{"damage":4,"enemies":"Exordium Thugs","floor":13,"turns":4},{"damage":9,"enemies":"3 Sentries","floor":14,"turns":5},{"damage":19,"enemies":"Hexaghost","floor":16,"turns":8},{"damage":13,"enemies":"3 Byrds","floor":18,"turns":4},{"damage":7,"enemies":"Spheric Guardian","floor":19,"turns":4},{"damage":0,"enemies":"Snecko","floor":20,"turns":5},{"damage":7,"enemies":"Colosseum Slavers","floor":22,"turns":5},{"damage":20,"enemies":"Colosseum Nobs","floor":22,"turns":5},{"damage":7,"enemies":"Gremlin Leader","floor":23,"turns":1}],"seed_played":"-1015431303290615014","potions_obtained":[{"floor":7,"key":"Block Potion"},{"floor":10,"key":"SteroidPotion"},{"floor":12,"key":"Fire Potion"},{"floor":13,"key":"Swift Potion"},{"floor":20,"key":"GamblersBrew"},{"floor":22,"key":"Energy Potion"}],"is_trial":false,"path_per_floor":["M","?","?","M","M","R","E","R","T","M","E","M","M","E","R","B",null,"M","M","M","?","?","E"],"character_chosen":"DEFECT","items_purchased":[],"campfire_rested":2,"item_purchase_floors":[],"current_hp_per_floor":[51,51,56,51,50,50,41,61,61,53,33,18,14,5,25,6,53,40,33,33,33,6,0],"gold":498,"neow_bonus":"TRANSFORM_TWO_CARDS","is_prod":false,"is_daily":false,"chose_seed":false,"campfire_upgraded":1,"win_rate":0,"timestamp":1557976913,"path_taken":["M","?","?","M","M","R","E","R","T","M","E","M","M","E","R","BOSS","M","M","M","?","?","E"],"build_version":"2019-01-23","purchased_purges":0,"victory":false,"max_hp_per_floor":[71,64,69,69,69,69,69,69,69,69,69,69,69,69,69,69,69,69,69,69,69,69,69],"card_choices":[{"not_picked":["Stack","Redo"],"picked":"Cold Snap","floor":1},{"not_picked":["Hologram","Scrape","Redo"],"picked":"SKIP","floor":4},{"not_picked":["Steam","Stack"],"picked":"Compile Driver","floor":5},{"not_picked":["Go for the Eyes","Compile Driver"],"picked":"Echo Form","floor":7},{"not_picked":["Steam+1","Conserve Battery+1"],"picked":"Doom and Gloom","floor":10},{"not_picked":["Capacitor","Undo+1"],"picked":"Biased Cognition","floor":11},{"not_picked":["Leap+1","Redo+1"],"picked":"Hologram+1","floor":12},{"not_picked":["Stack+1","Compile Driver"],"picked":"Coolheaded+1","floor":13},{"not_picked":["Hologram+1","Fusion+1"],"picked":"Core Surge","floor":14},{"not_picked":["Redo+1","Beam Cell"],"picked":"BootSequence+1","floor":18},{"not_picked":["Cold Snap","Rebound"],"picked":"Coolheaded+1","floor":19},{"not_picked":["Chill+1","Static Discharge+1"],"picked":"Genetic Algorithm+1","floor":20},{"not_picked":["Redo+1","Auto Shields+1"],"picked":"Glacier+1","floor":22}],"player_experience":1360059,"relics_obtained":[{"floor":7,"key":"Toxic Egg 2"},{"floor":9,"key":"Bronze Scales"},{"floor":11,"key":"Potion Belt"},{"floor":14,"key":"Smiling Mask"},{"floor":22,"key":"Torii"},{"floor":22,"key":"Bottled Lightning"}],"event_choices":[{"damage_healed":0,"gold_gain":0,"player_choice":"Lose Max HP","damage_taken":0,"relics_obtained":["Golden Idol"],"max_hp_gain":0,"max_hp_loss":7,"event_name":"Golden Idol","floor":2,"gold_loss":0},{"damage_healed":0,"gold_gain":0,"player_choice":"Donut","damage_taken":0,"max_hp_gain":5,"max_hp_loss":0,"event_name":"Big Fish","floor":3,"gold_loss":0},{"damage_healed":0,"gold_gain":0,"player_choice":"Ignored","damage_taken":0,"max_hp_gain":0,"max_hp_loss":0,"event_name":"Vampires","floor":21,"gold_loss":0},{"damage_healed":0,"gold_gain":0,"player_choice":"Fight","damage_taken":0,"max_hp_gain":0,"max_hp_loss":0,"event_name":"Colosseum","floor":22,"gold_loss":0},{"damage_healed":0,"gold_gain":0,"player_choice":"Fought Nobs","damage_taken":0,"max_hp_gain":0,"max_hp_loss":0,"event_name":"Colosseum","floor":22,"gold_loss":0}],"is_beta":false,"boss_relics":[{"not_picked":["Astrolabe","Orrery"],"picked":"Philosopher\u0027s Stone"}],"items_purged_floors":[],"is_endless":false,"potions_floor_spawned":[7,10,12,13,20,22,22],"killed_by":"Gremlin Leader","ascension_level":20}