{"gold_per_floor":[360,360,39,54,54,54,73,73,73,105,120,153,163,192,192,268,318,335,347,17,17,17],"floor_reached":22,"playtime":823,"items_purged":[],"score":408,"play_id":"613437f8-baf5-4337-97bb-499f300e1bc3","local_time":"20190517230624","is_ascension_mode":true,"campfire_choices":[{"data":"Hyperbeam","floor":6.0,"key":"SMITH"},{"floor":8.0,"key":"REST"},{"data":"Coolheaded","floor":15,"key":"SMITH"}],"neow_cost":"PERCENT_DAMAGE","seed_source_timestamp":186207564724342,"circlet_count":0,"master_deck":["AscendersBane","Strike_B","Strike_B","Strike_B","Defend_B","Defend_B+1","Defend_B","Defend_B","Zap","Dualcast","Ball Lightning","Hyperbeam+1","Go for the Eyes","Coolheaded","Coolheaded+1","Hyperbeam","Conserve Battery+1","Reinforced Body+1","Hyperbeam","Reinforced Body+1"],"special_seed":0,"relics":["Cracked Core","Lantern","Bag of Marbles","Strawberry","Cables","War Paint","Tiny House","Peace Pipe"],"potions_floor_usage":[16],"damage_taken":[{"damage":10.0,"enemies":"Small Slimes","floor":1.0,"turns":3.0},{"damage":2.0,"enemies":"Jaw Worm","floor":4.0,"turns":2.0},{"damage":0.0,"enemies":"Cultist","floor":7.0,"turns":2.0},{"damage":6.0,"enemies":"Gremlin Nob","floor":10.0,"turns":3.0},{"damage":0.0,"enemies":"2 Fungi Beasts","floor":11.0,"turns":3.0},{"damage":14,"enemies":"Lagavulin","floor":12,"turns":7},{"damage":0,"enemies":"Exordium Wildlife","floor":13,"turns":1},{"damage":15,"enemies":"3 Sentries","floor":14,"turns":3},{"damage":4,"enemies":"Hexaghost","floor":16,"turns":11},{"damage":4,"enemies":"Chosen","floor":18,"turns":3},{"damage":16,"enemies":"3 Byrds","floor":19,"turns":4},{"damage":0,"enemies":"Snake Plant","floor":22,"turns":2}],"seed_played":"-5850743170605528022","potions_obtained":[{"floor":7.0,"key":"FocusPotion"},{"floor":10.0,"key":"PowerPotion"},{"floor":16,"key":"Ancient Potion"}],"is_trial":false,"path_per_floor":["M","?","$","M","T","R","M","R","T","E","M","E","M","E","R","B",null,"M","M","$","?","M"],"character_chosen":"DEFECT","items_purchased":["Hyperbeam","Lantern","Peace Pipe"],"campfire_rested":1,"item_purchase_floors":[3,3,20],"current_hp_per_floor":[36,29,29,27,27,27,27,48,48,49,49,35,35,20,20,16,68,64,48,48,48,48],"gold":17,"neow_bonus":"TWO_FIFTY_GOLD","is_prod":false,"is_daily":false,"chose_seed":false,"campfire_upgraded":2,"win_rate":0,"timestamp":1558148784,"path_taken":["M","?","$","M","?","R","M","R","T","E","M","E","M","E","R","BOSS","M","M","$","?","M"],"build_version":"2019-01-23","purchased_purges":0,"victory":false,"max_hp_per_floor":[71,71,71,71,71,71,71,71,71,78,78,78,78,78,78,78,83,83,83,83,83,83],"card_choices":[{"not_picked":["Leap","Coolheaded"],"picked":"Ball Lightning","floor":1.0},{"not_picked":["Beam Cell","Rebound","Sweeping Beam"],"picked":"SKIP","floor":4.0},{"not_picked":["Beam Cell","Rebound"],"picked":"Go for the Eyes","floor":7.0},{"not_picked":["Cold Snap","Auto Shields"],"picked":"Coolheaded","floor":10.0},{"not_picked":["Skim","FTL"],"picked":"Coolheaded","floor":11.0},{"not_picked":["Hello World","Stack"],"picked":"Hyperbeam","floor":12},{"not_picked":["Rebound","Doom and Gloom"],"picked":"Conserve Battery","floor":13},{"not_picked":["Steam","Gash"],"picked":"Reinforced Body","floor":14},{"not_picked":["Multi-Cast","Biased Cognition"],"picked":"Hyperbeam","floor":16},{"not_picked":["Beam Cell","Stack","Streamline"],"picked":"SKIP","floor":18},{"not_picked":["Redo","Ball Lightning","Defragment"],"picked":"SKIP","floor":19}],"player_experience":1382051,"relics_obtained":[{"floor":9.0,"key":"Bag of Marbles"},{"floor":10.0,"key":"Strawberry"},{"floor":12,"key":"Cables"},{"floor":14,"key":"War Paint"}],"event_choices":[{"cards_removed":["Strike_B"],"damage_healed":0.0,"max_hp_gain":0.0,"max_hp_loss":0.0,"gold_gain":0.0,"event_name":"Golden Wing","player_choice":"Card Removal","floor":2.0,"gold_loss":0.0,"damage_taken":7.0},{"damage_healed":0,"gold_gain":0,"player_choice":"Copied","damage_taken":0,"max_hp_gain":0,"max_hp_loss":0,"event_name":"Duplicator","floor":21,"gold_loss":0,"cards_obtained":["Reinforced Body"]}],"is_beta":false,"boss_relics":[{"not_picked":["Coffee Dripper","White Beast Statue"],"picked":"Tiny House"}],"items_purged_floors":[],"is_endless":false,"potions_floor_spawned":[7,10,16,18],"killed_by":"Snake Plant","ascension_level":20}