{"gold_per_floor":[117,75,75,75,90,90,121,4,51,81,95,123,134,149,149,224,224,234,246,246,258,158,158,176,204,255,47,66,99,99,110,110,110],"floor_reached":33,"playtime":2212,"items_purged":["Strike_R","Strike_R","Injury"],"score":714,"play_id":"5fef8225-8348-499e-9606-e619f3ee8c85","local_time":"20190505110136","is_ascension_mode":true,"campfire_choices":[{"data":"Bash","floor":6.0,"key":"SMITH"},{"data":"Feed","floor":15.0,"key":"SMITH"},{"floor":23.0,"key":"REST"},{"data":"Armaments","floor":30.0,"key":"SMITH"},{"floor":32.0,"key":"REST"}],"neow_cost":"NONE","seed_source_timestamp":119107521769497,"circlet_count":0,"master_deck":["AscendersBane","Strike_R+1","Strike_R+1","Defend_R","Defend_R","Defend_R","Defend_R","Bash+1","Battle Trance","Rampage+1","Combust","Shrug It Off","Hemokinesis+1","Feed+1","Shrug It Off","Body Slam","Shockwave","Fiend Fire","Headbutt","Battle Trance","Feed+1","Armaments+1","Spot Weakness","Sword Boomerang+1"],"special_seed":0,"relics":["Burning Blood","NeowsBlessing","Bag of Marbles","Whetstone","Bottled Lightning","Cursed Key","Singing Bowl","Ancient Tea Set"],"potions_floor_usage":[33],"damage_taken":[{"damage":0.0,"enemies":"2 Louse","floor":1.0,"turns":1.0},{"damage":0.0,"enemies":"Jaw Worm","floor":5.0,"turns":1.0},{"damage":0.0,"enemies":"Lagavulin","floor":7.0,"turns":1.0},{"damage":13.0,"enemies":"3 Sentries","floor":10.0,"turns":5.0},{"damage":0.0,"enemies":"Cultist","floor":11.0,"turns":2.0},{"damage":10.0,"enemies":"Gremlin Nob","floor":12.0,"turns":3.0},{"damage":7.0,"enemies":"Red Slaver","floor":13.0,"turns":6.0},{"damage":0.0,"enemies":"2 Fungi Beasts","floor":14.0,"turns":2.0},{"damage":40.0,"enemies":"The Guardian","floor":16.0,"turns":10.0},{"damage":34.0,"enemies":"Spheric Guardian","floor":18.0,"turns":6.0},{"damage":22.0,"enemies":"Shell Parasite","floor":19.0,"turns":4.0},{"damage":41.0,"enemies":"Shelled Parasite and Fungi","floor":21.0,"turns":5.0},{"damage":29.0,"enemies":"Cultist and Chosen","floor":24.0,"turns":4.0},{"damage":13.0,"enemies":"Book of Stabbing","floor":25.0,"turns":4.0},{"damage":7.0,"enemies":"3 Cultists","floor":28.0,"turns":5.0},{"damage":21.0,"enemies":"Slavers","floor":29.0,"turns":4.0},{"damage":2.0,"enemies":"Centurion and Healer","floor":31.0,"turns":7.0},{"damage":95,"enemies":"Champ","floor":33,"turns":10}],"seed_played":"-8296831987924640570","potions_obtained":[{"floor":5.0,"key":"Block Potion"},{"floor":10.0,"key":"Regen Potion"},{"floor":11.0,"key":"Poison Potion"},{"floor":13.0,"key":"SkillPotion"},{"floor":14.0,"key":"Fruit Juice"},{"floor":19.0,"key":"Explosive Potion"},{"floor":21.0,"key":"PowerPotion"},{"floor":31.0,"key":"AttackPotion"}],"is_trial":false,"path_per_floor":["M","$","?","?","M","R","E","$","T","E","M","E","M","M","R","B",null,"M","M","?","M","$","R","M","E","T","$","M","E","R","M","R","B"],"character_chosen":"IRONCLAD","items_purchased":["Rampage","Hemokinesis","Spot Weakness"],"campfire_rested":2,"item_purchase_floors":[2,8,27],"current_hp_per_floor":[74,74,67,44,50,50,56,56,56,49,58,57,59,68,68,38,78,54,47,47,20,20,53,38,37,37,37,42,31,31,45,88,0],"gold":110,"neow_bonus":"THREE_ENEMY_KILL","is_prod":false,"is_daily":false,"chose_seed":false,"campfire_upgraded":3,"win_rate":0,"timestamp":1557068496,"path_taken":["M","$","?","?","?","R","E","$","T","E","M","E","M","M","R","BOSS","M","M","?","M","$","R","M","E","T","?","?","E","R","M","R","BOSS"],"build_version":"2019-01-23","purchased_purges":3,"victory":false,"max_hp_per_floor":[75,75,75,75,75,75,75,75,75,75,78,81,84,87,87,91,91,95,104,104,112,112,112,120,126,126,126,132,136,136,146,146,146],"card_choices":[{"not_picked":["Perfected Strike","Headbutt"],"picked":"Battle Trance","floor":1.0},{"not_picked":["Wild Strike","Clothesline"],"picked":"Combust","floor":5.0},{"not_picked":["Pummel","Heavy Blade"],"picked":"Shrug It Off","floor":7.0},{"not_picked":["Ghostly Armor","Seeing Red"],"picked":"Feed","floor":10.0},{"not_picked":["True Grit","Reckless Charge"],"picked":"Shrug It Off","floor":11.0},{"not_picked":["Flex","Clothesline"],"picked":"Body Slam","floor":12.0},{"not_picked":["Uppercut","Carnage"],"picked":"Shockwave","floor":13.0},{"not_picked":["Body Slam","Perfected Strike","Clash"],"picked":"SKIP","floor":14.0},{"not_picked":["Juggernaut","Double Tap"],"picked":"Fiend Fire","floor":16.0},{"not_picked":["Twin Strike","Wild Strike"],"picked":"Headbutt","floor":18.0},{"not_picked":["Shrug It Off","Perfected Strike"],"picked":"Battle Trance","floor":19.0},{"not_picked":["Sword Boomerang","Sentinel+1","Headbutt"],"picked":"SKIP","floor":21.0},{"not_picked":["Feel No Pain","Fire Breathing"],"picked":"Armaments","floor":24.0},{"not_picked":["Pommel Strike","Perfected Strike","Anger"],"picked":"Singing Bowl","floor":25.0},{"not_picked":["Searing Blow","Heavy Blade+1","Clash"],"picked":"Singing Bowl","floor":28.0},{"not_picked":["Clash","Anger"],"picked":"Sword Boomerang+1","floor":29.0},{"not_picked":["Anger+1","Ghostly Armor","Fire Breathing"],"picked":"Singing Bowl","floor":31.0}],"player_experience":1219466,"relics_obtained":[{"floor":7.0,"key":"Bag of Marbles"},{"floor":9.0,"key":"Whetstone"},{"floor":12.0,"key":"Bottled Lightning"},{"floor":25.0,"key":"Singing Bowl"},{"floor":29.0,"key":"Ancient Tea Set"}],"event_choices":[{"cards_removed":["Strike_R"],"damage_healed":0.0,"max_hp_gain":0.0,"max_hp_loss":0.0,"gold_gain":0.0,"event_name":"Golden Wing","player_choice":"Card Removal","floor":3.0,"gold_loss":0.0,"damage_taken":7.0},{"damage_healed":0.0,"max_hp_gain":0.0,"max_hp_loss":0.0,"gold_gain":0.0,"event_name":"Shining Light","player_choice":"Entered Light","floor":4.0,"gold_loss":0.0,"damage_taken":23.0,"cards_upgraded":["Strike_R","Strike_R"]},{"damage_healed":0.0,"max_hp_gain":0.0,"max_hp_loss":0.0,"gold_gain":0.0,"event_name":"Duplicator","player_choice":"Copied","floor":20.0,"gold_loss":0.0,"damage_taken":0.0,"cards_obtained":["Feed"]}],"is_beta":false,"boss_relics":[{"not_picked":["Fusion Hammer","Runic Pyramid"],"picked":"Cursed Key"}],"items_purged_floors":[8,22,27],"is_endless":false,"potions_floor_spawned":[5,10,11,12,13,14,19,21,31],"killed_by":"Champ","ascension_level":20}