{"gold_per_floor":[117,117,117,132,146,480,480,499,499,499,649,649,493,507,507,578,578,597,613,623,149,149],"floor_reached":22,"playtime":1009,"items_purged":["Doubt","Strike_B"],"score":372,"play_id":"63c8719a-0e33-4a94-9954-c789bf1605ca","local_time":"20190502010022","is_ascension_mode":true,"campfire_choices":[{"floor":7,"key":"REST"},{"data":"Recycle","floor":10,"key":"SMITH"},{"data":"Zap","floor":12,"key":"SMITH"},{"data":"Sunder","floor":15,"key":"SMITH"}],"neow_cost":"NONE","seed_source_timestamp":167812261334726,"circlet_count":0,"master_deck":["AscendersBane","Strike_B","Defend_B","Defend_B","Defend_B","Defend_B","Zap+1","Dualcast","Ball Lightning","Gash","Rebound","Recycle+1","Cold Snap","Sunder+1","Thunder Strike","All For One","Doom and Gloom","Genetic Algorithm","Leap","Coolheaded"],"relics":["Cracked Core","NeowsBlessing","Old Coin","Dead Branch","Cursed Key","Pantograph"],"potions_floor_usage":[16,16],"damage_taken":[{"damage":0,"enemies":"Jaw Worm","floor":1,"turns":1},{"damage":0,"enemies":"Cultist","floor":4,"turns":1},{"damage":0,"enemies":"2 Louse","floor":5,"turns":1},{"damage":40,"enemies":"3 Sentries","floor":6,"turns":8},{"damage":7,"enemies":"Large Slime","floor":8,"turns":5},{"damage":0,"enemies":"Gremlin Gang","floor":14,"turns":3},{"damage":18,"enemies":"Hexaghost","floor":16,"turns":9},{"damage":18,"enemies":"3 Byrds","floor":18,"turns":5},{"damage":19,"enemies":"Spheric Guardian","floor":19,"turns":4},{"damage":8,"enemies":"Snecko","floor":20,"turns":3},{"damage":18,"enemies":"3 Cultists","floor":22,"turns":3}],"seed_played":"-2240764438781473887","potions_obtained":[{"floor":5,"key":"Energy Potion"},{"floor":8,"key":"LiquidBronze"}],"is_trial":false,"path_per_floor":["M","?","?","M","M","E","R","M","T","R","?","R","$","M","R","B",null,"M","M","M","$","M"],"character_chosen":"DEFECT","items_purchased":["Sunder","Coolheaded","EssenceOfSteel","Pantograph"],"campfire_rested":1,"item_purchase_floors":[13,21,21,21],"current_hp_per_floor":[64,57,57,57,57,17,38,31,31,31,31,31,31,31,31,13,57,39,20,12,12,0],"gold":149,"neow_bonus":"THREE_ENEMY_KILL","is_prod":false,"is_daily":false,"chose_seed":false,"campfire_upgraded":3,"win_rate":0,"timestamp":1556773222,"path_taken":["M","?","?","?","M","E","R","M","T","R","?","R","$","M","R","BOSS","M","M","M","$","M"],"build_version":"2019-01-23","purchased_purges":2,"victory":false,"max_hp_per_floor":[71,71,71,71,71,71,71,71,71,71,71,71,71,71,71,71,71,71,71,71,71,71],"card_choices":[{"not_picked":["Rebound","Coolheaded"],"picked":"Ball Lightning","floor":1},{"not_picked":["BootSequence","Hologram"],"picked":"Gash","floor":4},{"not_picked":["BootSequence","Turbo"],"picked":"Rebound","floor":5},{"not_picked":["Beam Cell","Redo"],"picked":"Recycle","floor":6},{"not_picked":["Steam","Redo"],"picked":"Cold Snap","floor":8},{"not_picked":["Leap","Blizzard"],"picked":"Thunder Strike","floor":14},{"not_picked":["Rainbow","Hyperbeam"],"picked":"All For One","floor":16},{"not_picked":["Leap","Melter+1"],"picked":"Doom and Gloom","floor":18},{"not_picked":["Stack","Double Energy"],"picked":"Genetic Algorithm","floor":19},{"not_picked":["Scrape","Blizzard+1"],"picked":"Leap","floor":20}],"player_experience":1097218,"relics_obtained":[{"floor":6,"key":"Old Coin"},{"floor":9,"key":"Dead Branch"}],"event_choices":[{"cards_removed":["Strike_B"],"damage_healed":0,"gold_gain":0,"player_choice":"Card Removal","damage_taken":7,"max_hp_gain":0,"max_hp_loss":0,"event_name":"Golden Wing","floor":2,"gold_loss":0},{"cards_removed":["Strike_B"],"damage_healed":0,"gold_gain":0,"player_choice":"Purged","damage_taken":0,"max_hp_gain":0,"max_hp_loss":0,"event_name":"Purifier","floor":3,"gold_loss":0},{"damage_healed":0,"gold_gain":150,"player_choice":"AGREE","damage_taken":0,"max_hp_gain":0,"max_hp_loss":0,"event_name":"Liars Game","floor":11,"gold_loss":0,"cards_obtained":["Doubt"]}],"is_beta":false,"boss_relics":[{"not_picked":["Calling Bell","Pandora\u0027s Box"],"picked":"Cursed Key"}],"items_purged_floors":[13,21],"is_endless":false,"potions_floor_spawned":[5,8],"killed_by":"3 Cultists","ascension_level":20}