{"gold_per_floor":[119,119,134,148,21,49,49,76,99,99,99,130,130,149,149,149],"floor_reached":16,"playtime":607,"items_purged":["Strike_R"],"score":236,"play_id":"9e6834c5-1186-4ea3-9cbd-e0fad31fe98a","local_time":"20190706092001","is_ascension_mode":true,"campfire_choices":[{"data":"Uppercut","floor":7,"key":"SMITH"},{"data":"Bash","floor":11,"key":"SMITH"},{"data":"Disarm","floor":15,"key":"SMITH"}],"neow_cost":"NONE","seed_source_timestamp":412538034940048,"circlet_count":0,"master_deck":["AscendersBane","Strike_R","Strike_R","Strike_R","Defend_R","Defend_R","Defend_R","Defend_R","Bash+1","Uppercut+1","Combust","Disarm+1","Flame Barrier","Cleave","Impervious","Shrug It Off","Juggernaut"],"relics":["Burning Blood","Centennial Puzzle","Dream Catcher","Omamori","Singing Bowl"],"potions_floor_usage":[3,6,8,8,14],"damage_taken":[{"damage":4,"enemies":"Cultist","floor":1,"turns":3},{"damage":14,"enemies":"2 Louse","floor":3,"turns":3},{"damage":5,"enemies":"Small Slimes","floor":4,"turns":4},{"damage":30,"enemies":"Lagavulin","floor":6,"turns":7},{"damage":31,"enemies":"Gremlin Nob","floor":8,"turns":5},{"damage":32,"enemies":"3 Sentries","floor":12,"turns":5},{"damage":6,"enemies":"Blue Slaver","floor":14,"turns":4},{"damage":9,"enemies":"Hexaghost","floor":16,"turns":10}],"seed_played":"-741159436751777953","potions_obtained":[{"floor":2,"key":"Fruit Juice"},{"floor":2,"key":"EntropicBrew"},{"floor":3,"key":"SteroidPotion"},{"floor":12,"key":"Dexterity Potion"},{"floor":14,"key":"Weak Potion"}],"is_trial":false,"path_per_floor":["M","?","M","M","$","E","R","E","T","T","R","E","?","M","R","B"],"character_chosen":"IRONCLAD","items_purchased":["Cleave"],"campfire_rested":0,"item_purchase_floors":[5],"current_hp_per_floor":[70,70,67,68,68,44,44,33,33,33,33,7,7,9,9,0],"gold":149,"neow_bonus":"THREE_CARDS","is_prod":false,"is_daily":false,"chose_seed":false,"campfire_upgraded":3,"win_rate":0,"timestamp":1562419201,"path_taken":["M","?","?","M","$","E","R","E","T","?","R","E","?","?","R","BOSS"],"build_version":"2019-07-05","purchased_purges":1,"victory":false,"max_hp_per_floor":[75,75,80,80,80,80,80,80,80,80,80,80,80,82,82,82],"card_choices":[{"not_picked":["Power Through","Whirlwind"],"picked":"Uppercut","floor":0},{"not_picked":["Headbutt","Twin Strike"],"picked":"Combust","floor":1},{"not_picked":["Iron Wave","Pummel"],"picked":"Disarm","floor":3},{"not_picked":["Sword Boomerang","Shockwave"],"picked":"Flame Barrier","floor":4},{"not_picked":["Havoc","Thunderclap"],"picked":"Impervious","floor":6},{"not_picked":["Flex","Heavy Blade"],"picked":"Shrug It Off","floor":8},{"not_picked":["True Grit","Flame Barrier"],"picked":"Juggernaut","floor":12},{"not_picked":["Wild Strike","Iron Wave","Warcry"],"picked":"Singing Bowl","floor":14}],"player_experience":1576952,"relics_obtained":[{"floor":6,"key":"Centennial Puzzle"},{"floor":8,"key":"Dream Catcher"},{"floor":9,"key":"Omamori"},{"floor":10,"key":"Singing Bowl"}],"event_choices":[{"damage_healed":0,"gold_gain":0,"player_choice":"Got Potions","damage_taken":0,"max_hp_gain":0,"max_hp_loss":0,"event_name":"Lab","floor":2,"gold_loss":0},{"cards_removed":["Strike_R"],"damage_healed":0,"gold_gain":0,"player_choice":"Purged","damage_taken":0,"max_hp_gain":0,"max_hp_loss":0,"event_name":"Purifier","floor":13,"gold_loss":0}],"is_beta":false,"boss_relics":[],"items_purged_floors":[5],"is_endless":false,"potions_floor_spawned":[3,12,14],"killed_by":"Hexaghost","ascension_level":20}