{"gold_per_floor":[114,133,5,5,80,80,100,100,125,145,145,161,141,166,166,243,243,263,263,275,275,25,25,53,53],"floor_reached":25,"playtime":844,"items_purged":["Strike_R"],"score":488,"play_id":"642207c5-b295-4e2c-b757-c56d11459e42","local_time":"20190319231802","is_ascension_mode":true,"campfire_choices":[{"data":"Body Slam","floor":6.0,"key":"SMITH"},{"data":"True Grit","floor":8.0,"key":"SMITH"},{"floor":11.0,"key":"REST"},{"data":"Limit Break","floor":15.0,"key":"SMITH"},{"floor":23.0,"key":"REST"}],"neow_cost":"NONE","seed_source_timestamp":507041092754616,"circlet_count":0,"master_deck":["AscendersBane","Strike_R+1","Strike_R","Defend_R+1","Defend_R","Defend_R","Defend_R","Bash","Limit Break+1","Heavy Blade","Body Slam+1","True Grit+1","Clothesline","Spot Weakness","Impervious","Searing Blow","Shrug It Off","Sword Boomerang"],"special_seed":0,"relics":["Burning Blood","PreservedInsect","Letter Opener","Sozu","Sling","Happy Flower"],"potions_floor_usage":[],"damage_taken":[{"damage":1.0,"enemies":"Cultist","floor":1.0,"turns":3.0},{"damage":6.0,"enemies":"Jaw Worm","floor":2.0,"turns":4.0},{"damage":15.0,"enemies":"Small Slimes","floor":7.0,"turns":3.0},{"damage":6.0,"enemies":"3 Louse","floor":10.0,"turns":5.0},{"damage":9.0,"enemies":"Red Slaver","floor":12.0,"turns":5.0},{"damage":9.0,"enemies":"3 Sentries","floor":14.0,"turns":8.0},{"damage":35.0,"enemies":"The Guardian","floor":16.0,"turns":12.0},{"damage":22.0,"enemies":"Spheric Guardian","floor":18.0,"turns":4.0},{"damage":13.0,"enemies":"2 Thieves","floor":20.0,"turns":5.0},{"damage":52.0,"enemies":"Slavers","floor":24.0,"turns":6.0},{"damage":17,"enemies":"Shelled Parasite and Fungi","floor":25,"turns":2}],"seed_played":"-3373243181330792807","potions_obtained":[{"floor":1.0,"key":"SneckoOil"},{"floor":12.0,"key":"EssenceOfSteel"},{"floor":16.0,"key":"SkillPotion"}],"is_trial":false,"path_per_floor":["M","M","$","?","?","R","M","R","T","M","R","M","?","E","R","B",null,"M","?","M","?","$","R","E","M"],"character_chosen":"IRONCLAD","items_purchased":["SteroidPotion","Sling","Sword Boomerang"],"campfire_rested":2,"item_purchase_floors":[3,22,22],"current_hp_per_floor":[73,73,73,50,39,39,30,30,30,30,52,49,49,46,46,17,61,45,45,38,38,38,60,14,0],"gold":53,"neow_bonus":"ONE_RANDOM_RARE_CARD","is_prod":false,"is_daily":false,"chose_seed":false,"campfire_upgraded":3,"win_rate":0,"timestamp":1553051882,"path_taken":["M","?","$","?","?","R","M","R","T","M","R","M","?","E","R","BOSS","M","?","M","?","$","R","E","M"],"build_version":"2019-01-23","purchased_purges":1,"victory":false,"max_hp_per_floor":[75,75,75,75,75,75,75,75,75,75,75,75,75,75,75,75,75,75,75,75,75,75,75,75,75],"card_choices":[{"not_picked":["Cleave","Entrench"],"picked":"Heavy Blade","floor":1.0},{"not_picked":["Thunderclap","Sentinel"],"picked":"Body Slam","floor":2.0},{"not_picked":["Shockwave","Power Through"],"picked":"True Grit","floor":7.0},{"not_picked":["Clash","Rupture","Wild Strike"],"picked":"SKIP","floor":10.0},{"not_picked":["Warcry","Twin Strike"],"picked":"Clothesline","floor":12.0},{"not_picked":["Seeing Red","Havoc"],"picked":"Spot Weakness","floor":14.0},{"not_picked":["Double Tap","Demon Form"],"picked":"Impervious","floor":16.0},{"not_picked":["Headbutt","Combust+1","Body Slam"],"picked":"SKIP","floor":18.0},{"not_picked":["Clothesline","Havoc","Rampage"],"picked":"SKIP","floor":20.0},{"not_picked":["Spot Weakness","Intimidate","Sword Boomerang"],"picked":"SKIP","floor":24.0}],"player_experience":968342,"relics_obtained":[{"floor":9.0,"key":"PreservedInsect"},{"floor":14.0,"key":"Letter Opener"},{"floor":24.0,"key":"Happy Flower"}],"event_choices":[{"damage_healed":0.0,"max_hp_gain":0.0,"max_hp_loss":0.0,"gold_gain":0.0,"event_name":"Shining Light","player_choice":"Entered Light","floor":4.0,"gold_loss":0.0,"damage_taken":23.0,"cards_upgraded":["Strike_R","Defend_R"]},{"damage_healed":0.0,"max_hp_gain":0.0,"max_hp_loss":0.0,"gold_gain":75.0,"event_name":"World of Goop","player_choice":"Gather Gold","floor":5.0,"gold_loss":0.0,"damage_taken":11.0},{"damage_healed":0.0,"max_hp_gain":0.0,"max_hp_loss":0.0,"gold_gain":0.0,"event_name":"The Woman in Blue","player_choice":"Bought 1 Potion","floor":13.0,"gold_loss":0.0,"damage_taken":0.0},{"damage_healed":0.0,"max_hp_gain":0.0,"max_hp_loss":0.0,"gold_gain":0.0,"cards_transformed":["Strike_R","Strike_R"],"event_name":"Drug Dealer","player_choice":"Became Test Subject","floor":19.0,"gold_loss":0.0,"damage_taken":0.0,"cards_obtained":["Searing Blow","Shrug It Off"]},{"damage_healed":0.0,"max_hp_gain":0.0,"max_hp_loss":0.0,"gold_gain":0.0,"event_name":"The Mausoleum","player_choice":"Ignored","floor":21.0,"gold_loss":0.0,"damage_taken":0.0}],"is_beta":false,"boss_relics":[{"not_picked":["Black Blood","Tiny House"],"picked":"Sozu"}],"items_purged_floors":[3],"is_endless":false,"potions_floor_spawned":[1,12,16,18],"killed_by":"Shelled Parasite and Fungi","ascension_level":20}