{"gold_per_floor":[119,33,43,62,73,73,102,102,157,157,190,201,236,247,247,321,321,332,351,150,150],"floor_reached":21,"playtime":1111,"items_purged":["Strike_R"],"score":452,"play_id":"9dbcfc45-6d87-4950-9959-f11d60a8ec40","local_time":"20190518130003","is_ascension_mode":true,"campfire_choices":[{"data":"Bash","floor":6.0,"key":"SMITH"},{"data":"Anger","floor":8.0,"key":"SMITH"},{"data":"Feed","floor":15,"key":"SMITH"}],"neow_cost":"NONE","seed_source_timestamp":235942318416252,"circlet_count":0,"master_deck":["AscendersBane","Strike_R","Strike_R","Strike_R","Strike_R","Defend_R","Defend_R","Defend_R","Defend_R","Bash+1","Anger+1","Battle Trance","Sever Soul","Shrug It Off","Combust","Rampage","Double Tap","Armaments","Blood for Blood","Feed+1","Barricade","Corruption","Sentinel","Metallicize"],"special_seed":0,"relics":["Burning Blood","Bag of Marbles","Dream Catcher","Tiny Chest","Happy Flower","Mummified Hand","Sozu"],"potions_floor_usage":[19],"damage_taken":[{"damage":7.0,"enemies":"Jaw Worm","floor":1.0,"turns":3.0},{"damage":6.0,"enemies":"Cultist","floor":3.0,"turns":3.0},{"damage":0.0,"enemies":"2 Louse","floor":4.0,"turns":2.0},{"damage":7.0,"enemies":"Large Slime","floor":5.0,"turns":5.0},{"damage":29.0,"enemies":"3 Sentries","floor":7.0,"turns":6.0},{"damage":0.0,"enemies":"Gremlin Nob","floor":11.0,"turns":3.0},{"damage":1.0,"enemies":"2 Fungi Beasts","floor":12.0,"turns":2.0},{"damage":28,"enemies":"3 Sentries","floor":13,"turns":7},{"damage":12,"enemies":"Exordium Thugs","floor":14,"turns":4},{"damage":31,"enemies":"Hexaghost","floor":16,"turns":8},{"damage":5,"enemies":"Chosen","floor":18,"turns":4},{"damage":14,"enemies":"2 Thieves","floor":19,"turns":4},{"damage":53,"enemies":"3 Cultists","floor":21,"turns":4}],"seed_played":"3270125658538628971","potions_obtained":[{"floor":4.0,"key":"PowerPotion"},{"floor":5.0,"key":"Explosive Potion"},{"floor":16,"key":"Block Potion"}],"is_trial":false,"path_per_floor":["M","$","M","M","M","R","E","R","T","?","E","M","E","M","R","B",null,"M","M","$","M"],"character_chosen":"IRONCLAD","items_purchased":["Battle Trance","Sentinel","Metallicize"],"campfire_rested":0,"item_purchase_floors":[2,20,20],"current_hp_per_floor":[67,67,67,73,72,72,49,49,49,49,55,60,38,32,32,7,58,59,51,51,0],"gold":150,"neow_bonus":"RANDOM_COMMON_RELIC","is_prod":false,"is_daily":false,"chose_seed":false,"campfire_upgraded":3,"win_rate":0,"timestamp":1558198803,"path_taken":["M","$","M","M","M","R","E","R","T","?","E","?","E","M","R","BOSS","M","M","$","M"],"build_version":"2019-01-23","purchased_purges":1,"victory":false,"max_hp_per_floor":[75,75,75,75,75,75,75,75,75,75,75,75,75,75,75,75,75,75,75,75,75],"card_choices":[{"not_picked":["Wild Strike","Metallicize"],"picked":"Anger","floor":1.0},{"not_picked":["Heavy Blade","Warcry"],"picked":"Sever Soul","floor":3.0},{"not_picked":["Fire Breathing","Dropkick"],"picked":"Shrug It Off","floor":4.0},{"not_picked":["Perfected Strike","Cleave"],"picked":"Combust","floor":5.0},{"not_picked":["Pummel","Heavy Blade"],"picked":"Rampage","floor":7.0},{"not_picked":["Battle Trance","Headbutt"],"picked":"Double Tap","floor":11.0},{"not_picked":["Rampage","Perfected Strike"],"picked":"Armaments","floor":12.0},{"not_picked":["Sword Boomerang","Ghostly Armor"],"picked":"Blood for Blood","floor":13},{"not_picked":["Cleave","Clash"],"picked":"Feed","floor":14},{"not_picked":["Bludgeon","Juggernaut"],"picked":"Barricade","floor":16},{"not_picked":["Pommel Strike","Twin Strike","Second Wind"],"picked":"SKIP","floor":18},{"not_picked":["Iron Wave","Carnage"],"picked":"Corruption","floor":19}],"player_experience":1390589,"relics_obtained":[{"floor":7.0,"key":"Dream Catcher"},{"floor":9.0,"key":"Tiny Chest"},{"floor":11.0,"key":"Happy Flower"},{"floor":13,"key":"Mummified Hand"}],"event_choices":[{"damage_healed":0.0,"max_hp_gain":0.0,"max_hp_loss":0.0,"gold_gain":0.0,"event_name":"Lab","player_choice":"Got Potions","floor":10.0,"gold_loss":0.0,"damage_taken":0.0}],"is_beta":false,"boss_relics":[{"not_picked":["Lizard Tail","Coffee Dripper"],"picked":"Sozu"}],"items_purged_floors":[20],"is_endless":false,"potions_floor_spawned":[4,5,16,19],"killed_by":"3 Cultists","ascension_level":20}