{"gold_per_floor":[109,39,39,39,55,55,76,76,122,122,122,122,142,185,185,315,315,335,335,359,359,359,359,458,493,518,518,148,179,179,195,195,290,290,306,306,318,1,12,38,38,67,90,116,136,0,13,23,23,23],"floor_reached":51,"playtime":4090,"items_purged":["Strike_G"],"score":1132,"play_id":"a130dfe7-4a73-4173-956d-2d286c54467d","local_time":"20180915152117","is_ascension_mode":true,"campfire_choices":[{"data":"Neutralize","floor":6,"key":"SMITH"},{"data":"Footwork","floor":8,"key":"SMITH"},{"data":"Cloak And Dagger","floor":10,"key":"SMITH"},{"data":"Cloak And Dagger","floor":12,"key":"SMITH"},{"data":"Footwork","floor":15,"key":"SMITH"},{"floor":23,"key":"REST"},{"floor":27,"key":"REST"},{"floor":32,"key":"REST"},{"floor":41,"key":"REST"},{"floor":49,"key":"REST"}],"neow_cost":"PERCENT_DAMAGE","seed_source_timestamp":219892998611878,"circlet_count":0,"master_deck":["Defend_G","Defend_G","Defend_G","Defend_G","Survivor","Neutralize+1","AscendersBane","Storm of Steel","Caltrops","Cloak And Dagger+1","Footwork+1","Cloak And Dagger+1","Backflip","Footwork+1","Calculated Gamble","Burst","Dodge and Roll","Choke+1","Doppelganger","Concentrate+1","Corpse Explosion+1","Storm of Steel+1","Backflip+1","Adrenaline","Panacea","Caltrops+1","Envenom","Accuracy+1","Outmaneuver+1","Adrenaline","Bullet Time","Backflip","Backflip","Finisher+1"],"relics":["Ring of the Snake","Bloody Idol","GremlinMask","Bronze Scales","Juzu Bracelet","Fusion Hammer","Pear","PreservedInsect","Nunchaku","Question Card","Bottled Lightning","Astrolabe","Kunai","Mango","The Courier","Ancient Tea Set","Bag of Preparation","Red Mask"],"potions_floor_usage":[29,33,44,50,50,50],"damage_taken":[{"damage":2,"enemies":"2 Louse","floor":1,"turns":4},{"damage":0,"enemies":"Small Slimes","floor":5,"turns":4},{"damage":0,"enemies":"Cultist","floor":7,"turns":5},{"damage":0,"enemies":"2 Fungi Beasts","floor":13,"turns":4},{"damage":6,"enemies":"Lagavulin","floor":14,"turns":9},{"damage":16,"enemies":"The Guardian","floor":16,"turns":14},{"damage":0,"enemies":"Spheric Guardian","floor":18,"turns":6},{"damage":2,"enemies":"Shell Parasite","floor":20,"turns":6},{"damage":5,"enemies":"Book of Stabbing","floor":25,"turns":7},{"damage":26,"enemies":"Gremlin Leader","floor":29,"turns":5},{"damage":2,"enemies":"3 Cultists","floor":31,"turns":6},{"damage":36,"enemies":"Champ","floor":33,"turns":23},{"damage":22,"enemies":"Orb Walker","floor":35,"turns":5},{"damage":1,"enemies":"3 Darklings","floor":37,"turns":6},{"damage":8,"enemies":"Maw","floor":39,"turns":10},{"damage":22,"enemies":"Nemesis","floor":40,"turns":5},{"damage":3,"enemies":"2 Orb Walkers","floor":42,"turns":3},{"damage":12,"enemies":"Nemesis","floor":44,"turns":7},{"damage":0,"enemies":"4 Shapes","floor":45,"turns":8},{"damage":39,"enemies":"Sphere and 2 Shapes","floor":47,"turns":6},{"damage":0,"enemies":"Spire Growth","floor":48,"turns":4},{"damage":61,"enemies":"Time Eater","floor":50,"turns":13}],"seed_played":"3685585541979764496","potions_obtained":[{"floor":13,"key":"SpeedPotion"},{"floor":16,"key":"Dexterity Potion"},{"floor":18,"key":"SpeedPotion"},{"floor":33,"key":"LiquidBronze"},{"floor":39,"key":"Strength Potion"},{"floor":44,"key":"Swift Potion"}],"is_trial":false,"path_per_floor":["M","$","?","?","M","R","M","R","T","R","?","R","M","E","R","B",null,"M","?","M","?","?","R","?","E","T","R","$","E","T","M","R","B",null,"M","?","M","$","M","E","R","E","T","E","M","?","M","M","R","B"],"character_chosen":"THE_SILENT","items_purchased":["Footwork","Nunchaku","Kunai","Envenom"],"campfire_rested":5,"item_purchase_floors":[2,28,38,38],"current_hp_per_floor":[43,43,43,43,43,43,43,43,43,43,43,43,43,37,37,21,54,54,54,52,52,52,65,65,75,75,75,75,54,54,57,75,44,67,50,50,54,54,51,48,74,76,81,74,79,79,45,50,76,15],"gold":23,"neow_bonus":"TRANSFORM_TWO_CARDS","is_prod":false,"is_daily":false,"chose_seed":false,"campfire_upgraded":5,"win_rate":0,"timestamp":1537039277,"path_taken":["M","$","?","?","M","R","?","R","T","R","?","R","M","E","R","BOSS","M","?","M","?","?","R","?","E","T","R","$","E","?","M","R","BOSS","M","?","M","$","M","E","R","E","T","E","M","?","M","M","R","BOSS"],"build_version":"2018-09-06","purchased_purges":1,"victory":true,"max_hp_per_floor":[70,70,65,65,65,65,65,65,65,65,65,65,65,65,65,65,65,65,65,65,65,65,65,65,75,75,75,75,75,75,75,75,75,75,75,75,75,75,75,89,89,89,89,89,89,89,89,89,89,89],"card_choices":[{"not_picked":["All Out Attack","Distraction"],"picked":"Cloak And Dagger","floor":1},{"not_picked":["Flechettes","Blade Dance"],"picked":"Cloak And Dagger","floor":5},{"not_picked":["Sucker Punch","Poisoned Stab"],"picked":"Backflip","floor":7},{"not_picked":["Dagger Spray","Blade Dance"],"picked":"Footwork","floor":13},{"not_picked":["Setup","Blade Dance"],"picked":"Calculated Gamble","floor":14},{"not_picked":["Die Die Die","Storm of Steel"],"picked":"Burst","floor":16},{"not_picked":["Endless Agony","Slice","Flying Knee"],"picked":"SKIP","floor":18},{"not_picked":["Underhanded Strike","Sucker Punch","Endless Agony"],"picked":"SKIP","floor":20},{"not_picked":["Eviscerate","Dagger Spray"],"picked":"Choke+1","floor":25},{"not_picked":["Bane","Endless Agony","Catalyst+1"],"picked":"SKIP","floor":29},{"not_picked":["Calculated Gamble","Underhanded Strike","Dagger Spray","Poisoned Stab"],"picked":"SKIP","floor":31},{"not_picked":["Wraith Form v2","Unload","Venomology"],"picked":"Doppelganger","floor":33},{"not_picked":["Flying Knee+1","Crippling Poison","Deflect"],"picked":"Backflip+1","floor":35},{"not_picked":["Quick Slash+1","Flechettes","Cloak And Dagger"],"picked":"Caltrops+1","floor":37},{"not_picked":["Blur","Leg Sweep","Cloak And Dagger"],"picked":"Accuracy+1","floor":39},{"not_picked":["Quick Slash+1","Dagger Throw+1","Venomology"],"picked":"Outmaneuver+1","floor":40},{"not_picked":["Skewer","Prepared","Quick Slash"],"picked":"Adrenaline","floor":42},{"not_picked":["Blade Dance+1","Setup+1","Infinite Blades+1"],"picked":"Bullet Time","floor":44},{"not_picked":["Escape Plan","Terror+1","Prepared+1"],"picked":"Backflip","floor":45},{"not_picked":["Prepared+1","Riddle With Holes+1","Sucker Punch+1"],"picked":"Backflip","floor":47},{"not_picked":["Acrobatics","Caltrops+1","Slice+1"],"picked":"Finisher+1","floor":48}],"player_experience":378534,"relics_obtained":[{"floor":9,"key":"Bronze Scales"},{"floor":14,"key":"Juzu Bracelet"},{"floor":25,"key":"Pear"},{"floor":26,"key":"PreservedInsect"},{"floor":29,"key":"Question Card"},{"floor":30,"key":"Bottled Lightning"},{"floor":40,"key":"Mango"},{"floor":42,"key":"The Courier"},{"floor":43,"key":"Ancient Tea Set"},{"floor":44,"key":"Bag of Preparation"}],"event_choices":[{"event_name":"Golden Idol","player_choice":"Lose Max HP","floor":3,"damage_taken":0},{"event_name":"FaceTrader","player_choice":"Trade","floor":4,"damage_taken":0},{"event_name":"Liars Game","player_choice":"disagreed","floor":11,"damage_taken":0},{"event_name":"Ghosts","player_choice":"Ignored","floor":19,"damage_taken":0},{"event_name":"The Library","player_choice":"Read","floor":21,"damage_taken":0},{"event_name":"Forgotten Altar","player_choice":"Gave Idol","floor":22,"damage_taken":0},{"event_name":"Nest","player_choice":"Stole From Cult","floor":24,"damage_taken":0},{"event_name":"Match and Keep!","player_choice":"2 cards matched","floor":36,"damage_taken":0},{"event_name":"Tomb of Lord Red Mask","player_choice":"Paid","floor":46,"damage_taken":0}],"is_beta":false,"boss_relics":[{"not_picked":["Eternal Feather","Orrery"],"picked":"Fusion Hammer"},{"not_picked":["Tiny House","Runic Pyramid"],"picked":"Astrolabe"}],"items_purged_floors":[28],"is_endless":false,"potions_floor_spawned":[13,16,18,33,39,44,47],"ascension_level":10}