{"gold_per_floor":[117,136,136,136,152,152,163,188,188,205,217,217,247,273,273,273],"floor_reached":16,"playtime":796,"items_purged":[],"score":224,"play_id":"46f63346-a174-46c8-926b-5902d565cfcf","local_time":"20190620192125","is_ascension_mode":true,"campfire_choices":[{"data":"Masterful Stab","floor":6.0,"key":"SMITH"},{"data":"Neutralize","floor":12,"key":"SMITH"},{"data":"Predator","floor":15,"key":"SMITH"}],"neow_cost":"NONE","seed_source_timestamp":453808577084862,"circlet_count":0,"master_deck":["AscendersBane","Defend_G","Defend_G","Defend_G","Defend_G","Defend_G","Strike_G","Strike_G","Strike_G","Strike_G","Strike_G","Survivor","Neutralize+1","Calculated Gamble","Masterful Stab+1","Underhanded Strike","Well Laid Plans","Predator+1","PiercingWail+1","Dodge and Roll+1"],"special_seed":0,"relics":["Ring of the Snake","Smiling Mask","Toxic Egg 2","Thread and Needle","Peace Pipe","Bird Faced Urn"],"potions_floor_usage":[8,14],"damage_taken":[{"damage":0.0,"enemies":"2 Louse","floor":1.0,"turns":5.0},{"damage":6.0,"enemies":"Small Slimes","floor":2.0,"turns":4.0},{"damage":0.0,"enemies":"Cultist","floor":5.0,"turns":4.0},{"damage":3,"enemies":"Large Slime","floor":7,"turns":8},{"damage":21,"enemies":"3 Sentries","floor":8,"turns":10},{"damage":0,"enemies":"2 Fungi Beasts","floor":10,"turns":2},{"damage":0,"enemies":"Blue Slaver","floor":11,"turns":3},{"damage":9,"enemies":"Gremlin Nob","floor":14,"turns":4},{"damage":27,"enemies":"Hexaghost","floor":16,"turns":13}],"seed_played":"8309591860399427575","potions_obtained":[{"floor":1.0,"key":"Fire Potion"},{"floor":5.0,"key":"GamblersBrew"},{"floor":8,"key":"SpeedPotion"}],"is_trial":false,"path_per_floor":["M","M","?","?","M","R","M","E","T","M","M","R","?","E","R","B"],"character_chosen":"THE_SILENT","items_purchased":[],"campfire_rested":0,"item_purchase_floors":[],"current_hp_per_floor":[59,53,58,58,58,58,55,34,34,34,34,34,34,25,25,0],"gold":273,"neow_bonus":"RANDOM_COMMON_RELIC","is_prod":false,"is_daily":false,"chose_seed":false,"campfire_upgraded":3,"win_rate":0,"timestamp":1561072885,"path_taken":["M","M","?","?","M","R","M","E","T","?","M","R","?","E","R","BOSS"],"build_version":"2019-01-23","purchased_purges":0,"victory":false,"max_hp_per_floor":[66,66,71,71,71,71,71,71,71,71,71,71,71,71,71,71],"card_choices":[{"not_picked":["Reflex","Blur"],"picked":"Calculated Gamble","floor":1.0},{"not_picked":["Bane","Dagger Spray"],"picked":"Masterful Stab","floor":2.0},{"not_picked":["Acrobatics","Cloak And Dagger"],"picked":"Underhanded Strike","floor":5.0},{"not_picked":["Acrobatics","Concentrate"],"picked":"Well Laid Plans","floor":7},{"not_picked":["Dodge and Roll","Caltrops"],"picked":"Predator","floor":8},{"not_picked":["Endless Agony","Catalyst+1"],"picked":"PiercingWail+1","floor":10},{"not_picked":["Endless Agony","Concentrate+1","Storm of Steel+1"],"picked":"SKIP","floor":11},{"not_picked":["Bane","Acrobatics+1"],"picked":"Dodge and Roll+1","floor":14}],"player_experience":1531199,"relics_obtained":[{"floor":8,"key":"Toxic Egg 2"},{"floor":9,"key":"Thread and Needle"},{"floor":14,"key":"Bird Faced Urn"}],"event_choices":[{"damage_healed":0.0,"max_hp_gain":5.0,"max_hp_loss":0.0,"gold_gain":0.0,"event_name":"Big Fish","player_choice":"Donut","floor":3.0,"gold_loss":0.0,"damage_taken":0.0},{"damage_healed":0.0,"max_hp_gain":0.0,"max_hp_loss":0.0,"gold_gain":0.0,"event_name":"Match and Keep!","player_choice":"0 cards matched","floor":4.0,"gold_loss":0.0,"damage_taken":0.0,"cards_obtained":[]},{"damage_healed":0,"gold_gain":30,"player_choice":"Searched \u00273\u0027 times","damage_taken":0,"relics_obtained":["Peace Pipe"],"max_hp_gain":0,"max_hp_loss":0,"event_name":"Dead Adventurer","floor":13,"gold_loss":0}],"is_beta":false,"boss_relics":[],"items_purged_floors":[],"is_endless":false,"potions_floor_spawned":[1,5,8],"killed_by":"Hexaghost","ascension_level":20}