{"gold_per_floor":[209,239,256,271,196,224,224,255,293,305,317,356,347,374,386,503,515,543,654,677,689,718,730,755,800,838,701,715,734,734,751,751,852,852,864,774,301,312,91,91,103,103,103,133,133,0,0,0,0,0,0,0,0,32,32],"floor_reached":55,"playtime":2079,"items_purged":["Strike_R","Strike_R","Strike_R","Strike_R+1"],"score":738,"play_id":"ba7f65c2-6f70-42b5-ab6a-21fac48013d0","local_time":"20190714113252","is_ascension_mode":false,"campfire_choices":[{"data":"Spot Weakness","floor":7.0,"key":"SMITH"},{"floor":15.0,"key":"REST"},{"data":"Double Tap","floor":23.0,"key":"SMITH"},{"floor":30.0,"key":"RECALL"},{"floor":32.0,"key":"REST"},{"data":"Whirlwind","floor":42.0,"key":"SMITH"},{"floor":49.0,"key":"REST"},{"data":"Flex","floor":52,"key":"SMITH"}],"neow_cost":"NONE","seed_source_timestamp":1387547089813,"circlet_count":0,"master_deck":["Defend_R","Defend_R","Defend_R","Bash","Iron Wave+1","Pommel Strike","Spot Weakness+1","Shrug It Off+1","Rampage","Double Tap+1","Heavy Blade+1","Flex+1","Whirlwind+1"],"special_seed":0,"relics":["Burning Blood","Tiny Chest","Whetstone","MawBank","Magic Flower","Velvet Choker","Du-Vu Doll","Pear","Bronze Scales","Busted Crown","Torii","Gremlin Horn","Juzu Bracelet","Red Mask","Pocketwatch"],"potions_floor_usage":[50,50,50],"damage_taken":[{"damage":1.0,"enemies":"Jaw Worm","floor":1.0,"turns":5.0},{"damage":5.0,"enemies":"Cultist","floor":3.0,"turns":4.0},{"damage":7.0,"enemies":"2 Louse","floor":4.0,"turns":3.0},{"damage":26.0,"enemies":"Lagavulin","floor":6.0,"turns":6.0},{"damage":6.0,"enemies":"3 Sentries","floor":8.0,"turns":7.0},{"damage":34.0,"enemies":"Lagavulin","floor":12.0,"turns":7.0},{"damage":4.0,"enemies":"2 Fungi Beasts","floor":14.0,"turns":3.0},{"damage":17.0,"enemies":"Slime Boss","floor":16.0,"turns":10.0},{"damage":24.0,"enemies":"3 Byrds","floor":18.0,"turns":5.0},{"damage":0.0,"enemies":"Chosen","floor":20.0,"turns":4.0},{"damage":12.0,"enemies":"3 Cultists","floor":22.0,"turns":6.0},{"damage":25.0,"enemies":"Snake Plant","floor":24.0,"turns":5.0},{"damage":40.0,"enemies":"Book of Stabbing","floor":25.0,"turns":5.0},{"damage":8.0,"enemies":"Snecko","floor":28.0,"turns":5.0},{"damage":9.0,"enemies":"Sentry and Sphere","floor":29.0,"turns":4.0},{"damage":19.0,"enemies":"Shelled Parasite and Fungi","floor":31.0,"turns":4.0},{"damage":69.0,"enemies":"Automaton","floor":33.0,"turns":8.0},{"damage":8.0,"enemies":"Orb Walker","floor":35.0,"turns":3.0},{"damage":8.0,"enemies":"3 Darklings","floor":38.0,"turns":4.0},{"damage":0.0,"enemies":"Nemesis","floor":40.0,"turns":1.0},{"damage":38.0,"enemies":"Jaw Worm Horde","floor":41.0,"turns":2.0},{"damage":32.0,"enemies":"Reptomancer","floor":44.0,"turns":3.0},{"damage":75,"enemies":"Awakened One","floor":50,"turns":7},{"damage":80,"enemies":"Shield and Spear","floor":54,"turns":6},{"damage":63,"enemies":"The Heart","floor":55,"turns":2}],"seed_played":"-3490358823565263583","potions_obtained":[{"floor":1.0,"key":"EssenceOfSteel"},{"floor":3.0,"key":"Poison Potion"},{"floor":14.0,"key":"Poison Potion"},{"floor":18.0,"key":"BloodPotion"},{"floor":24.0,"key":"SkillPotion"},{"floor":25.0,"key":"SmokeBomb"},{"floor":33.0,"key":"LiquidBronze"},{"floor":35.0,"key":"Swift Potion"},{"floor":41.0,"key":"BloodPotion"},{"floor":44.0,"key":"BloodPotion"}],"is_trial":false,"path_per_floor":["M","?","M","M","$","E","R","E","T","?","?","E","?","M","R","B",null,"M","?","M","T","M","R","M","E","T","$","M","M","R","M","R","B",null,"M","?","$","M","$","E","M","R","T","E","?","?","?","$","R","B",null,"R","$","E","B"],"character_chosen":"IRONCLAD","items_purchased":["Heavy Blade","Torii","Flex","Whirlwind"],"campfire_rested":3,"item_purchase_floors":[27,37,37,39],"current_hp_per_floor":[80,80,80,79,79,59,59,59,59,59,52,24,24,29,53,45,80,65,65,74,74,71,71,55,64,64,64,65,65,65,55,82,22,90,90,90,90,90,90,90,61,61,61,38,38,38,38,38,65,65,90,90,90,19,0],"gold":32,"neow_bonus":"HUNDRED_GOLD","is_prod":false,"is_daily":false,"chose_seed":false,"campfire_upgraded":4,"win_rate":0,"timestamp":1563118372,"path_taken":["M","?","?","M","$","E","R","E","T","?","?","E","?","M","R","BOSS","M","?","M","?","M","R","M","E","T","$","M","M","R","M","R","BOSS","M","?","$","M","$","E","?","R","T","E","?","?","?","?","R","BOSS","R","$","E","BOSS"],"build_version":"2019-07-05","purchased_purges":4,"victory":false,"max_hp_per_floor":[80,80,80,80,80,80,80,80,80,80,80,80,80,80,80,80,80,80,80,80,80,80,80,80,90,90,90,90,90,90,90,90,90,90,90,90,90,90,90,90,90,90,90,90,90,90,90,90,90,90,90,90,90,90,90],"card_choices":[{"not_picked":["Reckless Charge","Second Wind"],"picked":"Iron Wave","floor":1.0},{"not_picked":["Clothesline","Headbutt"],"picked":"Pommel Strike","floor":3.0},{"not_picked":["Blood for Blood","Hemokinesis","Anger"],"picked":"SKIP","floor":4.0},{"not_picked":["Reckless Charge","Searing Blow"],"picked":"Spot Weakness","floor":6.0},{"not_picked":["Clash","Fire Breathing"],"picked":"Shrug It Off","floor":8.0},{"not_picked":["Pommel Strike","Wild Strike","Body Slam"],"picked":"SKIP","floor":12.0},{"not_picked":["Headbutt","Reckless Charge"],"picked":"Rampage","floor":14.0},{"not_picked":["Offering","Barricade"],"picked":"Double Tap","floor":16.0},{"not_picked":["Body Slam","Anger"],"picked":"Cleave","floor":18.0},{"not_picked":["Warcry+1","Wild Strike","Second Wind"],"picked":"SKIP","floor":20.0},{"not_picked":["Feel No Pain","Twin Strike","Bloodletting"],"picked":"SKIP","floor":22.0},{"not_picked":["Clothesline+1","Wild Strike","Anger"],"picked":"SKIP","floor":24.0},{"not_picked":["Rampage+1","Pommel Strike","Anger+1"],"picked":"SKIP","floor":25.0},{"not_picked":["Carnage+1","Clash","Heavy Blade+1"],"picked":"SKIP","floor":28.0},{"not_picked":["Carnage","Burning Pact","Intimidate"],"picked":"SKIP","floor":29.0},{"not_picked":["Anger","Body Slam","Sentinel+1"],"picked":"SKIP","floor":31.0},{"not_picked":["Pummel"],"picked":"SKIP","floor":35.0},{"not_picked":["Heavy Blade+1"],"picked":"SKIP","floor":38.0},{"not_picked":["Twin Strike"],"picked":"SKIP","floor":41.0},{"not_picked":["Clash+1"],"picked":"SKIP","floor":44.0},{"not_picked":["Fire Breathing"],"picked":"SKIP","floor":54}],"player_experience":128400,"relics_obtained":[{"floor":6.0,"key":"Whetstone"},{"floor":8.0,"key":"MawBank"},{"floor":12.0,"key":"Magic Flower"},{"floor":21.0,"key":"Du-Vu Doll"},{"floor":25.0,"key":"Pear"},{"floor":26.0,"key":"Bronze Scales"},{"floor":43.0,"key":"Gremlin Horn"},{"floor":44.0,"key":"Juzu Bracelet"},{"floor":54,"key":"Pocketwatch"}],"event_choices":[{"damage_healed":0.0,"max_hp_gain":0.0,"max_hp_loss":0.0,"gold_gain":0.0,"event_name":"WeMeetAgain","player_choice":"Gave Potion","floor":2.0,"gold_loss":0.0,"damage_taken":0.0,"relics_obtained":["Tiny Chest"]},{"damage_healed":0.0,"max_hp_gain":0.0,"max_hp_loss":0.0,"gold_gain":0.0,"event_name":"Liars Game","player_choice":"Ignored","floor":10.0,"gold_loss":0.0,"damage_taken":0.0},{"cards_removed":["Defend_R"],"damage_healed":0.0,"max_hp_gain":0.0,"max_hp_loss":0.0,"gold_gain":0.0,"event_name":"Golden Wing","player_choice":"Card Removal","floor":11.0,"gold_loss":0.0,"damage_taken":7.0},{"damage_healed":0.0,"max_hp_gain":0.0,"max_hp_loss":0.0,"gold_gain":0.0,"event_name":"World of Goop","player_choice":"Left Gold","floor":13.0,"gold_loss":21.0,"damage_taken":0.0},{"damage_healed":0.0,"max_hp_gain":0.0,"max_hp_loss":0.0,"gold_gain":99.0,"event_name":"Nest","player_choice":"Stole From Cult","floor":19.0,"gold_loss":0.0,"damage_taken":0.0},{"cards_removed":["Strike_R"],"damage_healed":0.0,"max_hp_gain":0.0,"max_hp_loss":0.0,"gold_gain":0.0,"event_name":"Designer","player_choice":"Upgrade and Remove","floor":36.0,"gold_loss":90.0,"damage_taken":0.0,"cards_upgraded":["Shrug It Off"]},{"damage_healed":0.0,"max_hp_gain":0.0,"max_hp_loss":0.0,"gold_gain":0.0,"event_name":"Upgrade Shrine","player_choice":"Upgraded","floor":45.0,"gold_loss":0.0,"damage_taken":0.0,"cards_upgraded":["Heavy Blade"]},{"damage_healed":0.0,"max_hp_gain":0.0,"max_hp_loss":0.0,"gold_gain":0.0,"event_name":"Tomb of Lord Red Mask","player_choice":"Paid","floor":46.0,"gold_loss":133.0,"damage_taken":0.0,"relics_obtained":["Red Mask"]},{"cards_removed":["Cleave"],"damage_healed":0.0,"max_hp_gain":0.0,"max_hp_loss":0.0,"gold_gain":0.0,"event_name":"Falling","player_choice":"Removed Attack","floor":47.0,"gold_loss":0.0,"damage_taken":0.0}],"is_beta":false,"boss_relics":[{"not_picked":["Coffee Dripper","Empty Cage"],"picked":"Velvet Choker"},{"not_picked":["Fusion Hammer","Lizard Tail"],"picked":"Busted Crown"}],"items_purged_floors":[5,27,37,39],"is_endless":false,"potions_floor_spawned":[1,3,14,18,24,25,33,35,41,44],"killed_by":"The Heart","ascension_level":0}