{"gold_per_floor":[113,113,113,113,41,41,59,69,138,153,153,153,163,174,174,278,328,344,162,162,181,181,181,181,197,197,231,231,305,4,19,19,19],"floor_reached":33,"playtime":2306,"items_purged":[],"score":255,"play_id":"41c32519-971a-453c-b61c-5afbda311b8e","local_time":"20190708152339","is_ascension_mode":false,"campfire_choices":[{"data":"Crippling Poison","floor":6,"key":"SMITH"},{"floor":12,"key":"REST"},{"data":"Bane","floor":15,"key":"SMITH"},{"floor":23,"key":"REST"},{"floor":28,"key":"REST"},{"floor":32,"key":"REST"}],"neow_cost":"NONE","seed_source_timestamp":13452472622522,"circlet_count":0,"master_deck":["Strike_G","Strike_G","Strike_G","Strike_G","Strike_G","Defend_G","Defend_G+1","Defend_G","Defend_G","Survivor","Neutralize","Sucker Punch","Good Instincts","Crippling Poison+1","Dagger Spray","Underhanded Strike","Prepared+1","Bane+1","Slice","Glass Knife","Eviscerate","Prepared+1","Well Laid Plans","RitualDagger","Quick Slash","Bane","Blur","Bane"],"relics":["Ring of the Snake","Bottled Lightning","Tiny House","Snake Skull","Sundial","Orichalcum","Kunai","Torii"],"potions_floor_usage":[16,25,27,33],"damage_taken":[{"damage":0,"enemies":"Jaw Worm","floor":1,"turns":4},{"damage":7,"enemies":"Small Slimes","floor":7,"turns":4},{"damage":0,"enemies":"Cultist","floor":8,"turns":3},{"damage":5,"enemies":"Blue Slaver","floor":10,"turns":3},{"damage":0,"enemies":"Exordium Wildlife","floor":13,"turns":3},{"damage":0,"enemies":"Exordium Thugs","floor":14,"turns":4},{"damage":30,"enemies":"Hexaghost","floor":16,"turns":10},{"damage":11,"enemies":"Shell Parasite","floor":18,"turns":6},{"damage":35,"enemies":"Spheric Guardian","floor":21,"turns":6},{"damage":4,"enemies":"Chosen and Byrds","floor":25,"turns":5},{"damage":17,"enemies":"Slavers","floor":27,"turns":4},{"damage":14,"enemies":"Centurion and Healer","floor":31,"turns":4},{"damage":62,"enemies":"Collector","floor":33,"turns":6}],"seed_played":"-178867060376047881","potions_obtained":[{"floor":7,"key":"GhostInAJar"},{"floor":10,"key":"Energy Potion"},{"floor":13,"key":"Poison Potion"},{"floor":16,"key":"Energy Potion"},{"floor":25,"key":"GhostInAJar"}],"is_trial":false,"path_per_floor":["M","?","?","?","$","R","M","M","T","M","?","R","M","M","R","B",null,"M","$","?","M","?","R","$","M","T","E","R","T","$","M","R","B"],"character_chosen":"THE_SILENT","items_purchased":["Crippling Poison","Snake Skull","Well Laid Plans","Torii"],"campfire_rested":4,"item_purchase_floors":[5,19,19,30],"current_hp_per_floor":[70,70,70,63,63,63,56,56,56,51,51,70,70,70,70,40,75,64,64,58,23,23,45,45,41,41,24,46,46,46,32,54,0],"gold":19,"neow_bonus":"RANDOM_COLORLESS","is_prod":false,"is_daily":false,"chose_seed":false,"campfire_upgraded":2,"win_rate":0.0,"timestamp":1562613819,"path_taken":["M","?","?","?","$","R","M","M","T","?","?","R","?","M","R","BOSS","M","$","?","M","?","R","?","?","T","E","R","?","$","M","R","BOSS"],"build_version":"2019-07-05","purchased_purges":0,"victory":false,"max_hp_per_floor":[70,70,70,70,70,70,70,70,70,70,70,70,70,70,70,70,75,75,75,75,75,75,75,75,75,75,75,75,75,75,75,75,75],"card_choices":[{"not_picked":["Dodge and Roll","Tactician"],"picked":"Sucker Punch","floor":1},{"not_picked":["Quick Slash","Leg Sweep"],"picked":"Dagger Spray","floor":7},{"not_picked":["Heel Hook","Prepared"],"picked":"Underhanded Strike","floor":8},{"not_picked":["Outmaneuver","Predator"],"picked":"Prepared","floor":10},{"not_picked":["Backflip","Dagger Spray"],"picked":"Bane","floor":13},{"not_picked":["Leg Sweep","Reflex"],"picked":"Slice","floor":14},{"not_picked":["Doppelganger","Unload"],"picked":"Glass Knife","floor":16},{"not_picked":["Flying Knee","Dash"],"picked":"Eviscerate","floor":17},{"not_picked":["Dodge and Roll+1","Underhanded Strike"],"picked":"Prepared+1","floor":18},{"not_picked":["PiercingWail+1","Dagger Throw"],"picked":"Quick Slash","floor":21},{"not_picked":["Slice","Blade Dance"],"picked":"Bane","floor":25},{"not_picked":["Blade Dance","Terror"],"picked":"Blur","floor":27},{"not_picked":["Quick Slash","Flying Knee"],"picked":"Bane","floor":31}],"player_experience":11436,"relics_obtained":[{"floor":9,"key":"Bottled Lightning"},{"floor":26,"key":"Sundial"},{"floor":27,"key":"Orichalcum"},{"floor":29,"key":"Kunai"}],"event_choices":[{"damage_healed":0,"gold_gain":0,"cards_transformed":["Blind"],"player_choice":"Change","damage_taken":0,"max_hp_gain":0,"max_hp_loss":0,"event_name":"Living Wall","floor":2,"gold_loss":0,"cards_obtained":["Good Instincts"]},{"damage_healed":0,"gold_gain":0,"player_choice":"Ignored","damage_taken":0,"max_hp_gain":0,"max_hp_loss":0,"event_name":"Shining Light","floor":3,"gold_loss":0},{"cards_removed":["Defend_G"],"damage_healed":0,"gold_gain":0,"player_choice":"Card Removal","damage_taken":7,"max_hp_gain":0,"max_hp_loss":0,"event_name":"Golden Wing","floor":4,"gold_loss":0},{"damage_healed":0,"gold_gain":0,"player_choice":"Forge","damage_taken":0,"max_hp_gain":0,"max_hp_loss":0,"event_name":"Accursed Blacksmith","floor":11,"gold_loss":0,"cards_upgraded":["Prepared"]},{"damage_healed":0,"gold_gain":0,"player_choice":"Joined the Cult","damage_taken":6,"max_hp_gain":0,"max_hp_loss":0,"event_name":"Nest","floor":20,"gold_loss":0,"cards_obtained":["RitualDagger"]},{"damage_healed":0,"gold_gain":0,"player_choice":"Ignored","damage_taken":0,"max_hp_gain":0,"max_hp_loss":0,"event_name":"Ghosts","floor":22,"gold_loss":0}],"is_beta":false,"boss_relics":[{"not_picked":["Runic Dome","Snecko Eye"],"picked":"Tiny House"}],"items_purged_floors":[],"is_endless":false,"potions_floor_spawned":[7,10,13,16,25],"killed_by":"Collector","ascension_level":0}