{"gold_per_floor":[112,112,112,123,73,104,104,104,104,119,119,151,162,162,162,260,260,279,190,218,228,153,153,182,182,182,212,224,253,272,289,289,289],"floor_reached":33,"playtime":1974,"items_purged":["Strike_R"],"score":344,"play_id":"bf72200e-1dcf-4f0d-856e-44f4c16b7446","local_time":"20180820165622","is_ascension_mode":true,"campfire_choices":[{"floor":7,"key":"REST"},{"data":"Flex","floor":11,"key":"SMITH"},{"data":"Inflame","floor":15,"key":"SMITH"},{"floor":23,"key":"REST"},{"floor":25,"key":"REST"},{"data":"Armaments","floor":32,"key":"SMITH"}],"neow_cost":"","seed_source_timestamp":393321827777306,"circlet_count":0,"master_deck":["Strike_R","Strike_R+1","Defend_R","Defend_R","Defend_R+1","Defend_R","Bash","Shrug It Off","Dropkick","Flex+1","Heavy Blade+1","Heavy Blade+1","Inflame+1","Impervious","Intimidate","Rupture","Havoc+1","Twin Strike+1","Shrug It Off","Thunderclap+1","Heavy Blade+1","Armaments+1","Reaper+1"],"relics":["Burning Blood","Dream Catcher","Molten Egg 2","Smiling Mask","Boot","Runic Cube","Red Mask","Regal Pillow","Gremlin Horn","Pear","Anchor"],"potions_floor_usage":[6,20,33,33],"damage_taken":[{"damage":5,"enemies":"Small Slimes","floor":1,"turns":4},{"damage":0,"enemies":"2 Louse","floor":4,"turns":3},{"damage":21,"enemies":"3 Sentries","floor":6,"turns":14},{"damage":0,"enemies":"Jaw Worm","floor":10,"turns":3},{"damage":14,"enemies":"Gremlin Nob","floor":12,"turns":3},{"damage":26,"enemies":"Exordium Thugs","floor":13,"turns":6},{"damage":43,"enemies":"The Guardian","floor":16,"turns":8},{"damage":16,"enemies":"Shell Parasite","floor":18,"turns":5},{"damage":35,"floor":20,"turns":5},{"damage":0,"enemies":"Chosen","floor":21,"turns":5},{"damage":36,"enemies":"Book of Stabbing","floor":24,"turns":5},{"damage":4,"enemies":"Gremlin Leader","floor":27,"turns":5},{"damage":14,"enemies":"Centurion and Healer","floor":28,"turns":5},{"damage":20,"enemies":"Slavers","floor":29,"turns":6},{"damage":14,"enemies":"Sentry and Sphere","floor":30,"turns":5},{"damage":3,"enemies":"Snake Plant","floor":31,"turns":3},{"damage":81,"enemies":"Champ","floor":33,"turns":12}],"seed_played":"-3092543061719783258","potions_obtained":[{"floor":4,"key":"Block Potion"},{"floor":12,"key":"Ancient Potion"},{"floor":13,"key":"PowerPotion"},{"floor":16,"key":"Ancient Potion"},{"floor":18,"key":"Dexterity Potion"},{"floor":20,"key":"SneckoOil"},{"floor":30,"key":"BloodPotion"}],"is_trial":false,"path_per_floor":["M","?","T","M","?","E","R","$","T","M","R","E","M","?","R","B",null,"M","$","?","M","?","R","E","R","T","E","M","E","M","M","R"],"character_chosen":"IRONCLAD","items_purchased":["Rupture"],"campfire_rested":3,"item_purchase_floors":[19],"current_hp_per_floor":[80,64,64,70,70,55,79,79,79,80,80,72,52,80,80,43,80,70,70,41,47,47,71,41,80,80,90,82,68,60,63,63,0],"gold":289,"neow_bonus":"","is_prod":false,"is_daily":false,"chose_seed":false,"campfire_upgraded":3,"win_rate":0,"timestamp":1534798582,"path_taken":["M","?","?","M","?","E","R","$","T","M","R","E","M","?","R","BOSS","M","$","?","M","?","R","E","R","T","E","M","E","M","M","R","BOSS"],"build_version":"2018-08-16","purchased_purges":1,"victory":false,"max_hp_per_floor":[80,80,80,80,80,80,80,80,80,80,80,80,80,80,80,80,80,80,80,80,80,80,80,80,80,80,90,90,90,90,90,90,90],"card_choices":[{"not_picked":["Warcry","Wild Strike"],"picked":"Shrug It Off","floor":1},{"not_picked":["Rampage","Pummel"],"picked":"Dropkick","floor":4},{"not_picked":["Havoc","Power Through"],"picked":"Flex","floor":6},{"not_picked":["Headbutt+1","Sever Soul+1"],"picked":"Heavy Blade+1","floor":7},{"not_picked":["Shrug It Off","Flex"],"picked":"Heavy Blade+1","floor":10},{"not_picked":["Blood for Blood+1","Rupture"],"picked":"Inflame","floor":12},{"not_picked":["Clash+1","Wild Strike+1"],"picked":"Shockwave","floor":13},{"not_picked":["Bludgeon+1","Berserk"],"picked":"Impervious","floor":16},{"not_picked":["Searing Blow+1","Perfected Strike+1"],"picked":"Intimidate","floor":18},{"not_picked":["Burning Pact","Shrug It Off"],"picked":"Havoc+1","floor":21},{"not_picked":["Rupture","Sentinel"],"picked":"Twin Strike+1","floor":23},{"not_picked":["Body Slam+1","Headbutt+1"],"picked":"Shrug It Off","floor":24},{"not_picked":["Anger+1","Bludgeon+1"],"picked":"Thunderclap+1","floor":27},{"not_picked":["Feel No Pain+1","Warcry"],"picked":"Heavy Blade+1","floor":28},{"not_picked":["Thunderclap+1","Headbutt+1"],"picked":"Armaments","floor":29},{"not_picked":["Ghostly Armor","Thunderclap+1"],"picked":"Reaper+1","floor":30},{"not_picked":["Wild Strike+1","Sword Boomerang+1","Body Slam+1"],"picked":"SKIP","floor":31}],"player_experience":80200,"relics_obtained":[{"floor":3,"key":"Dream Catcher"},{"floor":6,"key":"Molten Egg 2"},{"floor":9,"key":"Smiling Mask"},{"floor":12,"key":"Boot"},{"floor":20,"key":"Red Mask"},{"floor":24,"key":"Regal Pillow"},{"floor":26,"key":"Gremlin Horn"},{"floor":27,"key":"Pear"},{"floor":29,"key":"Anchor"}],"event_choices":[{"event_name":"Shining Light","player_choice":"Entered Light","floor":2,"damage_taken":0},{"event_name":"The Cleric","player_choice":"Card Removal","floor":5,"damage_taken":0},{"event_name":"Bonfire Elementals","player_choice":"UNCOMMON","floor":14,"damage_taken":0},{"event_name":"Masked Bandits","player_choice":"Fought Bandits","floor":20,"damage_taken":0},{"event_name":"Beggar","player_choice":"Gave Gold","floor":22,"damage_taken":0}],"is_beta":false,"boss_relics":[{"not_picked":["Runic Dome","White Beast Statue"],"picked":"Runic Cube"}],"items_purged_floors":[19],"is_endless":false,"potions_floor_spawned":[4,12,13,16,18,20,28,30],"killed_by":"Champ","ascension_level":2}