{"gold_per_floor":[110,185,285,285,299,299,44,56,93,117,129,172,202,225,237,345,357,353,365,397,419,451,463,508,520,583,610,622],"floor_reached":28,"playtime":1511,"items_purged":["Strike_G"],"score":264,"play_id":"00039983-6cd2-45cc-8989-6c571db1fdb0","local_time":"20180822003324","is_ascension_mode":true,"campfire_choices":[{"data":"Neutralize","floor":6,"key":"SMITH"},{"data":"Dash","floor":8,"key":"SMITH"},{"data":"Noxious Fumes","floor":15,"key":"SMITH"},{"floor":23,"key":"REST"},{"floor":25,"key":"REST"}],"neow_cost":"","seed_source_timestamp":507617289869042,"circlet_count":0,"master_deck":["Defend_G","Defend_G","Defend_G","Defend_G","Defend_G","Strike_G","Strike_G","Strike_G","Strike_G","Survivor+1","Neutralize+1","Dash+1","Backflip","Dash","Noxious Fumes+1","Outmaneuver","Catalyst","Decay","Shame","Injury","Prepared+1","Acrobatics"],"relics":["Ring of the Snake","Matryoshka","MawBank","Bag of Marbles","Art of War","Peace Pipe","Calling Bell","Happy Flower","Singing Bowl","The Specimen","Boot","War Paint","Pen Nib"],"potions_floor_usage":[21,22,24],"damage_taken":[{"damage":0,"enemies":"Small Slimes","floor":1,"turns":5},{"damage":3,"enemies":"Jaw Worm","floor":5,"turns":5},{"damage":0,"enemies":"Cultist","floor":10,"turns":3},{"damage":11,"enemies":"Gremlin Nob","floor":12,"turns":6},{"damage":0,"enemies":"Exordium Wildlife","floor":13,"turns":3},{"damage":0,"enemies":"Blue Slaver","floor":14,"turns":3},{"damage":41,"enemies":"Slime Boss","floor":16,"turns":13},{"damage":21,"enemies":"2 Thieves","floor":18,"turns":4},{"damage":13,"enemies":"Shell Parasite","floor":20,"turns":7},{"damage":17,"enemies":"Snecko","floor":21,"turns":7},{"damage":21,"enemies":"Snake Plant","floor":22,"turns":5},{"damage":22,"enemies":"Slavers","floor":24,"turns":6},{"damage":12,"enemies":"Shelled Parasite and Fungi","floor":27,"turns":7},{"damage":24,"enemies":"Snecko","floor":28,"turns":3}],"seed_played":"4672344777670970175","potions_obtained":[{"floor":5,"key":"SneckoOil"},{"floor":12,"key":"GhostInAJar"},{"floor":13,"key":"AttackPotion"},{"floor":16,"key":"Weak Potion"},{"floor":20,"key":"Dexterity Potion"},{"floor":21,"key":"GhostInAJar"},{"floor":22,"key":"GhostInAJar"}],"is_trial":false,"path_per_floor":["M","?","?","T","M","R","$","R","T","M","?","E","M","M","R","B",null,"M","$","M","M","M","R","E","R","T","M"],"character_chosen":"THE_SILENT","items_purchased":["Backflip","MawBank"],"campfire_rested":2,"item_purchase_floors":[7,7],"current_hp_per_floor":[70,59,59,59,56,56,56,56,56,56,70,59,59,59,59,18,70,51,51,38,23,2,24,4,26,26,16,0],"gold":622,"neow_bonus":"","is_prod":false,"is_daily":false,"chose_seed":false,"campfire_upgraded":3,"win_rate":0,"timestamp":1534912404,"path_taken":["M","?","?","?","?","R","$","R","T","M","?","E","M","M","R","BOSS","M","?","M","M","M","R","E","R","T","M","M"],"build_version":"2018-08-16","purchased_purges":1,"victory":false,"max_hp_per_floor":[70,70,70,70,70,70,70,70,70,70,70,70,70,70,70,70,70,72,72,72,74,74,74,76,76,76,78,78],"card_choices":[{"not_picked":["PiercingWail","Blade Dance","Calculated Gamble"],"picked":"SKIP","floor":1},{"not_picked":["Dagger Throw","Bane"],"picked":"Dash","floor":5},{"not_picked":["Terror","Eviscerate"],"picked":"Dash","floor":10},{"not_picked":["Bane","Expertise"],"picked":"Noxious Fumes","floor":12},{"not_picked":["Heel Hook","Poisoned Stab"],"picked":"Outmaneuver","floor":13},{"not_picked":["Wraith Form v2","Prepared"],"picked":"Catalyst","floor":14},{"not_picked":["Dagger Spray+1","Bane","Choke"],"picked":"Singing Bowl","floor":18},{"not_picked":["Dagger Spray+1","Dodge and Roll"],"picked":"Prepared","floor":20},{"not_picked":["Dodge and Roll","Flechettes","Bane"],"picked":"Singing Bowl","floor":21},{"not_picked":["Outmaneuver","Flying Knee"],"picked":"Acrobatics","floor":22},{"not_picked":["Deadly Poison","Phantasmal Killer","Endless Agony"],"picked":"Singing Bowl","floor":24},{"not_picked":["Quick Slash","Predator","Noxious Fumes"],"picked":"Singing Bowl","floor":27}],"player_experience":128705,"relics_obtained":[{"floor":4,"key":"Matryoshka"},{"floor":9,"key":"Bag of Marbles"},{"floor":9,"key":"Art of War"},{"floor":12,"key":"Peace Pipe"},{"floor":17,"key":"Happy Flower"},{"floor":17,"key":"Singing Bowl"},{"floor":17,"key":"The Specimen"},{"floor":24,"key":"Boot"},{"floor":26,"key":"War Paint"},{"floor":26,"key":"Pen Nib"}],"event_choices":[{"event_name":"World of Goop","player_choice":"Gather Gold","floor":2,"damage_taken":0},{"event_name":"Golden Shrine","player_choice":"Pray","floor":3,"damage_taken":0},{"event_name":"Big Fish","player_choice":"Banana","floor":11,"damage_taken":0}],"is_beta":false,"boss_relics":[{"not_picked":["HoveringKite","Runic Dome"],"picked":"Calling Bell"}],"items_purged_floors":[7],"is_endless":false,"potions_floor_spawned":[5,12,13,16,20,21,22],"killed_by":"Snecko","ascension_level":2}