{"gold_per_floor":[111,111,131,281,281,281,314,328,328,344,355,137,164,182,182,258,258,278,193,193,204,204,204,52,52,77,77,77,77,108,27,27,98,98,116,116,133,0,400,433,445,445,445,472,483,483,509,529,529,529,529],"floor_reached":51,"playtime":3682,"items_purged":["Doubt","Pain"],"score":1572,"play_id":"2cbc9d88-48b1-4373-a495-6be4469e89c0","local_time":"20190502231758","is_ascension_mode":true,"campfire_choices":[{"data":"Bash","floor":6.0,"key":"SMITH"},{"data":"Spot Weakness","floor":15.0,"key":"SMITH"},{"data":"Metallicize","floor":23.0,"key":"SMITH"},{"floor":25.0,"key":"REST"},{"data":"Offering","floor":27.0,"key":"SMITH"},{"data":"Disarm","floor":29.0,"key":"SMITH"},{"floor":32,"key":"REST"},{"data":"Corruption","floor":42,"key":"SMITH"},{"floor":49,"key":"RECALL"}],"neow_cost":"NONE","seed_source_timestamp":245289222362684,"circlet_count":0,"master_deck":["AscendersBane","Strike_R","Strike_R","Strike_R","Defend_R","Defend_R","Defend_R+1","Defend_R+1","Bash+1","Metallicize+1","Flame Barrier","Dropkick","Flame Barrier","Spot Weakness+1","Thunderclap","Evolve","Blood for Blood","Offering+1","Reaper","Shrug It Off","Injury","Disarm+1","Sword Boomerang+1","Corruption+1","Dark Embrace","Havoc","Warcry","Dropkick+1","Fiend Fire+1","Havoc+1","Ghostly Armor","Shockwave","Uppercut+1"],"special_seed":0,"relics":["Burning Blood","NeowsBlessing","Ginger","Singing Bowl","Pear","Cursed Key","Oddly Smooth Stone","WarpedTongs","Nilry\u0027s Codex","Molten Egg 2","Orrery","Red Mask","Old Coin","War Paint","Art of War","Juzu Bracelet"],"potions_floor_usage":[45,45,48,51],"damage_taken":[{"damage":0.0,"enemies":"2 Louse","floor":1.0,"turns":1.0},{"damage":0.0,"enemies":"Small Slimes","floor":3.0,"turns":1.0},{"damage":0.0,"enemies":"Lagavulin","floor":7.0,"turns":1.0},{"damage":3.0,"enemies":"Cultist","floor":8.0,"turns":4.0},{"damage":9.0,"enemies":"Large Slime","floor":10.0,"turns":8.0},{"damage":8.0,"enemies":"Looter","floor":11.0,"turns":4.0},{"damage":23.0,"enemies":"3 Sentries","floor":13.0,"turns":11.0},{"damage":10.0,"enemies":"Blue Slaver","floor":14.0,"turns":4.0},{"damage":40.0,"enemies":"Hexaghost","floor":16.0,"turns":9.0},{"damage":30.0,"enemies":"Chosen","floor":18.0,"turns":5.0},{"damage":27.0,"enemies":"Spheric Guardian","floor":21.0,"turns":7.0},{"damage":21,"enemies":"Book of Stabbing","floor":30,"turns":5},{"damage":29,"enemies":"Collector","floor":33,"turns":6},{"damage":79,"enemies":"3 Darklings","floor":35,"turns":11},{"damage":6,"enemies":"Orb Walker","floor":37,"turns":4},{"damage":11,"enemies":"Mind Bloom Boss Battle","floor":39,"turns":8},{"damage":23,"enemies":"Nemesis","floor":40,"turns":5},{"damage":17,"enemies":"3 Darklings","floor":41,"turns":5},{"damage":24,"enemies":"Giant Head","floor":44,"turns":5},{"damage":41,"enemies":"Transient","floor":45,"turns":6},{"damage":14,"enemies":"Nemesis","floor":47,"turns":11},{"damage":63,"enemies":"Sphere and 2 Shapes","floor":48,"turns":8},{"damage":33,"enemies":"Time Eater","floor":50,"turns":10},{"damage":55,"enemies":"Awakened One","floor":51,"turns":4}],"seed_played":"5128119342902355487","potions_obtained":[{"floor":3.0,"key":"Poison Potion"},{"floor":10.0,"key":"EssenceOfSteel"},{"floor":13.0,"key":"Poison Potion"},{"floor":16.0,"key":"Fire Potion"},{"floor":18.0,"key":"Weak Potion"},{"floor":45,"key":"Poison Potion"},{"floor":47,"key":"Regen Potion"}],"is_trial":false,"path_per_floor":["M","?","M","?","?","R","E","M","T","M","M","$","E","M","R","B",null,"M","?","?","M","?","R","$","R","T","R","?","R","E","$","R","B",null,"M","?","M","?","?","E","M","R","T","E","M","?","E","M","R","B","B"],"character_chosen":"IRONCLAD","items_purchased":["Spot Weakness","Thunderclap","Shrug It Off","Corruption"],"campfire_rested":2,"item_purchase_floors":[12,12,24,31],"current_hp_per_floor":[74,67,73,73,78,78,80,80,80,77,77,77,70,66,66,32,77,55,55,55,34,13,13,13,41,41,41,41,41,39,39,67,83,97,90,90,97,97,97,97,99,99,99,81,76,76,85,59,59,50,0],"gold":529,"neow_bonus":"THREE_ENEMY_KILL","is_prod":false,"is_daily":false,"chose_seed":false,"campfire_upgraded":6,"win_rate":0,"timestamp":1556853478,"path_taken":["M","?","M","?","?","R","E","M","T","M","M","$","E","M","R","BOSS","M","?","?","?","?","R","$","R","T","R","?","R","E","$","R","BOSS","M","?","M","?","?","E","M","R","T","E","M","?","E","M","R","BOSS","BOSS"],"build_version":"2019-01-23","purchased_purges":2,"victory":false,"max_hp_per_floor":[75,75,75,75,80,80,80,80,80,80,82,82,92,92,92,92,92,94,94,94,94,94,94,94,94,94,94,94,94,94,94,94,94,100,102,97,97,97,97,97,99,99,99,99,99,99,101,103,103,103,103],"card_choices":[{"not_picked":["Thunderclap","Clash"],"picked":"Metallicize","floor":1.0},{"not_picked":["Burning Pact","Dual Wield"],"picked":"Flame Barrier","floor":3.0},{"not_picked":["Power Through","Havoc","Searing Blow"],"picked":"SKIP","floor":7.0},{"not_picked":["Headbutt","Iron Wave"],"picked":"Dropkick","floor":8.0},{"not_picked":["Heavy Blade","Shrug It Off"],"picked":"Flame Barrier","floor":10.0},{"not_picked":["Double Tap","Body Slam","Perfected Strike"],"picked":"Singing Bowl","floor":11.0},{"not_picked":["Warcry","Cleave"],"picked":"Evolve","floor":13.0},{"not_picked":["Hemokinesis","Bloodletting"],"picked":"Blood for Blood","floor":14.0},{"not_picked":["Berserk","Fiend Fire"],"picked":"Offering","floor":16.0},{"not_picked":["Twin Strike","Thunderclap","Iron Wave"],"picked":"Singing Bowl","floor":18.0},{"not_picked":["Wild Strike+1","True Grit"],"picked":"Reaper","floor":21.0},{"not_picked":["Carnage","Power Through"],"picked":"Sword Boomerang+1","floor":30},{"not_picked":["Brutality","Offering"],"picked":"Dark Embrace","floor":33},{"not_picked":["Wild Strike+1","Flex","Blood for Blood+1"],"picked":"Singing Bowl","floor":34},{"not_picked":["Pommel Strike+1","Blood for Blood+1"],"picked":"Havoc","floor":34},{"not_picked":["Clash+1","Combust","Hemokinesis+1"],"picked":"Singing Bowl","floor":34},{"not_picked":["Wild Strike+1","Inflame"],"picked":"Warcry","floor":34},{"not_picked":["Ghostly Armor","Iron Wave+1","Cleave+1"],"picked":"Singing Bowl","floor":34},{"not_picked":["Flex","Headbutt+1","Fire Breathing"],"picked":"Singing Bowl","floor":35},{"not_picked":["Thunderclap+1","Sword Boomerang+1"],"picked":"Dropkick+1","floor":37},{"not_picked":["Clothesline+1","True Grit"],"picked":"Fiend Fire+1","floor":39},{"not_picked":["Twin Strike+1","Inflame"],"picked":"Havoc+1","floor":40},{"not_picked":["Clothesline+1","Twin Strike+1","Heavy Blade+1"],"picked":"Singing Bowl","floor":41},{"not_picked":["Intimidate+1","Pummel+1"],"picked":"Ghostly Armor","floor":44},{"not_picked":["Shrug It Off+1","Thunderclap+1"],"picked":"Shockwave","floor":45},{"not_picked":["Flex","Clash+1","Anger+1"],"picked":"Singing Bowl","floor":47},{"not_picked":["Heavy Blade+1","Pommel Strike+1","Twin Strike+1"],"picked":"Singing Bowl","floor":48}],"player_experience":1136062,"relics_obtained":[{"floor":7.0,"key":"Ginger"},{"floor":9.0,"key":"Singing Bowl"},{"floor":13.0,"key":"Pear"},{"floor":22.0,"key":"Nilry\u0027s Codex"},{"floor":30,"key":"Molten Egg 2"},{"floor":39,"key":"Old Coin"},{"floor":40,"key":"War Paint"},{"floor":44,"key":"Art of War"},{"floor":47,"key":"Juzu Bracelet"}],"event_choices":[{"cards_removed":["Strike_R"],"damage_healed":0.0,"max_hp_gain":0.0,"max_hp_loss":0.0,"gold_gain":0.0,"event_name":"Golden Wing","player_choice":"Card Removal","floor":2.0,"gold_loss":0.0,"damage_taken":7.0},{"damage_healed":0.0,"max_hp_gain":0.0,"max_hp_loss":0.0,"gold_gain":150.0,"event_name":"Liars Game","player_choice":"AGREE","floor":4.0,"gold_loss":0.0,"damage_taken":0.0,"cards_obtained":["Doubt"]},{"damage_healed":0.0,"max_hp_gain":5.0,"max_hp_loss":0.0,"gold_gain":0.0,"event_name":"Big Fish","player_choice":"Donut","floor":5.0,"gold_loss":0.0,"damage_taken":0.0},{"damage_healed":0.0,"max_hp_gain":0.0,"max_hp_loss":0.0,"gold_gain":0.0,"event_name":"Addict","player_choice":"Obtained Relic","floor":19.0,"gold_loss":85.0,"damage_taken":0.0,"relics_obtained":["Oddly Smooth Stone"]},{"damage_healed":0.0,"max_hp_gain":0.0,"max_hp_loss":0.0,"gold_gain":0.0,"event_name":"Accursed Blacksmith","player_choice":"Rummage","floor":20.0,"gold_loss":0.0,"damage_taken":0.0,"relics_obtained":["WarpedTongs"],"cards_obtained":["Pain"]},{"damage_healed":0.0,"max_hp_gain":0.0,"max_hp_loss":0.0,"gold_gain":0.0,"event_name":"Cursed Tome","player_choice":"Obtained Book","floor":22.0,"gold_loss":0.0,"damage_taken":21.0},{"damage_healed":0.0,"max_hp_gain":0.0,"max_hp_loss":0.0,"gold_gain":0.0,"event_name":"The Library","player_choice":"Read","floor":28.0,"gold_loss":0.0,"damage_taken":0.0,"cards_obtained":["Disarm"]},{"damage_healed":0,"gold_gain":0,"player_choice":"Max HP","damage_taken":0,"max_hp_gain":0,"max_hp_loss":5,"event_name":"Winding Halls","floor":36,"gold_loss":0},{"damage_healed":0,"gold_gain":0,"player_choice":"Paid","damage_taken":0,"relics_obtained":["Red Mask"],"max_hp_gain":0,"max_hp_loss":0,"event_name":"Tomb of Lord Red Mask","floor":38,"gold_loss":133},{"damage_healed":0,"gold_gain":0,"player_choice":"Fight","damage_taken":0,"max_hp_gain":0,"max_hp_loss":0,"event_name":"MindBloom","floor":39,"gold_loss":0},{"damage_healed":0,"gold_gain":0,"cards_transformed":["Strike_R"],"player_choice":"Transformed","damage_taken":0,"max_hp_gain":0,"max_hp_loss":0,"event_name":"Transmorgrifier","floor":46,"gold_loss":0,"cards_obtained":["Uppercut"]}],"is_beta":false,"boss_relics":[{"not_picked":["Lizard Tail","Tiny House"],"picked":"Cursed Key"},{"not_picked":["White Beast Statue","Philosopher\u0027s Stone"],"picked":"Orrery"}],"items_purged_floors":[12,24],"is_endless":false,"potions_floor_spawned":[3,10,11,13,16,18,33,35,37,45,47],"killed_by":"Awakened One","ascension_level":20}