{"gold_per_floor":[115,115,2,20,20,58,58,101,124,124],"floor_reached":10,"playtime":226,"items_purged":[],"score":198,"play_id":"698da6fd-472e-4dd2-851f-e7a5a82d771f","local_time":"20190502221435","is_ascension_mode":true,"campfire_choices":[{"data":"Bash","floor":7,"key":"SMITH"}],"neow_cost":"NONE","seed_source_timestamp":245052392232651,"circlet_count":0,"master_deck":["AscendersBane","Strike_R","Strike_R","Strike_R","Strike_R","Strike_R","Defend_R","Defend_R+1","Defend_R","Defend_R+1","Bash+1","Wild Strike","Iron Wave","Thunderclap","Uppercut","Feel No Pain"],"relics":["Burning Blood","NeowsBlessing","Golden Idol","War Paint","Magic Flower","Anchor"],"potions_floor_usage":[],"damage_taken":[{"damage":0,"enemies":"Small Slimes","floor":1,"turns":1},{"damage":0,"enemies":"2 Louse","floor":4,"turns":1},{"damage":0,"enemies":"Lagavulin","floor":6,"turns":1},{"damage":31,"enemies":"3 Sentries","floor":8,"turns":8},{"damage":44,"enemies":"Lagavulin","floor":10,"turns":5}],"seed_played":"-5901487878587132686","potions_obtained":[{"floor":4,"key":"LiquidBronze"},{"floor":8,"key":"Energy Potion"}],"is_trial":false,"path_per_floor":["M","?","$","M","?","E","R","E","T","E"],"character_chosen":"IRONCLAD","items_purchased":["Iron Wave","Thunderclap"],"campfire_rested":0,"item_purchase_floors":[3,3],"current_hp_per_floor":[74,48,48,54,59,65,65,40,40,0],"gold":124,"neow_bonus":"THREE_ENEMY_KILL","is_prod":false,"is_daily":false,"chose_seed":false,"campfire_upgraded":1,"win_rate":0,"timestamp":1556849675,"path_taken":["M","?","$","M","?","E","R","E","T","E"],"build_version":"2019-01-23","purchased_purges":0,"victory":false,"max_hp_per_floor":[75,75,75,75,80,80,80,80,80,80],"card_choices":[{"not_picked":["Armaments","Power Through"],"picked":"Wild Strike","floor":1},{"not_picked":["Hemokinesis","Sentinel","Heavy Blade"],"picked":"SKIP","floor":4},{"not_picked":["Dropkick","Flex"],"picked":"Uppercut","floor":6},{"not_picked":["Twin Strike","Fire Breathing"],"picked":"Feel No Pain","floor":8}],"player_experience":1135836,"relics_obtained":[{"floor":6,"key":"War Paint"},{"floor":8,"key":"Magic Flower"},{"floor":9,"key":"Anchor"}],"event_choices":[{"damage_healed":0,"gold_gain":0,"player_choice":"Take Damage","damage_taken":26,"relics_obtained":["Golden Idol"],"max_hp_gain":0,"max_hp_loss":0,"event_name":"Golden Idol","floor":2,"gold_loss":0},{"damage_healed":0,"gold_gain":0,"player_choice":"Donut","damage_taken":0,"max_hp_gain":5,"max_hp_loss":0,"event_name":"Big Fish","floor":5,"gold_loss":0}],"is_beta":false,"boss_relics":[],"items_purged_floors":[],"is_endless":false,"potions_floor_spawned":[4,8],"killed_by":"Lagavulin","ascension_level":20}