{"gold_per_floor":[110,122,197,11,30,30,62,62,62,62,88,115,138,165,177,189],"floor_reached":16,"playtime":867,"items_purged":["Strike_R"],"score":220,"play_id":"2e1c10dd-06c7-4f35-b589-0f1a5ed0083a","local_time":"20190308224102","is_ascension_mode":true,"campfire_choices":[{"data":"True Grit","floor":6,"key":"SMITH"},{"data":"Metallicize","floor":8,"key":"SMITH"},{"floor":10,"key":"REST"},{"data":"Feed","floor":15,"key":"SMITH"}],"neow_cost":"TEN_PERCENT_HP_LOSS","seed_source_timestamp":9081516986613,"circlet_count":0,"master_deck":["AscendersBane","Strike_R","Strike_R","Strike_R","Strike_R","Defend_R","Defend_R","Defend_R","Defend_R","Bash","Spot Weakness","Thunderclap","True Grit+1","Metallicize+1","Flame Barrier","Uppercut","Feed+1","Headbutt"],"relics":["Burning Blood","Gambling Chip","Magic Flower","Mercury Hourglass","Odd Mushroom","MawBank"],"potions_floor_usage":[7,12],"damage_taken":[{"damage":12,"enemies":"2 Louse","floor":1,"turns":3},{"damage":6,"enemies":"Jaw Worm","floor":2,"turns":6},{"damage":2,"enemies":"Cultist","floor":5,"turns":5},{"damage":30,"enemies":"3 Sentries","floor":7,"turns":9},{"damage":2,"enemies":"The Mushroom Lair","floor":11,"turns":4},{"damage":14,"enemies":"Gremlin Nob","floor":12,"turns":5},{"damage":14,"enemies":"Large Slime","floor":13,"turns":6},{"damage":5,"enemies":"Looter","floor":14,"turns":4},{"damage":64,"enemies":"Hexaghost","floor":16,"turns":11}],"seed_played":"-2474066749317588465","potions_obtained":[{"floor":1,"key":"SteroidPotion"},{"floor":11,"key":"Weak Potion"}],"is_trial":false,"path_per_floor":["M","M","?","$","M","R","E","R","T","R","?","E","M","M","R","B"],"character_chosen":"IRONCLAD","items_purchased":["Fire Potion","True Grit"],"campfire_rested":1,"item_purchase_floors":[4,4],"current_hp_per_floor":[62,62,51,51,55,55,31,31,31,51,58,53,53,62,62,0],"gold":189,"neow_bonus":"ONE_RARE_RELIC","is_prod":false,"is_daily":false,"chose_seed":false,"campfire_upgraded":3,"win_rate":0,"timestamp":1552102862,"path_taken":["M","M","?","$","M","R","E","R","T","R","?","E","M","M","R","BOSS"],"build_version":"2019-01-23","purchased_purges":1,"victory":false,"max_hp_per_floor":[68,68,68,68,68,68,68,68,68,68,68,68,71,74,74,74],"card_choices":[{"not_picked":["Heavy Blade","Iron Wave"],"picked":"Spot Weakness","floor":1},{"not_picked":["Sentinel","Body Slam"],"picked":"Thunderclap","floor":2},{"not_picked":["Thunderclap","Havoc"],"picked":"Metallicize","floor":5},{"not_picked":["Metallicize","Anger"],"picked":"Flame Barrier","floor":7},{"not_picked":["Twin Strike","Cleave"],"picked":"Uppercut","floor":11},{"not_picked":["Rupture","Second Wind"],"picked":"Feed","floor":12},{"not_picked":["Wild Strike","Sever Soul","Hemokinesis"],"picked":"SKIP","floor":13},{"not_picked":["Anger","Spot Weakness"],"picked":"Headbutt","floor":14}],"player_experience":818006,"relics_obtained":[{"floor":7,"key":"Magic Flower"},{"floor":9,"key":"Mercury Hourglass"},{"floor":11,"key":"Odd Mushroom"},{"floor":12,"key":"MawBank"}],"event_choices":[{"damage_healed":0,"gold_gain":75,"player_choice":"Gather Gold","damage_taken":11,"max_hp_gain":0,"max_hp_loss":0,"event_name":"World of Goop","floor":3,"gold_loss":0},{"damage_healed":0,"gold_gain":0,"player_choice":"Fought Mushrooms","damage_taken":0,"max_hp_gain":0,"max_hp_loss":0,"event_name":"Mushrooms","floor":11,"gold_loss":0}],"is_beta":false,"boss_relics":[],"items_purged_floors":[4],"is_endless":false,"potions_floor_spawned":[1,5,11],"killed_by":"Hexaghost","ascension_level":20}