{"gold_per_floor":[112,126,142,86,86,117,117,117,188,222,244,262,20,31,31,107,107,118,135,135,58,58,84,84,84,109,124,124,142,67,67],"floor_reached":31,"playtime":1384,"items_purged":["Strike_G"],"score":526,"play_id":"671d9051-ec9b-4ce8-a614-32a3bab662e5","local_time":"20190309011457","is_ascension_mode":true,"campfire_choices":[{"floor":8,"key":"REST"},{"floor":15,"key":"REST"},{"data":"Caltrops","floor":25,"key":"SMITH"},{"floor":28,"key":"REST"}],"neow_cost":"NONE","seed_source_timestamp":17799377108882,"circlet_count":0,"master_deck":["AscendersBane","Defend_G","Defend_G","Defend_G","Defend_G","Survivor","Neutralize","Dagger Spray","Finisher","Escape Plan","Blade Dance+1","Cloak And Dagger","Caltrops+1","Noxious Fumes","Die Die Die","Quick Slash+1","Burst+1","Bullet Time+1","Noxious Fumes","Leg Sweep","PiercingWail","Backflip","Cloak And Dagger"],"relics":["Ring of the Snake","Anchor","Juzu Bracelet","Strawberry","Letter Opener","Ornamental Fan","Odd Mushroom","Oddly Smooth Stone","Astrolabe","Regal Pillow","Orichalcum"],"potions_floor_usage":[16,23,23,29],"damage_taken":[{"damage":1,"enemies":"Cultist","floor":1,"turns":4},{"damage":0,"enemies":"2 Louse","floor":2,"turns":2},{"damage":0,"enemies":"Small Slimes","floor":3,"turns":2},{"damage":30,"enemies":"Lagavulin","floor":6,"turns":7},{"damage":17,"enemies":"3 Sentries","floor":10,"turns":9},{"damage":1,"enemies":"The Mushroom Lair","floor":11,"turns":4},{"damage":0,"enemies":"Blue Slaver","floor":12,"turns":2},{"damage":1,"enemies":"Looter","floor":14,"turns":3},{"damage":41,"enemies":"Slime Boss","floor":16,"turns":11},{"damage":0,"enemies":"Chosen","floor":18,"turns":3},{"damage":3,"enemies":"2 Thieves","floor":19,"turns":3},{"damage":18,"enemies":"Gremlin Leader","floor":23,"turns":5},{"damage":8,"enemies":"Snecko","floor":27,"turns":5},{"damage":38,"enemies":"Cultist and Chosen","floor":29,"turns":7},{"damage":33,"enemies":"Slavers","floor":31,"turns":3}],"seed_played":"-124879585477107218","potions_obtained":[{"floor":2,"key":"Energy Potion"},{"floor":10,"key":"GhostInAJar"},{"floor":16,"key":"Swift Potion"},{"floor":27,"key":"Regen Potion"}],"is_trial":false,"path_per_floor":["M","M","M","$","?","E","?","R","T","E","?","M","$","M","R","B",null,"M","M","?","$","?","E","?","R","T","M","R","M","?","E"],"character_chosen":"THE_SILENT","items_purchased":["Blade Dance","Oddly Smooth Stone","Leg Sweep"],"campfire_rested":3,"item_purchase_floors":[4,13,21],"current_hp_per_floor":[58,58,58,58,58,28,24,45,45,28,27,27,27,26,47,6,56,56,53,46,46,46,28,28,28,28,20,56,33,33,0],"gold":67,"neow_bonus":"RANDOM_COMMON_RELIC","is_prod":false,"is_daily":false,"chose_seed":false,"campfire_upgraded":1,"win_rate":0,"timestamp":1552112097,"path_taken":["M","?","M","?","?","E","?","R","T","E","?","M","$","M","R","BOSS","M","M","?","?","?","E","?","R","T","M","R","M","?","E"],"build_version":"2019-01-23","purchased_purges":1,"victory":false,"max_hp_per_floor":[66,66,66,66,66,66,73,73,73,73,73,73,73,73,73,73,73,73,73,73,73,73,73,73,73,73,73,73,73,73,73],"card_choices":[{"not_picked":["Accuracy","Bane"],"picked":"Dagger Spray","floor":1},{"not_picked":["Backstab","Cloak And Dagger"],"picked":"Finisher","floor":2},{"not_picked":["Flying Knee","Slice"],"picked":"Escape Plan","floor":3},{"not_picked":["Doppelganger","Dodge and Roll"],"picked":"Cloak And Dagger","floor":6},{"not_picked":["Acrobatics","Endless Agony"],"picked":"Caltrops","floor":10},{"not_picked":["Deadly Poison","Flechettes","Flying Knee"],"picked":"SKIP","floor":12},{"not_picked":["Deadly Poison","Flechettes","Flying Knee"],"picked":"SKIP","floor":12},{"not_picked":["Backflip","Dash"],"picked":"Noxious Fumes","floor":14},{"not_picked":["Glass Knife","Bullet Time"],"picked":"Die Die Die","floor":16},{"not_picked":["Choke","Dash+1","Dagger Throw"],"picked":"SKIP","floor":18},{"not_picked":["Deflect","Finisher"],"picked":"Noxious Fumes","floor":19},{"not_picked":["Dagger Throw","Deflect"],"picked":"PiercingWail","floor":23},{"not_picked":["Slice","Bane"],"picked":"Cloak And Dagger","floor":27},{"not_picked":["Bane","Tactician+1","Dodge and Roll"],"picked":"SKIP","floor":29}],"player_experience":825177,"relics_obtained":[{"floor":6,"key":"Juzu Bracelet"},{"floor":9,"key":"Letter Opener"},{"floor":10,"key":"Ornamental Fan"},{"floor":11,"key":"Odd Mushroom"},{"floor":23,"key":"Regal Pillow"},{"floor":26,"key":"Orichalcum"}],"event_choices":[{"damage_healed":0,"gold_gain":0,"player_choice":"Grow","damage_taken":0,"max_hp_gain":0,"max_hp_loss":0,"event_name":"Living Wall","floor":5,"gold_loss":0,"cards_upgraded":["Blade Dance"]},{"damage_healed":0,"gold_gain":0,"player_choice":"Success","damage_taken":11,"relics_obtained":["Strawberry"],"max_hp_gain":0,"max_hp_loss":0,"event_name":"Scrap Ooze","floor":7,"gold_loss":0},{"damage_healed":0,"gold_gain":0,"player_choice":"Fought Mushrooms","damage_taken":0,"max_hp_gain":0,"max_hp_loss":0,"event_name":"Mushrooms","floor":11,"gold_loss":0},{"damage_healed":0,"gold_gain":0,"player_choice":"","damage_taken":7,"max_hp_gain":0,"max_hp_loss":0,"event_name":"Knowing Skull","floor":20,"potions_obtained":[],"gold_loss":0,"cards_obtained":[]},{"cards_removed":["Strike_G"],"damage_healed":0,"gold_gain":0,"player_choice":"Offered Basic","damage_taken":0,"max_hp_gain":0,"max_hp_loss":0,"event_name":"Bonfire Elementals","floor":22,"gold_loss":0},{"damage_healed":0,"gold_gain":0,"player_choice":"Read","damage_taken":0,"max_hp_gain":0,"max_hp_loss":0,"event_name":"The Library","floor":24,"gold_loss":0,"cards_obtained":["Backflip"]},{"cards_removed":["Defend_G"],"damage_healed":0,"gold_gain":0,"player_choice":"Gave Gold","damage_taken":0,"max_hp_gain":0,"max_hp_loss":0,"event_name":"Beggar","floor":30,"gold_loss":75}],"is_beta":false,"boss_relics":[{"not_picked":["Lizard Tail","Runic Dome"],"picked":"Astrolabe"}],"items_purged_floors":[13],"is_endless":false,"potions_floor_spawned":[2,10,16,19,27],"killed_by":"Slavers","ascension_level":20}