{"gold_per_floor":[368,368,382,402,49,49,81,93,129,169,20,39,114,142,142,219,219,231,247,247,263,124,124,155,155,155,166,166,194,194,228,228,299,299,317,332,350,350,370,398,415,441,441,472,98,108,108,136,136,136,136,136,136,50,82,82],"floor_reached":57,"playtime":4914,"items_purged":["Writhe","Bash+1"],"score":3771,"play_id":"223c0028-c276-41d0-8682-e313e78b21f2","local_time":"20190503220255","is_ascension_mode":true,"campfire_choices":[{"data":"Immolate","floor":6.0,"key":"SMITH"},{"data":"Bash","floor":8.0,"key":"SMITH"},{"data":"Body Slam","floor":15.0,"key":"SMITH"},{"data":"Feed","floor":23.0,"key":"SMITH"},{"data":"Uppercut","floor":28.0,"key":"SMITH"},{"data":"Pommel Strike","floor":30.0,"key":"SMITH"},{"data":"Offering","floor":32.0,"key":"SMITH"},{"floor":47.0,"key":"RECALL"},{"floor":49.0,"key":"REST"},{"floor":53.0,"key":"REST"}],"neow_cost":"CURSE","seed_source_timestamp":325829928262977,"circlet_count":0,"master_deck":["AscendersBane","Offering+1","Headbutt","Immolate+1","Shrug It Off+1","Impervious+1","Flame Barrier+1","Body Slam+1","Exhume+1","Anger","Demon Form+1","Evolve+1","Feed+1","Fire Breathing+1","Pommel Strike+1","Rupture+1","Double Tap+1","Warcry+1","Battle Trance+1","True Grit+1","Uppercut+1","Shockwave+1","Barricade+1","Brutality+1","Shockwave+1","Rupture+1","Sentinel+1","Demon Form+1","Shrug It Off+1","Warcry+1","Feel No Pain+1"],"special_seed":0,"relics":["Burning Blood","Toxic Egg 2","MawBank","Lantern","Frozen Egg 2","PreservedInsect","Mummified Hand","Pandora\u0027s Box","MutagenicStrength","Dodecahedron","Oddly Smooth Stone","Sozu","Centennial Puzzle","Question Card","Bottled Lightning","Shuriken","OrangePellets","Self Forming Clay","Anchor"],"potions_floor_usage":[56,56],"damage_taken":[{"damage":0.0,"enemies":"2 Louse","floor":1.0,"turns":4.0},{"damage":7.0,"enemies":"Cultist","floor":3.0,"turns":3.0},{"damage":7.0,"enemies":"Small Slimes","floor":4.0,"turns":4.0},{"damage":31.0,"enemies":"Lagavulin","floor":7.0,"turns":5.0},{"damage":6.0,"enemies":"Gremlin Nob","floor":10.0,"turns":2.0},{"damage":0.0,"enemies":"Looter","floor":12.0,"turns":3.0},{"damage":6.0,"enemies":"3 Sentries","floor":14.0,"turns":2.0},{"damage":33.0,"enemies":"Hexaghost","floor":16.0,"turns":9.0},{"damage":0.0,"enemies":"3 Byrds","floor":18.0,"turns":1.0},{"damage":10.0,"enemies":"Shell Parasite","floor":19.0,"turns":3.0},{"damage":6.0,"enemies":"Snake Plant","floor":21.0,"turns":2.0},{"damage":26.0,"enemies":"Book of Stabbing","floor":24.0,"turns":4.0},{"damage":7.0,"enemies":"3 Cultists","floor":27.0,"turns":5.0},{"damage":0.0,"enemies":"Gremlin Leader","floor":29.0,"turns":4.0},{"damage":6.0,"enemies":"Slavers","floor":31.0,"turns":1.0},{"damage":6.0,"enemies":"Champ","floor":33.0,"turns":17.0},{"damage":2.0,"enemies":"Orb Walker","floor":35.0,"turns":3.0},{"damage":20.0,"enemies":"3 Shapes","floor":36.0,"turns":8.0},{"damage":11.0,"enemies":"Transient","floor":37.0,"turns":6.0},{"damage":4.0,"enemies":"Spire Growth","floor":39.0,"turns":5.0},{"damage":14.0,"enemies":"Nemesis","floor":40.0,"turns":9.0},{"damage":4.0,"enemies":"Jaw Worm Horde","floor":41.0,"turns":3.0},{"damage":31.0,"enemies":"Reptomancer","floor":42.0,"turns":5.0},{"damage":6.0,"enemies":"Nemesis","floor":44.0,"turns":1.0},{"damage":6.0,"enemies":"Maw","floor":46.0,"turns":1.0},{"damage":11.0,"enemies":"Reptomancer","floor":48.0,"turns":6.0},{"damage":11.0,"enemies":"Donu and Deca","floor":50.0,"turns":6.0},{"damage":10.0,"enemies":"Time Eater","floor":51.0,"turns":5.0},{"damage":6,"enemies":"Shield and Spear","floor":55,"turns":3},{"damage":18,"enemies":"The Heart","floor":56,"turns":7}],"seed_played":"-9135859145075321364","potions_obtained":[{"floor":3.0,"key":"Fire Potion"},{"floor":4.0,"key":"FearPotion"},{"floor":12.0,"key":"Poison Potion"},{"floor":18.0,"key":"SteroidPotion"},{"floor":31.0,"key":"Dexterity Potion"}],"is_trial":false,"path_per_floor":["M","?","M","M","$","R","E","R","T","E","$","M","?","E","R","B",null,"M","M","?","M","$","R","E","?","T","M","R","E","R","E","R","B",null,"M","M","M","?","M","E","M","E","T","E","$","M","R","E","R","B","B",null,"R","$","E","B",null],"character_chosen":"IRONCLAD","items_purchased":["Toxic Egg 2","PreservedInsect","Battle Trance+1","True Grit+1","OrangePellets","Shrug It Off+1","Feel No Pain+1"],"campfire_rested":2,"item_purchase_floors":[5,11,22,22,45,45,54],"current_hp_per_floor":[74,74,73,72,72,72,47,47,47,47,47,53,42,42,42,15,60,66,65,65,68,68,68,52,52,52,59,59,69,69,69,69,73,94,102,96,91,91,97,93,99,78,78,82,82,86,86,85,127,126,126,143,149,149,157,145],"gold":82,"neow_bonus":"TWO_FIFTY_GOLD","is_prod":false,"is_daily":false,"chose_seed":false,"campfire_upgraded":7,"win_rate":0,"timestamp":1556935375,"path_taken":["M","?","M","M","$","R","E","R","T","E","$","?","?","E","R","BOSS","M","M","?","M","$","R","E","?","T","M","R","E","R","E","R","BOSS","M","M","M","?","M","E","M","E","T","E","$","M","R","E","R","BOSS","BOSS","R","$","E","BOSS"],"build_version":"2019-01-23","purchased_purges":2,"victory":true,"max_hp_per_floor":[75,75,75,75,75,75,75,75,75,75,75,75,75,75,75,75,75,75,78,78,81,81,81,85,85,85,93,93,97,97,97,97,101,101,105,113,113,113,117,121,125,129,129,133,133,137,137,141,141,145,149,149,149,149,157,157],"card_choices":[{"not_picked":["Havoc","Pummel"],"picked":"Thunderclap","floor":1.0},{"not_picked":["Entrench","Body Slam"],"picked":"Headbutt","floor":3.0},{"not_picked":["Headbutt","Heavy Blade"],"picked":"Immolate","floor":4.0},{"not_picked":["Seeing Red+1","Armaments+1"],"picked":"Shrug It Off+1","floor":7.0},{"not_picked":["Flex+1","Reckless Charge"],"picked":"Impervious+1","floor":10.0},{"not_picked":["True Grit+1","Perfected Strike"],"picked":"Flame Barrier+1","floor":12.0},{"not_picked":["Sword Boomerang","Bloodletting+1"],"picked":"Body Slam","floor":14.0},{"not_picked":["Impervious+1","Offering+1"],"picked":"Exhume+1","floor":16.0},{"not_picked":["Sword Boomerang","Body Slam","Second Wind+1"],"picked":"SKIP","floor":18.0},{"not_picked":["Dropkick","Twin Strike"],"picked":"Warcry+1","floor":19.0},{"not_picked":["Clash","Iron Wave","Perfected Strike+1"],"picked":"SKIP","floor":21.0},{"not_picked":["Cleave","Infernal Blade+1"],"picked":"Uppercut","floor":24.0},{"not_picked":["Pummel+1","Pommel Strike","Body Slam"],"picked":"SKIP","floor":27.0},{"not_picked":["True Grit+1","Blood for Blood"],"picked":"Shockwave+1","floor":29.0},{"not_picked":["Iron Wave","Dropkick"],"picked":"Barricade+1","floor":31.0},{"not_picked":["Dark Embrace+1","Immolate"],"picked":"Brutality+1","floor":33.0},{"not_picked":["Pummel","Blood for Blood"],"picked":"Shockwave+1","floor":35.0},{"not_picked":["True Grit+1","Inflame+1"],"picked":"Rupture+1","floor":36.0},{"not_picked":["Seeing Red+1","Cleave","Twin Strike"],"picked":"SKIP","floor":37.0},{"not_picked":["Heavy Blade+1","Armaments+1","Wild Strike"],"picked":"SKIP","floor":39.0},{"not_picked":["True Grit+1","Shockwave+1"],"picked":"Demon Form+1","floor":40.0},{"not_picked":["Rage+1","Iron Wave","Cleave"],"picked":"SKIP","floor":41.0},{"not_picked":["Pommel Strike","Hemokinesis","Thunderclap"],"picked":"SKIP","floor":42.0},{"not_picked":["Carnage","Searing Blow","Iron Wave+1","Whirlwind+1"],"picked":"SKIP","floor":44.0},{"not_picked":["Berserk+1","Carnage","Rage+1"],"picked":"Warcry+1","floor":46.0},{"not_picked":["Thunderclap","Sword Boomerang","Anger","Armaments+1"],"picked":"SKIP","floor":48.0},{"not_picked":["Wild Strike","Bludgeon","Reckless Charge","Armaments+1"],"picked":"SKIP","floor":55}],"player_experience":1161443,"relics_obtained":[{"floor":7.0,"key":"MawBank"},{"floor":9.0,"key":"Lantern"},{"floor":10.0,"key":"Frozen Egg 2"},{"floor":14.0,"key":"Mummified Hand"},{"floor":24.0,"key":"Dodecahedron"},{"floor":31.0,"key":"Oddly Smooth Stone"},{"floor":40.0,"key":"Centennial Puzzle"},{"floor":42.0,"key":"Question Card"},{"floor":43.0,"key":"Bottled Lightning"},{"floor":44.0,"key":"Shuriken"},{"floor":48.0,"key":"Self Forming Clay"},{"floor":55,"key":"Anchor"}],"event_choices":[{"damage_healed":0.0,"max_hp_gain":0.0,"max_hp_loss":0.0,"gold_gain":0.0,"cards_transformed":["Strike_R"],"event_name":"Transmorgrifier","player_choice":"Transformed","floor":2.0,"gold_loss":0.0,"damage_taken":0.0,"cards_obtained":["Offering"]},{"damage_healed":0.0,"max_hp_gain":0.0,"max_hp_loss":0.0,"gold_gain":75.0,"event_name":"World of Goop","player_choice":"Gather Gold","floor":13.0,"gold_loss":0.0,"damage_taken":11.0},{"damage_healed":0.0,"max_hp_gain":0.0,"max_hp_loss":0.0,"gold_gain":0.0,"event_name":"Drug Dealer","player_choice":"Inject Mutagens","floor":20.0,"gold_loss":0.0,"damage_taken":0.0,"relics_obtained":["MutagenicStrength"]},{"damage_healed":0.0,"max_hp_gain":0.0,"max_hp_loss":0.0,"gold_gain":0.0,"event_name":"The Mausoleum","player_choice":"Ignored","floor":25.0,"gold_loss":0.0,"damage_taken":0.0},{"damage_healed":0.0,"max_hp_gain":0.0,"max_hp_loss":0.0,"gold_gain":0.0,"cards_transformed":["Thunderclap"],"event_name":"Transmorgrifier","player_choice":"Transformed","floor":38.0,"gold_loss":0.0,"damage_taken":0.0,"cards_obtained":["Sentinel"]}],"is_beta":false,"boss_relics":[{"not_picked":["Lizard Tail","White Beast Statue"],"picked":"Pandora\u0027s Box"},{"not_picked":["Orrery","Philosopher\u0027s Stone"],"picked":"Sozu"}],"items_purged_floors":[5,45],"is_endless":false,"potions_floor_spawned":[3,4,12,18,21,27,31,36,37,39,40,44,55],"ascension_level":20}