{"gold_per_floor":[113,113,127,127,144,144,172,172,198,22,34,61,61,61,61,135,135,149,149,163,163,180,212,212],"floor_reached":24,"playtime":1296,"items_purged":["Defend_B"],"score":448,"play_id":"fcd4264d-b58b-446b-8580-02171cd8ed9b","local_time":"20190606235803","is_ascension_mode":true,"campfire_choices":[{"data":"Melter","floor":6,"key":"SMITH"},{"floor":8,"key":"REST"},{"data":"Darkness","floor":13,"key":"SMITH"},{"data":"Zap","floor":15,"key":"SMITH"}],"neow_cost":"NONE","seed_source_timestamp":1916823341893303,"circlet_count":0,"master_deck":["AscendersBane","Strike_B+1","Defend_B","Defend_B","Zap+1","Dualcast","Melter+1","Genetic Algorithm","Compile Driver","Genetic Algorithm","Cold Snap","Conserve Battery","Darkness+1","Chill","Electrodynamics","Undo","Go for the Eyes","Darkness","Reboot","Undo"],"relics":["FrozenCore","NeowsBlessing","Whetstone","DataDisk","Mercury Hourglass","Thread and Needle","Dodecahedron"],"potions_floor_usage":[12,22,24,24],"damage_taken":[{"damage":0,"enemies":"Cultist","floor":1,"turns":1},{"damage":0,"enemies":"2 Louse","floor":3,"turns":1},{"damage":0,"enemies":"Jaw Worm","floor":5,"turns":1},{"damage":43,"enemies":"Gremlin Nob","floor":7,"turns":4},{"damage":7,"enemies":"Looter","floor":11,"turns":4},{"damage":2,"enemies":"3 Sentries","floor":12,"turns":7},{"damage":15,"enemies":"Hexaghost","floor":16,"turns":8},{"damage":1,"enemies":"Spheric Guardian","floor":18,"turns":5},{"damage":0,"enemies":"2 Thieves","floor":20,"turns":4},{"damage":0,"enemies":"Cultist and Chosen","floor":22,"turns":6},{"damage":53,"enemies":"Gremlin Leader","floor":23,"turns":7},{"damage":2,"enemies":"Snake Plant","floor":24,"turns":4}],"seed_played":"-5690436921012278756","potions_obtained":[{"floor":1,"key":"Ancient Potion"},{"floor":11,"key":"SkillPotion"},{"floor":22,"key":"SpeedPotion"},{"floor":23,"key":"Swift Potion"}],"is_trial":false,"path_per_floor":["M","?","M","?","M","R","E","R","T","$","M","E","R","?","R","B",null,"M","?","M","?","M","E","M"],"character_chosen":"DEFECT","items_purchased":["Cold Snap","Conserve Battery"],"campfire_rested":1,"item_purchase_floors":[10,10],"current_hp_per_floor":[64,64,64,64,64,64,21,42,42,42,35,33,33,22,22,7,55,54,54,54,54,54,1,0],"gold":212,"neow_bonus":"THREE_ENEMY_KILL","is_prod":false,"is_daily":false,"chose_seed":false,"campfire_upgraded":3,"win_rate":0,"timestamp":1559879883,"path_taken":["M","?","?","?","?","R","E","R","T","$","M","E","R","?","R","BOSS","M","?","M","?","M","E","M"],"build_version":"2019-01-23","purchased_purges":1,"victory":false,"max_hp_per_floor":[71,71,71,71,71,71,71,71,71,71,71,71,71,71,71,71,71,71,71,71,71,71,71,71],"card_choices":[{"not_picked":["Blizzard","Hologram"],"picked":"Melter","floor":1},{"not_picked":["Sweeping Beam","Heatsinks"],"picked":"Genetic Algorithm","floor":3},{"not_picked":["Steam","Leap"],"picked":"Compile Driver","floor":5},{"not_picked":["Rebound","Stack"],"picked":"Genetic Algorithm","floor":7},{"not_picked":["Rebound","Go for the Eyes"],"picked":"Darkness","floor":11},{"not_picked":["Compile Driver","Skim"],"picked":"Chill","floor":12},{"not_picked":["All For One","Multi-Cast"],"picked":"Electrodynamics","floor":16},{"not_picked":["Heatsinks+1","Ball Lightning"],"picked":"Undo","floor":18},{"not_picked":["Genetic Algorithm","Redo"],"picked":"Darkness","floor":20},{"not_picked":["Sweeping Beam","Compile Driver"],"picked":"Reboot","floor":22},{"not_picked":["Leap","Steam Power+1"],"picked":"Undo","floor":23}],"player_experience":1513878,"relics_obtained":[{"floor":7,"key":"Whetstone"},{"floor":9,"key":"DataDisk"},{"floor":12,"key":"Mercury Hourglass"},{"floor":23,"key":"Dodecahedron"}],"event_choices":[{"cards_removed":["Strike_B"],"damage_healed":0,"gold_gain":0,"player_choice":"Purged","damage_taken":0,"max_hp_gain":0,"max_hp_loss":0,"event_name":"Purifier","floor":2,"gold_loss":0},{"cards_removed":["Strike_B"],"damage_healed":0,"gold_gain":0,"player_choice":"Offered Basic","damage_taken":0,"max_hp_gain":0,"max_hp_loss":0,"event_name":"Bonfire Elementals","floor":4,"gold_loss":0},{"damage_healed":0,"gold_gain":0,"player_choice":"Success","damage_taken":11,"relics_obtained":["Thread and Needle"],"max_hp_gain":0,"max_hp_loss":0,"event_name":"Scrap Ooze","floor":14,"gold_loss":0},{"damage_healed":0,"gold_gain":0,"cards_transformed":["Defend_B","Strike_B"],"player_choice":"Became Test Subject","damage_taken":0,"max_hp_gain":0,"max_hp_loss":0,"event_name":"Drug Dealer","floor":19,"gold_loss":0,"cards_obtained":["Go for the Eyes","Chaos"]},{"cards_removed":["Chaos"],"damage_healed":0,"gold_gain":0,"player_choice":"Elegance","damage_taken":0,"max_hp_gain":0,"max_hp_loss":0,"event_name":"Back to Basics","floor":21,"gold_loss":0}],"is_beta":false,"boss_relics":[{"not_picked":["Black Star","Coffee Dripper"],"picked":"FrozenCore"}],"items_purged_floors":[10],"is_endless":false,"potions_floor_spawned":[1,11,22,23],"killed_by":"Snake Plant","ascension_level":20}