{"gold_per_floor":[109,120,120,295,307,335,335,370,395,395],"floor_reached":10,"playtime":796,"items_purged":[],"score":80,"play_id":"4f7fe39f-c256-44bf-80a8-473cc58f3901","local_time":"20190615001515","is_ascension_mode":true,"campfire_choices":[{"floor":7,"key":"RECALL"}],"neow_cost":"NONE","seed_source_timestamp":0,"circlet_count":0,"master_deck":["Strike_B","Strike_B","Strike_B","Strike_B","Defend_B","Defend_B","Defend_B","Defend_B","Zap+1","Dualcast+1","Beam Cell","Go for the Eyes","Doubt","Coolheaded","Cold Snap","Static Discharge"],"special_seed":0,"relics":["Cracked Core","Centennial Puzzle","Blood Vial"],"potions_floor_usage":[8,8],"damage_taken":[{"damage":2.0,"enemies":"Small Slimes","floor":1.0,"turns":3.0},{"damage":7.0,"enemies":"2 Louse","floor":2.0,"turns":3.0},{"damage":0.0,"enemies":"Cultist","floor":5.0,"turns":3.0},{"damage":34.0,"enemies":"Gremlin Nob","floor":6.0,"turns":5.0},{"damage":27,"enemies":"3 Sentries","floor":8,"turns":7},{"damage":11,"enemies":"Gremlin Nob","floor":10,"turns":2}],"seed_played":"-2370837487678924790","potions_obtained":[{"floor":1.0,"key":"AttackPotion"},{"floor":6.0,"key":"FearPotion"}],"is_trial":false,"path_per_floor":["M","M","?","?","M","E","R","E","T","E"],"character_chosen":"DEFECT","items_purchased":[],"campfire_rested":0,"item_purchase_floors":[],"current_hp_per_floor":[73,66,66,66,66,32,32,5,5,0],"gold":395,"neow_bonus":"UPGRADE_CARD","is_prod":false,"is_daily":false,"chose_seed":false,"campfire_upgraded":0,"win_rate":0,"timestamp":1560572115,"path_taken":["M","M","?","?","M","E","R","E","T","E"],"build_version":"2019-01-23","purchased_purges":0,"victory":false,"max_hp_per_floor":[75,75,75,75,75,75,75,75,75,75],"card_choices":[{"not_picked":["Recycle","Rebound"],"picked":"Beam Cell","floor":1.0},{"not_picked":["Leap","Sweeping Beam"],"picked":"Go for the Eyes","floor":2.0},{"not_picked":["Steam Power","Leap"],"picked":"Coolheaded","floor":5.0},{"not_picked":["Biased Cognition","Compile Driver"],"picked":"Cold Snap","floor":6.0},{"not_picked":["Steam Power","Barrage"],"picked":"Static Discharge","floor":8}],"player_experience":96504,"relics_obtained":[{"floor":6.0,"key":"Centennial Puzzle"},{"floor":8,"key":"Blood Vial"}],"event_choices":[{"damage_healed":0.0,"max_hp_gain":0.0,"max_hp_loss":0.0,"gold_gain":0.0,"event_name":"Living Wall","player_choice":"Grow","floor":3.0,"gold_loss":0.0,"damage_taken":0.0,"cards_upgraded":["Zap"]},{"damage_healed":0.0,"max_hp_gain":0.0,"max_hp_loss":0.0,"gold_gain":175.0,"event_name":"Liars Game","player_choice":"AGREE","floor":4.0,"gold_loss":0.0,"damage_taken":0.0,"cards_obtained":["Doubt"]}],"is_beta":false,"boss_relics":[],"items_purged_floors":[],"is_endless":false,"potions_floor_spawned":[1,6],"killed_by":"Gremlin Nob","ascension_level":1}