{"gold_per_floor":[119,131,131,44,44,44,77,77,77,77,108,124,49,79,79,158,158,171,184,184,184,234,263,2,61,61,61,78,111,111,142,142,217,217,231,242,117,132,147,173,173,207,207,240,251,269,369,369,369,369,369,369,369,93,125,125],"floor_reached":56,"playtime":3952,"items_purged":["Strike_B","Strike_B","Defend_B"],"score":2208,"play_id":"4ca6dbd5-3486-46aa-ac84-1f40e4274c7e","local_time":"20190605004140","is_ascension_mode":true,"campfire_choices":[{"data":"Hyperbeam","floor":6.0,"key":"SMITH"},{"data":"Coolheaded","floor":8.0,"key":"SMITH"},{"data":"Zap","floor":10.0,"key":"SMITH"},{"data":"Undo","floor":15.0,"key":"SMITH"},{"data":"Undo","floor":27.0,"key":"SMITH"},{"floor":32.0,"key":"REST"},{"floor":41.0,"key":"RECALL"},{"data":"Leap","floor":49.0,"key":"SMITH"},{"data":"Defend_B","floor":53.0,"key":"SMITH"}],"neow_cost":"NONE","seed_source_timestamp":1743082964398448,"circlet_count":0,"master_deck":["AscendersBane","Strike_B+1","Strike_B+1","Defend_B+1","Defend_B","Defend_B","Dualcast","Coolheaded+1","Undo+1","Hyperbeam+1","Rebound","Hyperbeam+1","All For One+1","Meteor Strike+1","Leap+1","Self Repair+1","Core Surge+1","Undo+1","Auto Shields+1","Genetic Algorithm","Echo Form+1","Recycle","Conserve Battery+1","Leap+1"],"special_seed":0,"relics":["Cracked Core","NeowsBlessing","Vajra","Whetstone","Molten Egg 2","Bottled Flame","Centennial Puzzle","Snecko Eye","Pocketwatch","Ancient Tea Set","Tiny Chest","Frozen Egg 2","Bag of Preparation","Ginger","Philosopher\u0027s Stone","Bottled Tornado","Dream Catcher","Oddly Smooth Stone","Bird Faced Urn","OrangePellets","Gremlin Horn"],"potions_floor_usage":[],"damage_taken":[{"damage":0.0,"enemies":"Jaw Worm","floor":1.0,"turns":1.0},{"damage":0.0,"enemies":"Small Slimes","floor":2.0,"turns":1.0},{"damage":0.0,"enemies":"3 Sentries","floor":7.0,"turns":1.0},{"damage":8.0,"enemies":"Gremlin Nob","floor":11.0,"turns":3.0},{"damage":0.0,"enemies":"2 Louse","floor":12.0,"turns":1.0},{"damage":0.0,"enemies":"3 Sentries","floor":14.0,"turns":2.0},{"damage":15.0,"enemies":"Slime Boss","floor":16.0,"turns":4.0},{"damage":0.0,"enemies":"Spheric Guardian","floor":18.0,"turns":2.0},{"damage":0.0,"enemies":"Chosen","floor":19.0,"turns":2.0},{"damage":24.0,"enemies":"Book of Stabbing","floor":23.0,"turns":4.0},{"damage":11.0,"enemies":"Gremlin Leader","floor":25.0,"turns":4.0},{"damage":0.0,"enemies":"Snake Plant","floor":28.0,"turns":2.0},{"damage":14.0,"enemies":"Book of Stabbing","floor":29.0,"turns":5.0},{"damage":3.0,"enemies":"Slavers","floor":31.0,"turns":2.0},{"damage":16.0,"enemies":"Automaton","floor":33.0,"turns":7.0},{"damage":23.0,"enemies":"3 Darklings","floor":35.0,"turns":4.0},{"damage":0.0,"enemies":"Orb Walker","floor":36.0,"turns":3.0},{"damage":20.0,"enemies":"Writhing Mass","floor":38.0,"turns":6.0},{"damage":0.0,"enemies":"Jaw Worm Horde","floor":39.0,"turns":3.0},{"damage":34.0,"enemies":"Giant Head","floor":40.0,"turns":8.0},{"damage":3.0,"enemies":"Nemesis","floor":42.0,"turns":7.0},{"damage":1.0,"enemies":"Reptomancer","floor":44.0,"turns":4.0},{"damage":0.0,"enemies":"Spire Growth","floor":45.0,"turns":4.0},{"damage":0.0,"enemies":"4 Shapes","floor":46.0,"turns":4.0},{"damage":0.0,"enemies":"Mind Bloom Boss Battle","floor":47.0,"turns":6.0},{"damage":32.0,"enemies":"Time Eater","floor":50.0,"turns":12.0},{"damage":0.0,"enemies":"Donu and Deca","floor":51.0,"turns":8.0},{"damage":27,"enemies":"Shield and Spear","floor":55,"turns":5},{"damage":82,"enemies":"The Heart","floor":56,"turns":9}],"seed_played":"2178781618755175061","potions_obtained":[{"floor":11.0,"key":"Energy Potion"},{"floor":14.0,"key":"PowerPotion"},{"floor":23.0,"key":"Explosive Potion"},{"floor":29.0,"key":"Dexterity Potion"},{"floor":31.0,"key":"Swift Potion"},{"floor":39.0,"key":"SkillPotion"},{"floor":42.0,"key":"Energy Potion"}],"is_trial":false,"path_per_floor":["M","M","?","$","?","R","E","R","T","R","E","M","$","E","R","B",null,"M","M","?","?","?","E","$","E","T","R","M","E","$","E","R","B",null,"M","M","$","M","M","E","R","E","T","E","M","M","?","?","R","B","B",null,"R","$","E","B"],"character_chosen":"DEFECT","items_purchased":["Hyperbeam","Ancient Tea Set","OrangePellets","Energy Potion"],"campfire_rested":1,"item_purchase_floors":[4,24,54,54],"current_hp_per_floor":[64,64,53,53,58,58,58,58,58,58,50,50,50,50,50,35,66,66,66,66,66,59,45,45,44,44,44,44,40,40,47,69,63,73,60,76,76,76,76,62,62,76,76,76,76,76,76,76,76,56,76,76,76,76,73,0],"gold":125,"neow_bonus":"THREE_ENEMY_KILL","is_prod":false,"is_daily":false,"chose_seed":false,"campfire_upgraded":7,"win_rate":0,"timestamp":1559709700,"path_taken":["M","M","?","$","?","R","E","R","T","R","E","M","?","E","R","BOSS","M","M","?","?","?","E","$","E","T","R","?","E","?","E","R","BOSS","M","M","$","M","M","E","R","E","T","E","M","M","?","?","R","BOSS","BOSS","R","$","E","BOSS"],"build_version":"2019-01-23","purchased_purges":3,"victory":false,"max_hp_per_floor":[71,71,71,71,76,76,76,76,76,76,76,76,76,76,76,76,76,76,76,76,76,76,76,76,76,76,76,76,76,76,76,76,76,76,76,76,76,76,76,76,76,76,76,76,76,76,76,76,76,76,76,76,76,76,76,76],"card_choices":[{"not_picked":["Storm","Hologram"],"picked":"Coolheaded","floor":1.0},{"not_picked":["Hologram","Stack"],"picked":"Undo","floor":2.0},{"not_picked":["Hologram","Storm"],"picked":"Rebound","floor":7.0},{"not_picked":["Thunder Strike+1","FTL+1"],"picked":"Hyperbeam+1","floor":11.0},{"not_picked":["Force Field","Melter+1","Rebound+1"],"picked":"SKIP","floor":12.0},{"not_picked":["Multi-Cast","Steam"],"picked":"All For One+1","floor":14.0},{"not_picked":["Amplify","Fission"],"picked":"Meteor Strike+1","floor":16.0},{"not_picked":["Consume","Gash+1"],"picked":"Leap+1","floor":18.0},{"not_picked":["Conserve Battery","Tempest"],"picked":"Self Repair+1","floor":19.0},{"not_picked":["Melter+1","Lockon+1","Beam Cell+1"],"picked":"SKIP","floor":23.0},{"not_picked":["Hello World","Leap"],"picked":"Undo","floor":25.0},{"not_picked":["Turbo","Sweeping Beam+1","Go for the Eyes+1"],"picked":"SKIP","floor":28.0},{"not_picked":["Barrage+1","Glacier"],"picked":"Auto Shields+1","floor":29.0},{"not_picked":["Gash+1","Stack"],"picked":"Genetic Algorithm","floor":31.0},{"not_picked":["Machine Learning+1","Biased Cognition+1"],"picked":"Echo Form+1","floor":33.0},{"not_picked":["Double Energy","Capacitor+1"],"picked":"Recycle","floor":35.0},{"not_picked":["Steam Power","Melter+1"],"picked":"Conserve Battery+1","floor":36.0},{"not_picked":["Darkness","Storm+1","Cold Snap+1"],"picked":"SKIP","floor":38.0},{"not_picked":["Lockon+1","White Noise","Coolheaded"],"picked":"SKIP","floor":39.0},{"not_picked":["Reprogram+1","Leap","Stack"],"picked":"SKIP","floor":40.0},{"not_picked":["Go for the Eyes+1","Auto Shields+1","Steam"],"picked":"SKIP","floor":42.0},{"not_picked":["Go for the Eyes+1","Auto Shields+1","Steam"],"picked":"SKIP","floor":42.0},{"not_picked":["Chill","Hello World+1","Go for the Eyes+1"],"picked":"SKIP","floor":44.0},{"not_picked":["Steam","Melter+1","Multi-Cast"],"picked":"SKIP","floor":45.0},{"not_picked":["Blizzard+1","Coolheaded","Beam Cell+1"],"picked":"SKIP","floor":46.0},{"not_picked":["Conserve Battery","Reprogram","Go for the Eyes+1"],"picked":"SKIP","floor":55}],"player_experience":1502986,"relics_obtained":[{"floor":7.0,"key":"Whetstone"},{"floor":9.0,"key":"Molten Egg 2"},{"floor":11.0,"key":"Bottled Flame"},{"floor":14.0,"key":"Centennial Puzzle"},{"floor":23.0,"key":"Pocketwatch"},{"floor":25.0,"key":"Tiny Chest"},{"floor":26.0,"key":"Frozen Egg 2"},{"floor":29.0,"key":"Bag of Preparation"},{"floor":31.0,"key":"Ginger"},{"floor":40.0,"key":"Bottled Tornado"},{"floor":42.0,"key":"Dream Catcher"},{"floor":44.0,"key":"Oddly Smooth Stone"},{"floor":47.0,"key":"Bird Faced Urn"},{"floor":55,"key":"Gremlin Horn"}],"event_choices":[{"damage_healed":0.0,"max_hp_gain":0.0,"max_hp_loss":0.0,"gold_gain":0.0,"event_name":"Scrap Ooze","player_choice":"Success","floor":3.0,"gold_loss":0.0,"damage_taken":11.0,"relics_obtained":["Vajra"]},{"damage_healed":0.0,"max_hp_gain":5.0,"max_hp_loss":0.0,"gold_gain":0.0,"event_name":"Big Fish","player_choice":"Donut","floor":5.0,"gold_loss":0.0,"damage_taken":0.0},{"damage_healed":0.0,"max_hp_gain":0.0,"max_hp_loss":0.0,"gold_gain":0.0,"event_name":"Vampires","player_choice":"Ignored","floor":20.0,"gold_loss":0.0,"damage_taken":0.0},{"damage_healed":0.0,"max_hp_gain":0.0,"max_hp_loss":0.0,"gold_gain":0.0,"event_name":"The Library","player_choice":"Read","floor":21.0,"gold_loss":0.0,"damage_taken":0.0,"cards_obtained":["Core Surge"]},{"damage_healed":0.0,"max_hp_gain":0.0,"max_hp_loss":0.0,"gold_gain":50.0,"event_name":"FaceTrader","player_choice":"Touch","floor":22.0,"gold_loss":0.0,"damage_taken":7.0},{"damage_healed":0.0,"max_hp_gain":0.0,"max_hp_loss":0.0,"gold_gain":0.0,"event_name":"MindBloom","player_choice":"Fight","floor":47.0,"gold_loss":0.0,"damage_taken":0.0},{"damage_healed":0.0,"max_hp_gain":0.0,"max_hp_loss":0.0,"gold_gain":0.0,"cards_transformed":["Zap"],"event_name":"Transmorgrifier","player_choice":"Transformed","floor":48.0,"gold_loss":0.0,"damage_taken":0.0,"cards_obtained":["Leap"]}],"is_beta":false,"boss_relics":[{"not_picked":["Coffee Dripper","Astrolabe"],"picked":"Snecko Eye"},{"not_picked":["Inserter","Runic Pyramid"],"picked":"Philosopher\u0027s Stone"}],"items_purged_floors":[13,24,37],"is_endless":false,"potions_floor_spawned":[11,14,23,29,31,33,38,39,42,47],"killed_by":"The Heart","ascension_level":20}