{"gold_per_floor":[119,137,137,12,12,12,40,52,52,77,65,65,81,96,96,199,199,214,139,17,17,35,35,135,135],"floor_reached":25,"playtime":1616,"items_purged":["Strike_B"],"score":274,"play_id":"868bd4a2-a7af-43b5-80d8-abb27afb6b65","local_time":"20180824000712","is_ascension_mode":true,"campfire_choices":[{"data":"Go for the Eyes","floor":6,"key":"SMITH"},{"data":"Defragment","floor":12,"key":"SMITH"},{"data":"White Noise","floor":15,"key":"SMITH"},{"data":"Self Repair","floor":23,"key":"SMITH"}],"neow_cost":"NONE","seed_source_timestamp":678736210021984,"circlet_count":0,"master_deck":["Strike_B","Strike_B","Defend_B","Defend_B","Defend_B","Defend_B","Zap+1","Dualcast","Leap","Go for the Eyes+1","Self Repair+1","Defragment+1","White Noise+1","Conserve Battery","White Noise","Stack","Machine Learning","Coolheaded","Turbo","Capacitor+1"],"relics":["Cracked Core","Du-Vu Doll","Calipers","Incense Burner","Meat on the Bone","Busted Crown","Ice Cream","Molten Egg 2"],"potions_floor_usage":[14,24],"damage_taken":[{"damage":5,"enemies":"Small Slimes","floor":1,"turns":3},{"damage":0,"enemies":"Jaw Worm","floor":2,"turns":3},{"damage":32,"enemies":"3 Sentries","floor":7,"turns":10},{"damage":0,"enemies":"2 Louse","floor":8,"turns":3},{"damage":36,"enemies":"Gremlin Nob","floor":10,"turns":6},{"damage":5,"enemies":"Exordium Thugs","floor":11,"turns":4},{"damage":8,"enemies":"Large Slime","floor":13,"turns":6},{"damage":15,"enemies":"3 Louse","floor":14,"turns":4},{"damage":22,"enemies":"Slime Boss","floor":16,"turns":8},{"damage":32,"enemies":"3 Byrds","floor":18,"turns":6},{"damage":3,"enemies":"Chosen","floor":22,"turns":5},{"damage":18,"enemies":"Colosseum Slavers","floor":24,"turns":5},{"damage":70,"enemies":"Colosseum Nobs","floor":24,"turns":8},{"damage":36,"enemies":"3 Cultists","floor":25,"turns":4}],"seed_played":"-7709895818588663726","potions_obtained":[{"floor":7,"key":"Energy Potion"},{"floor":10,"key":"FairyPotion"},{"floor":13,"key":"Strength Potion"},{"floor":16,"key":"Dexterity Potion"},{"floor":18,"key":"Fire Potion"},{"floor":24,"key":"Explosive Potion"}],"is_trial":false,"path_per_floor":["M","M","?","$","?","R","E","M","T","E","M","R","M","M","R","B",null,"M","?","$","$","M","R","?"],"character_chosen":"DEFECT","items_purchased":["Go for the Eyes","Self Repair","Coolheaded"],"campfire_rested":0,"item_purchase_floors":[4,4,20],"current_hp_per_floor":[63,63,63,63,56,56,31,38,38,9,16,16,27,38,38,35,65,52,52,52,52,56,56,29,0],"gold":135,"neow_bonus":"UPGRADE_CARD","is_prod":false,"is_daily":false,"chose_seed":false,"campfire_upgraded":4,"win_rate":0,"timestamp":1535083632,"path_taken":["M","M","?","?","?","R","E","M","T","E","M","R","?","M","R","BOSS","M","?","?","$","M","R","?","M"],"build_version":"2018-08-23","purchased_purges":1,"victory":false,"max_hp_per_floor":[75,75,75,75,75,75,75,75,75,75,75,75,75,75,75,75,75,75,75,75,75,75,75,75,75],"card_choices":[{"not_picked":["Turbo","Stack"],"picked":"Leap","floor":1},{"not_picked":["Leap","Rebound","Gash"],"picked":"SKIP","floor":2},{"not_picked":["Barrage","Aggregate"],"picked":"Defragment","floor":7},{"not_picked":["Reinforced Body","Machine Learning"],"picked":"White Noise","floor":8},{"not_picked":["Sweeping Beam","Beam Cell"],"picked":"Conserve Battery","floor":10},{"not_picked":["Redo","Gash","Melter"],"picked":"SKIP","floor":11},{"not_picked":["Beam Cell","Barrage"],"picked":"White Noise","floor":13},{"not_picked":["Aggregate","Sweeping Beam"],"picked":"Stack","floor":14},{"not_picked":["Reboot","Biased Cognition"],"picked":"Machine Learning","floor":16},{"not_picked":["Tempest"],"picked":"SKIP","floor":18},{"not_picked":[],"picked":"Turbo","floor":22},{"not_picked":[],"picked":"Capacitor+1","floor":24}],"player_experience":192251,"relics_obtained":[{"floor":7,"key":"Calipers"},{"floor":9,"key":"Incense Burner"},{"floor":10,"key":"Meat on the Bone"},{"floor":24,"key":"Ice Cream"},{"floor":24,"key":"Molten Egg 2"}],"event_choices":[{"event_name":"Liars Game","player_choice":"disagreed","floor":3,"damage_taken":0},{"event_name":"Scrap Ooze","player_choice":"success","floor":5,"damage_taken":7},{"event_name":"Beggar","player_choice":"Gave Gold","floor":19,"damage_taken":0},{"event_name":"Colosseum","player_choice":"Fight","floor":24,"damage_taken":0},{"event_name":"Colosseum","player_choice":"Fought Nobs","floor":24,"damage_taken":0}],"is_beta":false,"boss_relics":[{"not_picked":["Runic Pyramid","Runic Dome"],"picked":"Busted Crown"}],"items_purged_floors":[20],"is_endless":false,"potions_floor_spawned":[7,10,13,16,18,24],"killed_by":"3 Cultists","ascension_level":6}