{"gold_per_floor":[117,63,74,74,149,149,62,96,123,123,123,123,149,162,162,266,266,284,284,298,310,310,337,337,355,402,2,17,17,17,32,32,131,131,143,156,166,185,185],"floor_reached":39,"playtime":2339,"items_purged":["Defend_G"],"score":457,"play_id":"9b6497ba-8bd1-4be4-9703-b2afbcb95184","local_time":"20190705015929","is_ascension_mode":true,"campfire_choices":[{"floor":6,"key":"RECALL"},{"floor":10,"key":"REST"},{"floor":12,"key":"REST"},{"data":"Noxious Fumes","floor":15,"key":"SMITH"},{"floor":24,"key":"REST"},{"floor":30,"key":"REST"},{"floor":32,"key":"REST"}],"neow_cost":"NONE","seed_source_timestamp":186900215118000,"circlet_count":0,"master_deck":["Strike_G","Strike_G","Strike_G","Strike_G","Defend_G","Defend_G","Defend_G","Survivor","Neutralize","Footwork","Backflip","Poisoned Stab","Noxious Fumes+1","Poisoned Stab","Leg Sweep","Poisoned Stab","Corpse Explosion","Poisoned Stab+1","Dash+1","Blur","Deflect+1","Backstab","Bane+1","Poisoned Stab","Footwork","Backstab","Adrenaline","Crippling Poison+1","Noxious Fumes+1","Parasite","Bane"],"relics":["Ring of the Snake","Vajra","Bronze Scales","Lizard Tail","Oddly Smooth Stone","Dream Catcher","Bottled Flame","Sozu"],"potions_floor_usage":[13,16,20,23,25,33,33,39],"damage_taken":[{"damage":0,"enemies":"2 Louse","floor":1,"turns":3},{"damage":0,"enemies":"Small Slimes","floor":3,"turns":5},{"damage":44,"enemies":"Lagavulin","floor":8,"turns":9},{"damage":3,"enemies":"Gremlin Nob","floor":13,"turns":5},{"damage":0,"enemies":"Cultist","floor":14,"turns":3},{"damage":41,"enemies":"Slime Boss","floor":16,"turns":9},{"damage":5,"enemies":"Spheric Guardian","floor":18,"turns":5},{"damage":23,"enemies":"Shell Parasite","floor":20,"turns":5},{"damage":3,"enemies":"Centurion and Healer","floor":21,"turns":6},{"damage":17,"enemies":"Book of Stabbing","floor":23,"turns":5},{"damage":13,"enemies":"Snake Plant","floor":25,"turns":4},{"damage":4,"enemies":"Snecko","floor":28,"turns":5},{"damage":15,"enemies":"Centurion and Healer","floor":31,"turns":5},{"damage":66,"enemies":"Collector","floor":33,"turns":10},{"damage":21,"enemies":"3 Darklings","floor":35,"turns":2},{"damage":22,"enemies":"3 Shapes","floor":36,"turns":3},{"damage":18,"enemies":"Writhing Mass","floor":37,"turns":5},{"damage":0,"enemies":"Sphere and 2 Shapes","floor":38,"turns":5},{"damage":36,"enemies":"Maw","floor":39,"turns":4}],"seed_played":"6318742956195571178","potions_obtained":[{"floor":8,"key":"LiquidBronze"},{"floor":14,"key":"Explosive Potion"},{"floor":18,"key":"GhostInAJar"},{"floor":19,"key":"EntropicBrew"},{"floor":19,"key":"Swift Potion"},{"floor":21,"key":"GhostInAJar"},{"floor":25,"key":"PowerPotion"}],"is_trial":false,"path_per_floor":["M","$","M","?","?","R","$","E","T","R","?","R","E","M","R","B",null,"M","?","M","M","?","E","R","M","T","$","M","$","R","M","R","B",null,"M","M","M","M","M"],"character_chosen":"THE_SILENT","items_purchased":["Backflip","Noxious Fumes","Poisoned Stab","Bottled Flame","Backstab"],"campfire_rested":5,"item_purchase_floors":[2,7,7,27,27],"current_hp_per_floor":[77,77,77,70,59,59,59,15,15,38,38,61,58,58,58,17,77,72,72,49,46,46,29,52,39,39,39,35,35,58,43,66,38,77,56,34,16,16,0],"gold":185,"neow_bonus":"TEN_PERCENT_HP_BONUS","is_prod":false,"is_daily":false,"chose_seed":false,"campfire_upgraded":1,"win_rate":0,"timestamp":1562306369,"path_taken":["M","$","M","?","?","R","$","E","T","R","?","R","E","M","R","BOSS","M","?","M","?","?","E","R","M","T","?","M","$","R","M","R","BOSS","M","M","M","M","M"],"build_version":"2019-07-01","purchased_purges":1,"victory":false,"max_hp_per_floor":[77,77,77,77,77,77,77,77,77,77,77,77,77,77,77,77,77,77,77,77,77,77,77,77,77,77,77,77,77,77,77,77,77,77,77,77,77,77,77],"card_choices":[{"not_picked":["Acrobatics","Caltrops"],"picked":"Footwork","floor":1},{"not_picked":["Dodge and Roll","Calculated Gamble"],"picked":"Poisoned Stab","floor":3},{"not_picked":["Quick Slash","Masterful Stab","Flying Knee"],"picked":"SKIP","floor":8},{"not_picked":["Predator","Backflip"],"picked":"Leg Sweep","floor":13},{"not_picked":["Sucker Punch","Acrobatics"],"picked":"Poisoned Stab","floor":14},{"not_picked":["Die Die Die","Glass Knife"],"picked":"Corpse Explosion","floor":16},{"not_picked":["Endless Agony","Escape Plan+1"],"picked":"Poisoned Stab+1","floor":18},{"not_picked":["Dagger Throw+1","Slice"],"picked":"Dash+1","floor":20},{"not_picked":["Masterful Stab+1","Blade Dance","Flying Knee"],"picked":"SKIP","floor":21},{"not_picked":["Cloak And Dagger","Acrobatics"],"picked":"Blur","floor":23},{"not_picked":["Dagger Throw","All Out Attack"],"picked":"Deflect+1","floor":25},{"not_picked":["Escape Plan","Slice+1"],"picked":"Bane+1","floor":28},{"not_picked":["Acrobatics","Night Terror"],"picked":"Poisoned Stab","floor":30},{"not_picked":["Calculated Gamble","Outmaneuver"],"picked":"Footwork","floor":31},{"not_picked":["Slice","Underhanded Strike"],"picked":"Backstab","floor":32},{"not_picked":["Glass Knife","Burst"],"picked":"Adrenaline","floor":33},{"not_picked":["PiercingWail+1","Underhanded Strike"],"picked":"Crippling Poison+1","floor":35},{"not_picked":["Poisoned Stab+1","Deflect"],"picked":"Noxious Fumes+1","floor":36},{"not_picked":["Dagger Throw+1","Cloak And Dagger+1","Dagger Spray"],"picked":"SKIP","floor":37},{"not_picked":["Blade Dance+1","Dagger Spray"],"picked":"Bane","floor":38}],"player_experience":182095,"relics_obtained":[{"floor":8,"key":"Vajra"},{"floor":13,"key":"Bronze Scales"},{"floor":23,"key":"Oddly Smooth Stone"},{"floor":26,"key":"Dream Catcher"}],"event_choices":[{"cards_removed":["Strike_G"],"damage_healed":0,"gold_gain":0,"player_choice":"Card Removal","damage_taken":7,"max_hp_gain":0,"max_hp_loss":0,"event_name":"Golden Wing","floor":4,"gold_loss":0},{"damage_healed":0,"gold_gain":75,"player_choice":"Gather Gold","damage_taken":11,"max_hp_gain":0,"max_hp_loss":0,"event_name":"World of Goop","floor":5,"gold_loss":0},{"cards_removed":["Defend_G"],"damage_healed":0,"gold_gain":0,"player_choice":"Forget","damage_taken":0,"max_hp_gain":0,"max_hp_loss":0,"event_name":"Living Wall","floor":11,"gold_loss":0},{"damage_healed":0,"gold_gain":0,"player_choice":"Got Potions","damage_taken":0,"max_hp_gain":0,"max_hp_loss":0,"event_name":"Lab","floor":19,"gold_loss":0},{"damage_healed":0,"gold_gain":0,"player_choice":"Bought 0 Potions","damage_taken":0,"max_hp_gain":0,"max_hp_loss":0,"event_name":"The Woman in Blue","floor":22,"gold_loss":0}],"is_beta":false,"boss_relics":[{"not_picked":["Pandora\u0027s Box","Empty Cage"],"picked":"Lizard Tail"},{"not_picked":["Snecko Eye","WristBlade"],"picked":"Sozu"}],"items_purged_floors":[27],"is_endless":false,"potions_floor_spawned":[8,14,18,21,25,35,36,38],"killed_by":"Maw","ascension_level":1}