{"gold_per_floor":[118,118,133,98,117,151,151,92,118,118,139,139,174,188,188,188],"floor_reached":16,"playtime":584,"items_purged":[],"score":220,"play_id":"77cef666-922d-4bf3-8866-969b54dd643f","local_time":"20190309012452","is_ascension_mode":true,"campfire_choices":[{"data":"Seek","floor":7,"key":"SMITH"},{"floor":15,"key":"REST"}],"neow_cost":"NONE","seed_source_timestamp":19195608190010,"circlet_count":0,"master_deck":["AscendersBane","Strike_B","Strike_B","Strike_B","Defend_B","Defend_B","Defend_B","Defend_B","Zap","Dualcast","Go for the Eyes","Gash","Steam","Seek+1","Cold Snap","Chill","Self Repair","Consume"],"relics":["Cracked Core","Golden Idol","Bronze Scales","Vajra","Bottled Lightning","Lantern"],"potions_floor_usage":[6,13,13],"damage_taken":[{"damage":13,"enemies":"Small Slimes","floor":1,"turns":5},{"damage":7,"enemies":"2 Louse","floor":3,"turns":3},{"damage":4,"enemies":"Jaw Worm","floor":5,"turns":3},{"damage":33,"enemies":"Lagavulin","floor":6,"turns":8},{"damage":1,"enemies":"Blue Slaver","floor":11,"turns":3},{"damage":16,"enemies":"Gremlin Nob","floor":13,"turns":4},{"damage":1,"enemies":"Gremlin Gang","floor":14,"turns":4},{"damage":35,"enemies":"Hexaghost","floor":16,"turns":9}],"seed_played":"5984906915272407886","potions_obtained":[{"floor":0,"key":"Fire Potion"},{"floor":0,"key":"PowerPotion"},{"floor":11,"key":"SteroidPotion"}],"is_trial":false,"path_per_floor":["M","?","M","?","M","E","R","$","T","?","M","T","E","M","R","B"],"character_chosen":"DEFECT","items_purchased":["Cold Snap"],"campfire_rested":1,"item_purchase_floors":[8],"current_hp_per_floor":[51,51,44,60,56,23,23,23,23,23,22,22,6,12,31,0],"gold":188,"neow_bonus":"THREE_SMALL_POTIONS","is_prod":false,"is_daily":false,"chose_seed":false,"campfire_upgraded":1,"win_rate":0,"timestamp":1552112692,"path_taken":["M","?","M","?","M","E","R","$","T","?","M","?","E","M","R","BOSS"],"build_version":"2019-01-23","purchased_purges":0,"victory":false,"max_hp_per_floor":[71,64,64,64,64,64,64,64,64,64,64,64,64,64,64,64],"card_choices":[{"not_picked":["Turbo","Force Field"],"picked":"Go for the Eyes","floor":1},{"not_picked":["Turbo","Stack"],"picked":"Gash","floor":3},{"not_picked":["Rebound","Force Field"],"picked":"Steam","floor":5},{"not_picked":["Redo","Coolheaded"],"picked":"Seek","floor":6},{"not_picked":["Barrage","Turbo","Stack"],"picked":"SKIP","floor":11},{"not_picked":["Compile Driver","Force Field"],"picked":"Self Repair","floor":13},{"not_picked":["Barrage","Compile Driver"],"picked":"Consume","floor":14}],"player_experience":826561,"relics_obtained":[{"floor":6,"key":"Bronze Scales"},{"floor":9,"key":"Vajra"},{"floor":12,"key":"Bottled Lightning"},{"floor":13,"key":"Lantern"}],"event_choices":[{"damage_healed":0,"gold_gain":0,"player_choice":"Lose Max HP","damage_taken":0,"relics_obtained":["Golden Idol"],"max_hp_gain":0,"max_hp_loss":7,"event_name":"Golden Idol","floor":2,"gold_loss":0},{"damage_healed":16,"gold_gain":0,"player_choice":"Healed","damage_taken":0,"max_hp_gain":0,"max_hp_loss":0,"event_name":"The Cleric","floor":4,"gold_loss":35},{"damage_healed":0,"gold_gain":0,"cards_transformed":["Strike_B"],"player_choice":"Change","damage_taken":0,"max_hp_gain":0,"max_hp_loss":0,"event_name":"Living Wall","floor":10,"gold_loss":0,"cards_obtained":["Chill"]}],"is_beta":false,"boss_relics":[],"items_purged_floors":[],"is_endless":false,"potions_floor_spawned":[3,11],"killed_by":"Hexaghost","ascension_level":20}