{"gold_per_floor":[214,214,238,254,202,231,231,243,243,259,27,43,57,88,88,162,162,175,193,193,220,220],"floor_reached":22,"playtime":784,"items_purged":["Strike_R"],"score":392,"play_id":"b51d2285-00b1-42c9-9291-ffb6d90e38cf","local_time":"20190626222202","is_ascension_mode":true,"campfire_choices":[{"data":"Whirlwind","floor":7.0,"key":"SMITH"},{"data":"Shockwave","floor":15,"key":"SMITH"}],"neow_cost":"NONE","seed_source_timestamp":983028619882623,"circlet_count":0,"master_deck":["AscendersBane","Strike_R","Strike_R+1","Strike_R","Strike_R","Defend_R","Defend_R+1","Defend_R","Defend_R","Bash","Whirlwind+1","Anger","Shrug It Off","Rampage","Reaper","Immolate","Shockwave+1","Feed"],"special_seed":0,"relics":["Burning Blood","Potion Belt","Bag of Marbles","Boot","Smiling Mask","Runic Pyramid","Red Mask"],"potions_floor_usage":[21],"damage_taken":[{"damage":2.0,"enemies":"2 Louse","floor":1.0,"turns":3.0},{"damage":4.0,"enemies":"Jaw Worm","floor":4.0,"turns":4.0},{"damage":47.0,"enemies":"Lagavulin","floor":6.0,"turns":6.0},{"damage":0.0,"enemies":"Cultist","floor":8.0,"turns":2.0},{"damage":6,"enemies":"Looter","floor":10,"turns":3},{"damage":5,"enemies":"3 Louse","floor":12,"turns":3},{"damage":0,"enemies":"Exordium Wildlife","floor":13,"turns":1},{"damage":24,"enemies":"Gremlin Nob","floor":14,"turns":4},{"damage":21,"enemies":"Slime Boss","floor":16,"turns":7},{"damage":38,"enemies":"3 Byrds","floor":18,"turns":4},{"damage":17,"enemies":"Chosen","floor":19,"turns":5},{"damage":50,"enemies":"Masked Bandits","floor":21,"turns":4},{"damage":46,"enemies":"Sentry and Sphere","floor":22,"turns":5}],"seed_played":"1755488423140881184","potions_obtained":[{"floor":4.0,"key":"Dexterity Potion"},{"floor":8.0,"key":"Dexterity Potion"},{"floor":16,"key":"Regen Potion"},{"floor":21,"key":"AttackPotion"}],"is_trial":false,"path_per_floor":["M","?","T","M","?","E","R","M","T","M","$","M","M","E","R","B",null,"M","M","?","?","M"],"character_chosen":"IRONCLAD","items_purchased":["Reaper"],"campfire_rested":0,"item_purchase_floors":[11],"current_hp_per_floor":[72,49,49,51,51,10,10,16,16,16,16,35,41,29,29,26,63,49,46,46,32,0],"gold":220,"neow_bonus":"HUNDRED_GOLD","is_prod":false,"is_daily":false,"chose_seed":false,"campfire_upgraded":2,"win_rate":0,"timestamp":1561602122,"path_taken":["M","?","?","M","?","E","R","M","T","?","$","M","M","E","R","BOSS","M","M","?","?","M"],"build_version":"2019-01-23","purchased_purges":1,"victory":false,"max_hp_per_floor":[75,75,75,75,75,75,75,75,75,75,75,75,75,75,75,75,75,78,81,81,81,84],"card_choices":[{"not_picked":["Sword Boomerang","Clash"],"picked":"Whirlwind","floor":1.0},{"not_picked":["Havoc","Body Slam"],"picked":"Anger","floor":4.0},{"not_picked":["Anger","Cleave"],"picked":"Shrug It Off","floor":6.0},{"not_picked":["Anger","Sword Boomerang","Ghostly Armor"],"picked":"SKIP","floor":8.0},{"not_picked":["Perfected Strike","Bloodletting"],"picked":"Rampage","floor":10},{"not_picked":["Flex","Dropkick"],"picked":"Immolate","floor":12},{"not_picked":["Sword Boomerang","Iron Wave"],"picked":"Shockwave","floor":13},{"not_picked":["Cleave","Flex","Havoc"],"picked":"SKIP","floor":14},{"not_picked":["Barricade","Dark Embrace"],"picked":"Feed","floor":16},{"not_picked":["Heavy Blade","Rupture","Twin Strike"],"picked":"SKIP","floor":18},{"not_picked":["Ghostly Armor","Entrench","Wild Strike"],"picked":"SKIP","floor":19}],"player_experience":1542613,"relics_obtained":[{"floor":6.0,"key":"Bag of Marbles"},{"floor":9.0,"key":"Boot"},{"floor":14,"key":"Smiling Mask"},{"floor":21,"key":"Red Mask"}],"event_choices":[{"damage_healed":0.0,"max_hp_gain":0.0,"max_hp_loss":0.0,"gold_gain":0.0,"event_name":"Shining Light","player_choice":"Entered Light","floor":2.0,"gold_loss":0.0,"damage_taken":23.0,"cards_upgraded":["Defend_R","Strike_R"]},{"damage_healed":0.0,"max_hp_gain":0.0,"max_hp_loss":0.0,"gold_gain":0.0,"event_name":"WeMeetAgain","player_choice":"Paid Gold","floor":5.0,"gold_loss":52.0,"damage_taken":0.0,"relics_obtained":["Potion Belt"]},{"damage_healed":0,"gold_gain":0,"player_choice":"Ignored","damage_taken":0,"max_hp_gain":0,"max_hp_loss":0,"event_name":"The Mausoleum","floor":20,"gold_loss":0},{"damage_healed":0,"gold_gain":0,"player_choice":"Fought Bandits","damage_taken":0,"max_hp_gain":0,"max_hp_loss":0,"event_name":"Masked Bandits","floor":21,"gold_loss":0}],"is_beta":false,"boss_relics":[{"not_picked":["Calling Bell","Runic Dome"],"picked":"Runic Pyramid"}],"items_purged_floors":[11],"is_endless":false,"potions_floor_spawned":[4,8,16,21],"killed_by":"Sentry and Sphere","ascension_level":20}