{"gold_per_floor":[112,129,129,140,140,170,188,188,236,236,236,249,249,264,264,366,366,376,475,475,491,491],"floor_reached":22,"playtime":1028,"items_purged":[],"score":260,"play_id":"eb6a046b-96c4-44a6-8a26-65b5356aa74f","local_time":"20180828201804","is_ascension_mode":true,"campfire_choices":[{"data":"True Grit","floor":8,"key":"SMITH"},{"data":"True Grit","floor":10,"key":"SMITH"},{"data":"Uppercut","floor":13,"key":"SMITH"},{"data":"Flame Barrier","floor":15,"key":"SMITH"}],"neow_cost":"NONE","seed_source_timestamp":1097642318898950,"circlet_count":0,"master_deck":["Strike_R","Strike_R","Strike_R","Defend_R","Defend_R","Defend_R","Bash","Inflame","True Grit+1","Flame Barrier+1","Inflame","True Grit+1","Ghostly Armor","Uppercut+1","Limit Break","Anger+1"],"relics":["Burning Blood","Shuriken","Red Skull","Busted Crown","Enchiridion"],"potions_floor_usage":[],"damage_taken":[{"damage":0,"enemies":"Small Slimes","floor":1,"turns":5},{"damage":5,"enemies":"Cultist","floor":2,"turns":5},{"damage":3,"enemies":"2 Louse","floor":4,"turns":4},{"damage":32,"enemies":"Gremlin Nob","floor":6,"turns":5},{"damage":8,"enemies":"Blue Slaver","floor":7,"turns":6},{"damage":10,"enemies":"3 Louse","floor":12,"turns":6},{"damage":0,"enemies":"2 Fungi Beasts","floor":14,"turns":5},{"damage":20,"enemies":"The Guardian","floor":16,"turns":13},{"damage":26,"enemies":"Spheric Guardian","floor":18,"turns":9},{"damage":15,"enemies":"Chosen","floor":21,"turns":4},{"damage":32,"enemies":"Snake Plant","floor":22,"turns":3}],"seed_played":"2158011485019942802","potions_obtained":[{"floor":4,"key":"FearPotion"},{"floor":7,"key":"Ancient Potion"},{"floor":12,"key":"LiquidBronze"}],"is_trial":false,"path_per_floor":["M","M","?","M","?","E","M","R","T","R","?","M","R","M","R","B",null,"M","?","?","M"],"character_chosen":"IRONCLAD","items_purchased":[],"campfire_rested":0,"item_purchase_floors":[],"current_hp_per_floor":[78,79,79,80,85,59,57,57,57,57,50,46,46,52,52,38,73,53,53,37,28,0],"gold":491,"neow_bonus":"REMOVE_CARD","is_prod":false,"is_daily":false,"chose_seed":false,"campfire_upgraded":4,"win_rate":0,"timestamp":1535501884,"path_taken":["M","M","?","M","?","E","M","R","T","R","?","M","R","M","R","BOSS","M","?","?","M","M"],"build_version":"2018-08-23v2","purchased_purges":0,"victory":false,"max_hp_per_floor":[80,80,80,80,85,85,85,85,85,85,85,85,85,85,85,85,85,85,85,85,85,85],"card_choices":[{"not_picked":["Armaments","Thunderclap"],"picked":"Inflame","floor":1},{"not_picked":["Reckless Charge","Metallicize"],"picked":"True Grit","floor":2},{"not_picked":["Body Slam","Clash"],"picked":"Inflame","floor":4},{"not_picked":["Clash","Havoc"],"picked":"True Grit","floor":6},{"not_picked":["Searing Blow","Intimidate"],"picked":"Ghostly Armor","floor":7},{"not_picked":["Iron Wave","Thunderclap"],"picked":"Uppercut","floor":12},{"not_picked":["Second Wind","Clothesline","Heavy Blade"],"picked":"SKIP","floor":14},{"not_picked":["Immolate","Bludgeon"],"picked":"Limit Break","floor":16},{"not_picked":[],"picked":"Anger+1","floor":18},{"not_picked":["Heavy Blade"],"picked":"SKIP","floor":21}],"player_experience":299231,"relics_obtained":[{"floor":6,"key":"Shuriken"},{"floor":9,"key":"Red Skull"},{"floor":20,"key":"Enchiridion"}],"event_choices":[{"event_name":"Transmorgrifier","player_choice":"Transform","floor":3,"damage_taken":0},{"event_name":"Big Fish","player_choice":"Donut","floor":5,"damage_taken":0},{"event_name":"Golden Wing","player_choice":"Card Removal","floor":11,"damage_taken":0},{"event_name":"Nest","player_choice":"Stole From Cult","floor":19,"damage_taken":0},{"event_name":"Cursed Tome","player_choice":"Obtained Book","floor":20,"damage_taken":0}],"is_beta":false,"boss_relics":[{"not_picked":["Empty Cage","Ectoplasm"],"picked":"Busted Crown"}],"items_purged_floors":[],"is_endless":false,"potions_floor_spawned":[4,7,12],"killed_by":"Snake Plant","ascension_level":8}