{"gold_per_floor":[111,121,196,216,236,264,264,264,264,280,292,292,327,327,327,327],"floor_reached":16,"playtime":612,"items_purged":[],"score":112,"play_id":"a31e9cff-7f15-4142-8adb-b4709609440c","local_time":"20190719181547","is_ascension_mode":false,"campfire_choices":[{"data":"Poisoned Stab","floor":7,"key":"SMITH"},{"floor":12,"key":"REST"},{"floor":15,"key":"REST"}],"neow_cost":"NONE","seed_source_timestamp":7830375021643,"circlet_count":0,"master_deck":["Strike_G","Strike_G","Strike_G","Strike_G","Strike_G","Defend_G","Defend_G","Defend_G","Defend_G","Defend_G+1","Survivor","Neutralize","Flying Knee","Dash+1","Poisoned Stab+1","Leg Sweep","Venomology","Backflip+1"],"relics":["Ring of the Snake","NeowsBlessing","Regal Pillow","Smiling Mask","Toxic Egg 2","Blood Vial"],"potions_floor_usage":[13,16,16,16],"damage_taken":[{"damage":0,"enemies":"Small Slimes","floor":1,"turns":1},{"damage":0,"enemies":"Jaw Worm","floor":2,"turns":1},{"damage":0,"enemies":"Cultist","floor":4,"turns":1},{"damage":0,"enemies":"2 Fungi Beasts","floor":5,"turns":4},{"damage":21,"enemies":"Gremlin Nob","floor":6,"turns":5},{"damage":4,"enemies":"Blue Slaver","floor":10,"turns":3},{"damage":0,"enemies":"3 Louse","floor":11,"turns":3},{"damage":14,"enemies":"3 Sentries","floor":13,"turns":8},{"damage":72,"enemies":"Slime Boss","floor":16,"turns":17}],"seed_played":"465841832225754560","potions_obtained":[{"floor":4,"key":"Fire Potion"},{"floor":5,"key":"Energy Potion"},{"floor":10,"key":"Swift Potion"},{"floor":11,"key":"GhostInAJar"}],"is_trial":false,"path_per_floor":["M","M","?","M","M","E","R","?","T","M","M","R","E","?","R","B"],"character_chosen":"THE_SILENT","items_purchased":[],"campfire_rested":2,"item_purchase_floors":[],"current_hp_per_floor":[70,70,59,59,59,38,38,24,24,20,20,56,42,42,70,0],"gold":327,"neow_bonus":"THREE_ENEMY_KILL","is_prod":false,"is_daily":false,"chose_seed":false,"campfire_upgraded":1,"win_rate":0,"timestamp":1563574547,"path_taken":["M","M","?","M","M","E","R","?","T","M","M","R","E","?","R","BOSS"],"build_version":"2019-07-17","purchased_purges":0,"victory":false,"max_hp_per_floor":[70,70,70,70,70,70,70,70,70,70,70,70,70,70,70,70],"card_choices":[{"not_picked":["Heel Hook","Quick Slash"],"picked":"Flying Knee","floor":1},{"not_picked":["Tactician","Finisher","All Out Attack"],"picked":"SKIP","floor":2},{"not_picked":["Underhanded Strike","Bane"],"picked":"Dash","floor":4},{"not_picked":["Deflect","Dagger Throw"],"picked":"Poisoned Stab","floor":5},{"not_picked":["Dagger Throw","Deflect"],"picked":"Leg Sweep","floor":6},{"not_picked":["Accuracy","Deflect","Dash"],"picked":"SKIP","floor":10},{"not_picked":["Deflect","Cloak And Dagger"],"picked":"Venomology","floor":11},{"not_picked":["Riddle With Holes","Deadly Poison"],"picked":"Backflip","floor":13}],"player_experience":91259,"relics_obtained":[{"floor":6,"key":"Regal Pillow"},{"floor":9,"key":"Smiling Mask"},{"floor":13,"key":"Toxic Egg 2"},{"floor":14,"key":"Blood Vial"}],"event_choices":[{"damage_healed":0,"gold_gain":75,"player_choice":"Gather Gold","damage_taken":11,"max_hp_gain":0,"max_hp_loss":0,"event_name":"World of Goop","floor":3,"gold_loss":0},{"damage_healed":0,"gold_gain":0,"player_choice":"Entered Light","damage_taken":14,"max_hp_gain":0,"max_hp_loss":0,"event_name":"Shining Light","floor":8,"gold_loss":0,"cards_upgraded":["Dash","Defend_G"]},{"damage_healed":0,"gold_gain":0,"player_choice":"Relic","damage_taken":0,"max_hp_gain":0,"max_hp_loss":0,"event_name":"Wheel of Change","floor":14,"gold_loss":0}],"is_beta":false,"boss_relics":[],"items_purged_floors":[],"is_endless":false,"potions_floor_spawned":[4,5,10,11],"killed_by":"Slime Boss","ascension_level":0}