{"gold_per_floor":[110,110,127,52,72,107,107,117,117,117,117,117,29,48,48,143,143,53,53,53,53,53,53,79,79,79,79,79,79,79,96,96,194,194,209,209,209,220,320,320,0,0,0,0,0,0,0,0,0,0],"floor_reached":51,"playtime":2518,"items_purged":["Strike_B"],"score":776,"play_id":"3051c400-c4b8-49a0-a823-5b4f75745bde","local_time":"20190710234445","is_ascension_mode":false,"campfire_choices":[{"data":"Dualcast","floor":11.0,"key":"SMITH"},{"data":"Glacier","floor":15.0,"key":"SMITH"},{"floor":30.0,"key":"REST"},{"floor":32.0,"key":"REST"},{"data":"Hologram","floor":40.0,"key":"PURGE"},{"data":"Defend_B","floor":44.0,"key":"PURGE"},{"floor":47,"key":"REST"},{"data":"Defend_B","floor":49,"key":"PURGE"}],"neow_cost":"NONE","seed_source_timestamp":215739612096451,"circlet_count":0,"master_deck":["Defend_B","Defend_B","Zap","Dualcast+1","Streamline","Redo+1","Leap","Genetic Algorithm","Capacitor","Glacier+1","Hologram","Creative AI","Ball Lightning","Biased Cognition","Hello World","Echo Form","Master of Strategy+1"],"special_seed":0,"relics":["Cracked Core","Juzu Bracelet","Potion Belt","Pear","Darkstone Periapt","Inserter","Nilry\u0027s Codex","Toxic Egg 2","Ornamental Fan","Mercury Hourglass","Ginger","Sozu","Peace Pipe","Red Mask","Bag of Marbles","Sundial"],"potions_floor_usage":[50,50,50],"damage_taken":[{"damage":10.0,"enemies":"Small Slimes","floor":1.0,"turns":2.0},{"damage":0.0,"enemies":"Cultist","floor":3.0,"turns":3.0},{"damage":0.0,"enemies":"2 Louse","floor":5.0,"turns":2.0},{"damage":16.0,"enemies":"3 Sentries","floor":6.0,"turns":7.0},{"damage":9.0,"enemies":"Blue Slaver","floor":8.0,"turns":3.0},{"damage":0.0,"enemies":"3 Louse","floor":14.0,"turns":5.0},{"damage":10.0,"enemies":"Slime Boss","floor":16.0,"turns":14.0},{"damage":24.0,"enemies":"2 Thieves","floor":18.0,"turns":5.0},{"damage":37.0,"enemies":"Book of Stabbing","floor":24.0,"turns":6.0},{"damage":1.0,"enemies":"3 Byrds","floor":31.0,"turns":4.0},{"damage":22.0,"enemies":"Champ","floor":33.0,"turns":12.0},{"damage":18.0,"enemies":"Orb Walker","floor":35.0,"turns":6.0},{"damage":21.0,"enemies":"3 Shapes","floor":38.0,"turns":6.0},{"damage":0.0,"enemies":"Mind Bloom Boss Battle","floor":39.0,"turns":7.0},{"damage":44,"enemies":"Awakened One","floor":50,"turns":11}],"seed_played":"-2092905406902206531","potions_obtained":[{"floor":3.0,"key":"Block Potion"},{"floor":16.0,"key":"Energy Potion"},{"floor":24.0,"key":"Explosive Potion"},{"floor":33.0,"key":"Weak Potion"}],"is_trial":false,"path_per_floor":["M","?","M","$","M","E","?","M","T","T","R","?","$","M","R","B",null,"M","?","$","?","?","?","E","?","T","T","$","T","R","M","R","B",null,"M","?","?","M","?","R","?","?","T","R","?","?","R","$","R","B",null],"character_chosen":"DEFECT","items_purchased":["Glacier","Hologram"],"campfire_rested":3,"item_purchase_floors":[13,13],"current_hp_per_floor":[65,65,65,65,65,49,49,40,40,50,50,50,50,50,50,40,85,61,45,45,45,45,45,8,8,8,8,8,8,33,32,57,35,85,67,67,67,46,46,46,46,46,46,46,46,46,70,70,70,26],"gold":0,"neow_bonus":"TRANSFORM_CARD","is_prod":false,"is_daily":false,"chose_seed":false,"campfire_upgraded":2,"win_rate":0.0,"timestamp":1562816685,"path_taken":["M","?","M","$","M","E","?","M","T","?","R","?","?","M","R","BOSS","M","?","$","?","?","?","E","?","T","?","?","?","R","M","R","BOSS","M","?","?","M","?","R","?","?","T","R","?","?","R","?","R","BOSS"],"build_version":"2019-07-05","purchased_purges":1,"victory":true,"max_hp_per_floor":[75,75,75,75,75,75,75,75,75,85,85,85,85,85,85,85,85,85,85,85,85,85,85,85,85,85,85,85,85,85,85,85,85,85,85,85,85,85,85,85,85,81,81,81,81,81,81,81,81,81],"card_choices":[{"not_picked":["Compile Driver","Sweeping Beam"],"picked":"Cold Snap","floor":1.0},{"not_picked":["Leap","Gash"],"picked":"Redo","floor":3.0},{"not_picked":["Turbo","Aggregate"],"picked":"Leap","floor":5.0},{"not_picked":["Auto Shields","Meteor Strike"],"picked":"Genetic Algorithm","floor":6.0},{"not_picked":["Beam Cell","Genetic Algorithm"],"picked":"Capacitor","floor":8.0},{"not_picked":["Redo","Force Field"],"picked":"Hologram","floor":14.0},{"not_picked":["All For One","Reboot"],"picked":"Creative AI","floor":16.0},{"not_picked":["Beam Cell","Chaos"],"picked":"Ball Lightning","floor":18.0},{"not_picked":["Storm","Thunder Strike","Ball Lightning"],"picked":"SKIP","floor":24.0},{"not_picked":["Coolheaded+1","Conserve Battery+1","Beam Cell"],"picked":"SKIP","floor":31.0},{"not_picked":["Biased Cognition","Thunder Strike"],"picked":"Echo Form","floor":33.0},{"not_picked":["Scrape+1","Cold Snap","Compile Driver"],"picked":"SKIP","floor":35.0},{"not_picked":["Panacea+1","Chrysalis+1"],"picked":"Master of Strategy+1","floor":36.0},{"not_picked":["Lockon+1","Conserve Battery+1","Leap+1"],"picked":"SKIP","floor":38.0}],"player_experience":89641,"relics_obtained":[{"floor":6.0,"key":"Juzu Bracelet"},{"floor":9.0,"key":"Potion Belt"},{"floor":10.0,"key":"Pear"},{"floor":19.0,"key":"Nilry\u0027s Codex"},{"floor":24.0,"key":"Toxic Egg 2"},{"floor":26.0,"key":"Ornamental Fan"},{"floor":27.0,"key":"Mercury Hourglass"},{"floor":29.0,"key":"Ginger"},{"floor":39.0,"key":"Peace Pipe"},{"floor":43.0,"key":"Bag of Marbles"}],"event_choices":[{"cards_removed":["Strike_B"],"damage_healed":0.0,"max_hp_gain":0.0,"max_hp_loss":0.0,"gold_gain":0.0,"event_name":"Wheel of Change","player_choice":"Card Removal","floor":2.0,"gold_loss":0.0,"damage_taken":0.0},{"damage_healed":0.0,"max_hp_gain":0.0,"max_hp_loss":0.0,"gold_gain":0.0,"event_name":"Accursed Blacksmith","player_choice":"Forge","floor":7.0,"gold_loss":0.0,"damage_taken":0.0,"cards_upgraded":["Redo"]},{"damage_healed":0.0,"max_hp_gain":0.0,"max_hp_loss":0.0,"gold_gain":0.0,"event_name":"Dead Adventurer","player_choice":"Searched \u00271\u0027 times","floor":12.0,"gold_loss":0.0,"damage_taken":0.0,"relics_obtained":["Darkstone Periapt"]},{"damage_healed":0.0,"max_hp_gain":0.0,"max_hp_loss":0.0,"gold_gain":0.0,"event_name":"Cursed Tome","player_choice":"Obtained Book","floor":19.0,"gold_loss":0.0,"damage_taken":16.0},{"cards_removed":["Strike_B"],"damage_healed":0.0,"max_hp_gain":0.0,"max_hp_loss":0.0,"gold_gain":0.0,"event_name":"Back to Basics","player_choice":"Elegance","floor":21.0,"gold_loss":0.0,"damage_taken":0.0},{"damage_healed":0.0,"max_hp_gain":0.0,"max_hp_loss":0.0,"gold_gain":0.0,"event_name":"Match and Keep!","player_choice":"1 cards matched","floor":22.0,"gold_loss":0.0,"damage_taken":0.0,"cards_obtained":["Biased Cognition"]},{"damage_healed":0.0,"max_hp_gain":0.0,"max_hp_loss":0.0,"gold_gain":0.0,"event_name":"The Library","player_choice":"Read","floor":23.0,"gold_loss":0.0,"damage_taken":0.0,"cards_obtained":["Hello World"]},{"damage_healed":0.0,"max_hp_gain":0.0,"max_hp_loss":0.0,"gold_gain":0.0,"event_name":"Ghosts","player_choice":"Ignored","floor":25.0,"gold_loss":0.0,"damage_taken":0.0},{"damage_healed":0.0,"max_hp_gain":0.0,"max_hp_loss":0.0,"gold_gain":0.0,"event_name":"SensoryStone","player_choice":"Memory 1","floor":36.0,"gold_loss":0.0,"damage_taken":0.0},{"cards_removed":["Cold Snap"],"damage_healed":0.0,"max_hp_gain":0.0,"max_hp_loss":0.0,"gold_gain":0.0,"event_name":"Falling","player_choice":"Removed Attack","floor":37.0,"gold_loss":0.0,"damage_taken":0.0},{"damage_healed":0.0,"max_hp_gain":0.0,"max_hp_loss":0.0,"gold_gain":0.0,"event_name":"MindBloom","player_choice":"Fight","floor":39.0,"gold_loss":0.0,"damage_taken":0.0},{"damage_healed":0.0,"max_hp_gain":0.0,"max_hp_loss":0.0,"gold_gain":0.0,"event_name":"Tomb of Lord Red Mask","player_choice":"Paid","floor":41.0,"gold_loss":320.0,"damage_taken":0.0,"relics_obtained":["Red Mask"]},{"damage_healed":0.0,"max_hp_gain":0.0,"max_hp_loss":4.0,"gold_gain":0.0,"event_name":"Winding Halls","player_choice":"Max HP","floor":42.0,"gold_loss":0.0,"damage_taken":0.0},{"damage_healed":0,"gold_gain":0,"player_choice":"Ignored","damage_taken":0,"max_hp_gain":0,"max_hp_loss":0,"event_name":"Mysterious Sphere","floor":45,"gold_loss":0},{"damage_healed":0,"gold_gain":0,"player_choice":"Gave Potion","damage_taken":0,"relics_obtained":["Sundial"],"max_hp_gain":0,"max_hp_loss":0,"event_name":"WeMeetAgain","floor":46,"gold_loss":0}],"is_beta":false,"boss_relics":[{"not_picked":["Astrolabe","Nuclear Battery"],"picked":"Inserter"},{"not_picked":["Runic Dome","Orrery"],"picked":"Sozu"}],"items_purged_floors":[4],"is_endless":false,"potions_floor_spawned":[3,16,24,31,33,38,39],"ascension_level":0}