{"gold_per_floor":[113,113,263,76,76,76,76,76,76,76,109,119,153,172,172,249,249,268,284,334,354,75,75,104,54,54,83,83,114,114,139,139,210,260,280,280,295,343,358,358,390,60,60,77,112,126,161,161,161,161,161,161,161,4,32,32],"floor_reached":57,"playtime":3496,"items_purged":["Doubt","Strike_G","Strike_G"],"score":3269,"play_id":"b8c039f0-aafd-4ba8-8503-e7d15917c36d","local_time":"20190515225908","is_ascension_mode":true,"campfire_choices":[{"data":"Glass Knife","floor":6.0,"key":"SMITH"},{"data":"Deadly Poison","floor":8.0,"key":"SMITH"},{"floor":10.0,"key":"REST"},{"data":"Wraith Form v2","floor":15.0,"key":"SMITH"},{"floor":23.0,"key":"REST"},{"data":"Wraith Form v2","floor":28.0,"key":"SMITH"},{"data":"Noxious Fumes","floor":30.0,"key":"SMITH"},{"data":"Bouncing Flask","floor":32.0,"key":"SMITH"},{"data":"Wraith Form v2","floor":40.0,"key":"SMITH"},{"floor":49.0,"key":"RECALL"},{"floor":53.0,"key":"REST"}],"neow_cost":"NONE","seed_source_timestamp":10235964065679,"circlet_count":0,"master_deck":["AscendersBane","Defend_G","Defend_G","Defend_G","Defend_G","Defend_G","Strike_G+1","Strike_G","Strike_G","Survivor","Neutralize","Glass Knife+1","All Out Attack+1","Deadly Poison+1","Predator","Backflip","Wraith Form v2+1","Escape Plan","Wraith Form v2+1","Bouncing Flask+1","PiercingWail","The Bomb","Night Terror+1","PiercingWail","Noxious Fumes+1","Deadly Poison+1","Wraith Form v2+1","Backflip","Catalyst","Caltrops+1"],"special_seed":0,"relics":["Ring of the Snake","Dodecahedron","Ancient Tea Set","Art of War","PreservedInsect","Regal Pillow","Velvet Choker","Orichalcum","FossilizedHelix","Mercury Hourglass","Ginger","The Specimen","Tiny House","Shovel","Kunai","Membership Card","Anchor","Du-Vu Doll","OrangePellets","Unceasing Top"],"potions_floor_usage":[56],"damage_taken":[{"damage":1.0,"enemies":"Cultist","floor":1.0,"turns":3.0},{"damage":14.0,"enemies":"3 Sentries","floor":11.0,"turns":8.0},{"damage":2.0,"enemies":"Jaw Worm","floor":12.0,"turns":3.0},{"damage":0.0,"enemies":"Gremlin Nob","floor":13.0,"turns":2.0},{"damage":0.0,"enemies":"2 Louse","floor":14.0,"turns":2.0},{"damage":21.0,"enemies":"Hexaghost","floor":16.0,"turns":10.0},{"damage":29.0,"enemies":"3 Byrds","floor":18.0,"turns":6.0},{"damage":11.0,"enemies":"Shell Parasite","floor":19.0,"turns":5.0},{"damage":0.0,"enemies":"3 Cultists","floor":21.0,"turns":6.0},{"damage":9.0,"enemies":"Book of Stabbing","floor":24.0,"turns":5.0},{"damage":11.0,"enemies":"Gremlin Leader","floor":27.0,"turns":6.0},{"damage":0.0,"enemies":"Book of Stabbing","floor":29.0,"turns":5.0},{"damage":0.0,"enemies":"Slavers","floor":31.0,"turns":3.0},{"damage":14.0,"enemies":"Champ","floor":33.0,"turns":10.0},{"damage":0.0,"enemies":"Orb Walker","floor":35.0,"turns":4.0},{"damage":5.0,"enemies":"3 Darklings","floor":37.0,"turns":6.0},{"damage":21.0,"enemies":"2 Orb Walkers","floor":38.0,"turns":8.0},{"damage":0.0,"enemies":"Spire Growth","floor":39.0,"turns":6.0},{"damage":0.0,"enemies":"Reptomancer","floor":41.0,"turns":5.0},{"damage":0.0,"enemies":"Transient","floor":44.0,"turns":6.0},{"damage":0.0,"enemies":"Giant Head","floor":45.0,"turns":8.0},{"damage":0.0,"enemies":"Maw","floor":46.0,"turns":6.0},{"damage":0.0,"enemies":"Nemesis","floor":47.0,"turns":9.0},{"damage":0.0,"enemies":"Donu and Deca","floor":50.0,"turns":13.0},{"damage":20.0,"enemies":"Time Eater","floor":51.0,"turns":16.0},{"damage":0.0,"enemies":"Shield and Spear","floor":55.0,"turns":8.0},{"damage":36,"enemies":"The Heart","floor":56,"turns":12}],"seed_played":"5588428878089913277","potions_obtained":[{"floor":11.0,"key":"SteroidPotion"},{"floor":13.0,"key":"Fruit Juice"},{"floor":14.0,"key":"SkillPotion"},{"floor":19.0,"key":"GhostInAJar"},{"floor":33.0,"key":"LiquidBronze"},{"floor":34.0,"key":"FearPotion"},{"floor":41.0,"key":"Weak Potion"},{"floor":45.0,"key":"GhostInAJar"},{"floor":46.0,"key":"EssenceOfSteel"},{"floor":48.0,"key":"GhostInAJar"},{"floor":55.0,"key":"Block Potion"}],"is_trial":false,"path_per_floor":["M","?","?","$","?","R","?","R","T","R","E","M","E","M","R","B",null,"M","M","?","M","$","R","E","$","T","E","R","E","R","E","R","B",null,"M","?","M","?","M","R","E","$","T","M","E","M","E","?","R","B","B",null,"R","$","E","B",null],"character_chosen":"THE_SILENT","items_purchased":["Deadly Poison","SteroidPotion","The Bomb","PiercingWail","Membership Card","Catalyst","OrangePellets","EssenceOfSteel"],"campfire_rested":3,"item_purchase_floors":[4,4,22,25,42,42,54,54],"current_hp_per_floor":[58,38,38,38,20,20,20,20,20,39,25,23,23,28,28,7,55,26,15,15,15,15,51,42,42,42,31,31,31,31,31,31,17,63,63,63,58,37,37,37,37,37,37,37,37,37,37,37,37,37,17,58,72,72,72,36],"gold":32,"neow_bonus":"ONE_RANDOM_RARE_CARD","is_prod":false,"is_daily":false,"chose_seed":false,"campfire_upgraded":7,"win_rate":0,"timestamp":1557975548,"path_taken":["M","?","?","$","?","R","?","R","T","R","E","M","E","M","R","BOSS","M","M","?","M","$","R","E","$","T","E","R","E","R","E","R","BOSS","M","?","M","?","M","R","E","$","T","M","E","M","E","?","R","BOSS","BOSS","R","$","E","BOSS"],"build_version":"2019-01-23","purchased_purges":3,"victory":true,"max_hp_per_floor":[66,66,66,66,66,66,66,66,66,66,66,66,66,71,71,71,71,71,71,71,71,71,71,71,71,71,71,71,71,71,71,71,71,76,76,72,72,72,72,72,72,72,72,72,72,72,72,72,72,72,72,72,72,72,72,72],"card_choices":[{"not_picked":["Blade Dance","Cloak And Dagger"],"picked":"All Out Attack","floor":1.0},{"not_picked":["Poisoned Stab","Backflip"],"picked":"Predator","floor":11.0},{"not_picked":["Quick Slash","Flying Knee"],"picked":"Backflip","floor":12.0},{"not_picked":["Quick Slash","Flechettes"],"picked":"Wraith Form v2","floor":13.0},{"not_picked":["Deadly Poison","Dagger Spray"],"picked":"Escape Plan","floor":14.0},{"not_picked":["Unload","Malaise"],"picked":"Wraith Form v2","floor":16.0},{"not_picked":["Caltrops","Underhanded Strike"],"picked":"Bouncing Flask","floor":18.0},{"not_picked":["Bane","Dagger Spray"],"picked":"PiercingWail","floor":19.0},{"not_picked":["Deflect","Cloak And Dagger","Terror"],"picked":"SKIP","floor":21.0},{"not_picked":["Calculated Gamble","PiercingWail"],"picked":"Night Terror","floor":24.0},{"not_picked":["Bane","Endless Agony","Accuracy"],"picked":"SKIP","floor":27.0},{"not_picked":["Envenom","Dagger Spray"],"picked":"Noxious Fumes","floor":29.0},{"not_picked":["PiercingWail","Eviscerate+1"],"picked":"Deadly Poison+1","floor":31.0},{"not_picked":["Adrenaline","Bullet Time"],"picked":"Wraith Form v2","floor":33.0},{"not_picked":["Underhanded Strike","Blur"],"picked":"Backflip","floor":34.0},{"not_picked":["Predator","All Out Attack","Cloak And Dagger"],"picked":"SKIP","floor":35.0},{"not_picked":["Accuracy","Sucker Punch","Eviscerate+1"],"picked":"SKIP","floor":37.0},{"not_picked":["Blur","Underhanded Strike+1","Accuracy+1"],"picked":"SKIP","floor":39.0},{"not_picked":["Riddle With Holes","Deadly Poison+1","Choke+1"],"picked":"SKIP","floor":41.0},{"not_picked":["Poisoned Stab","Dagger Throw","Leg Sweep"],"picked":"SKIP","floor":44.0},{"not_picked":["Bullet Time","Dash+1"],"picked":"Caltrops+1","floor":45.0},{"not_picked":["Acrobatics+1","Cloak And Dagger+1","Deflect"],"picked":"SKIP","floor":46.0},{"not_picked":["Caltrops","Dagger Spray","Bouncing Flask"],"picked":"SKIP","floor":47.0},{"not_picked":["Slice","Riddle With Holes","PiercingWail"],"picked":"SKIP","floor":55.0}],"player_experience":1356563,"relics_obtained":[{"floor":9.0,"key":"Art of War"},{"floor":11.0,"key":"PreservedInsect"},{"floor":13.0,"key":"Regal Pillow"},{"floor":24.0,"key":"Orichalcum"},{"floor":26.0,"key":"FossilizedHelix"},{"floor":27.0,"key":"Mercury Hourglass"},{"floor":29.0,"key":"Ginger"},{"floor":31.0,"key":"The Specimen"},{"floor":38.0,"key":"Shovel"},{"floor":41.0,"key":"Kunai"},{"floor":45.0,"key":"Anchor"},{"floor":47.0,"key":"Du-Vu Doll"},{"floor":55.0,"key":"Unceasing Top"}],"event_choices":[{"damage_healed":0.0,"max_hp_gain":0.0,"max_hp_loss":0.0,"gold_gain":0.0,"event_name":"Shining Light","player_choice":"Entered Light","floor":2.0,"gold_loss":0.0,"damage_taken":20.0,"cards_upgraded":["Strike_G","All Out Attack"]},{"damage_healed":0.0,"max_hp_gain":0.0,"max_hp_loss":0.0,"gold_gain":150.0,"event_name":"Liars Game","player_choice":"AGREE","floor":3.0,"gold_loss":0.0,"damage_taken":0.0,"cards_obtained":["Doubt"]},{"damage_healed":0.0,"max_hp_gain":0.0,"max_hp_loss":0.0,"gold_gain":0.0,"event_name":"Scrap Ooze","player_choice":"Success","floor":5.0,"gold_loss":0.0,"damage_taken":18.0,"relics_obtained":["Dodecahedron"]},{"damage_healed":0.0,"max_hp_gain":0.0,"max_hp_loss":0.0,"gold_gain":0.0,"event_name":"Dead Adventurer","player_choice":"Searched \u00272\u0027 times","floor":7.0,"gold_loss":0.0,"damage_taken":0.0,"relics_obtained":["Ancient Tea Set"]},{"damage_healed":0.0,"max_hp_gain":0.0,"max_hp_loss":0.0,"gold_gain":50.0,"event_name":"Nest","player_choice":"Stole From Cult","floor":20.0,"gold_loss":0.0,"damage_taken":0.0},{"damage_healed":0.0,"max_hp_gain":0.0,"max_hp_loss":4.0,"gold_gain":0.0,"event_name":"Winding Halls","player_choice":"Max HP","floor":36.0,"gold_loss":0.0,"damage_taken":0.0},{"damage_healed":0.0,"max_hp_gain":0.0,"max_hp_loss":0.0,"gold_gain":0.0,"event_name":"Mysterious Sphere","player_choice":"Fight","floor":38.0,"gold_loss":0.0,"damage_taken":0.0},{"damage_healed":0.0,"max_hp_gain":0.0,"max_hp_loss":0.0,"gold_gain":0.0,"event_name":"Lab","player_choice":"Got Potions","floor":48.0,"gold_loss":0.0,"damage_taken":0.0}],"is_beta":false,"boss_relics":[{"not_picked":["Busted Crown","WristBlade"],"picked":"Velvet Choker"},{"not_picked":["Runic Dome","White Beast Statue"],"picked":"Tiny House"}],"items_purged_floors":[4,22,42],"is_endless":false,"potions_floor_spawned":[11,13,14,19,24,33,37,41,45,46,47,55],"ascension_level":20}