{"gold_per_floor":[115,115,38,53,66,66,92,35,62,62,81,109,109,128,128,202,202,214,231,231,244,244,272,284,326,365,377],"floor_reached":27,"playtime":1641,"items_purged":[],"score":522,"play_id":"f639eb71-3764-4aed-9af1-d66aaaab6e12","local_time":"20190309005141","is_ascension_mode":true,"campfire_choices":[{"data":"Bash","floor":6,"key":"SMITH"},{"data":"True Grit","floor":10,"key":"SMITH"},{"data":"Corruption","floor":13,"key":"SMITH"},{"data":"Whirlwind","floor":15,"key":"SMITH"},{"floor":24,"key":"REST"}],"neow_cost":"PERCENT_DAMAGE","seed_source_timestamp":16146483119800,"circlet_count":0,"master_deck":["AscendersBane","Strike_R","Strike_R","Strike_R","Defend_R","Defend_R","Defend_R","Defend_R","Bash+1","Cleave","Battle Trance","Corruption+1","Iron Wave","Shrug It Off","Shrug It Off","True Grit+1","Shrug It Off","Dark Embrace","Whirlwind+1","Demon Form","Heavy Blade+1","Ghostly Armor","Rampage","Ghostly","Ghostly","Ghostly","True Grit"],"relics":["Burning Blood","Unceasing Top","Happy Flower","Bronze Scales","Red Skull","Runic Pyramid","MawBank","Oddly Smooth Stone","Strawberry"],"potions_floor_usage":[12,12,23,25],"damage_taken":[{"damage":1,"enemies":"Cultist","floor":1,"turns":3},{"damage":6,"enemies":"Jaw Worm","floor":4,"turns":5},{"damage":0,"enemies":"2 Louse","floor":5,"turns":3},{"damage":24,"enemies":"3 Sentries","floor":7,"turns":9},{"damage":1,"enemies":"Exordium Thugs","floor":11,"turns":3},{"damage":15,"enemies":"Lagavulin","floor":12,"turns":7},{"damage":0,"enemies":"3 Louse","floor":14,"turns":2},{"damage":52,"enemies":"Slime Boss","floor":16,"turns":12},{"damage":22,"enemies":"Spheric Guardian","floor":18,"turns":6},{"damage":13,"enemies":"Chosen","floor":19,"turns":7},{"damage":11,"enemies":"Centurion and Healer","floor":21,"turns":9},{"damage":23,"enemies":"Slavers","floor":23,"turns":7},{"damage":18,"enemies":"Book of Stabbing","floor":25,"turns":7},{"damage":21,"enemies":"Slavers","floor":27,"turns":1}],"seed_played":"-1827767015559552865","potions_obtained":[{"floor":7,"key":"Regen Potion"},{"floor":11,"key":"PowerPotion"},{"floor":12,"key":"Weak Potion"},{"floor":18,"key":"Dexterity Potion"},{"floor":19,"key":"Energy Potion"},{"floor":23,"key":"Strength Potion"}],"is_trial":false,"path_per_floor":["M","?","$","M","M","R","E","$","T","R","M","E","R","M","R","B",null,"M","M","?","M","?","E","R","E","T","E"],"character_chosen":"IRONCLAD","items_purchased":["Corruption","True Grit"],"campfire_rested":1,"item_purchase_floors":[3,8],"current_hp_per_floor":[55,55,55,55,61,61,43,43,43,43,48,54,54,60,60,14,60,44,37,37,32,32,15,26,14,21,0],"gold":377,"neow_bonus":"ONE_RARE_RELIC","is_prod":false,"is_daily":false,"chose_seed":false,"campfire_upgraded":4,"win_rate":0,"timestamp":1552110701,"path_taken":["M","?","?","M","?","R","E","$","T","R","M","E","R","M","R","BOSS","M","M","?","?","?","E","R","E","T","E"],"build_version":"2019-01-23","purchased_purges":0,"victory":false,"max_hp_per_floor":[75,75,75,75,75,75,75,75,75,75,75,75,75,75,75,75,75,75,75,75,75,37,37,37,37,44,44],"card_choices":[{"not_picked":["Wild Strike","Entrench"],"picked":"Cleave","floor":1},{"not_picked":["Anger","Dual Wield"],"picked":"Iron Wave","floor":4},{"not_picked":["Dual Wield","Corruption"],"picked":"Shrug It Off","floor":5},{"not_picked":["Iron Wave","Twin Strike"],"picked":"Shrug It Off","floor":7},{"not_picked":["Searing Blow","Cleave"],"picked":"Shrug It Off","floor":11},{"not_picked":["Thunderclap","Inflame"],"picked":"Dark Embrace","floor":12},{"not_picked":["Perfected Strike","Body Slam"],"picked":"Whirlwind","floor":14},{"not_picked":["Reaper","Limit Break"],"picked":"Demon Form","floor":16},{"not_picked":["Heavy Blade","Cleave","Clothesline"],"picked":"SKIP","floor":18},{"not_picked":["Perfected Strike","Wild Strike"],"picked":"Heavy Blade+1","floor":19},{"not_picked":["Warcry+1","Body Slam"],"picked":"Rampage","floor":21},{"not_picked":["Perfected Strike","Clothesline","Twin Strike+1"],"picked":"SKIP","floor":23},{"not_picked":["Berserk","Body Slam"],"picked":"True Grit","floor":25}],"player_experience":823536,"relics_obtained":[{"floor":7,"key":"Happy Flower"},{"floor":9,"key":"Bronze Scales"},{"floor":12,"key":"Red Skull"},{"floor":23,"key":"MawBank"},{"floor":25,"key":"Oddly Smooth Stone"},{"floor":26,"key":"Strawberry"}],"event_choices":[{"damage_healed":0,"gold_gain":0,"cards_transformed":["Strike_R"],"player_choice":"Change","damage_taken":0,"max_hp_gain":0,"max_hp_loss":0,"event_name":"Living Wall","floor":2,"gold_loss":0,"cards_obtained":["Battle Trance"]},{"damage_healed":0,"gold_gain":0,"cards_transformed":["Strike_R"],"player_choice":"Transformed","damage_taken":0,"max_hp_gain":0,"max_hp_loss":0,"event_name":"Transmorgrifier","floor":20,"gold_loss":0,"cards_obtained":["Ghostly Armor"]},{"damage_healed":0,"gold_gain":0,"player_choice":"Became a Ghost","damage_taken":0,"max_hp_gain":0,"max_hp_loss":38,"event_name":"Ghosts","floor":22,"gold_loss":0,"cards_obtained":["Ghostly","Ghostly","Ghostly"]}],"is_beta":false,"boss_relics":[{"not_picked":["Fusion Hammer","Mark of Pain"],"picked":"Runic Pyramid"}],"items_purged_floors":[],"is_endless":false,"potions_floor_spawned":[7,11,12,18,19,21,23],"killed_by":"Slavers","ascension_level":20}