{"gold_per_floor":[219,237,37,47,9,9,35,50,99,114,133,133],"floor_reached":12,"playtime":688,"items_purged":["Strike_B"],"score":82,"play_id":"0b048940-7f62-4009-bb35-1045cf730d73","local_time":"20190710150533","is_ascension_mode":false,"campfire_choices":[{"data":"Dualcast","floor":6,"key":"SMITH"}],"neow_cost":"NONE","seed_source_timestamp":186795234256830,"circlet_count":0,"master_deck":["Strike_B","Strike_B","Strike_B","Defend_B","Defend_B","Defend_B","Defend_B","Zap","Dualcast+1","Consume","Self Repair","Coolheaded","Chaos","Reprogram","Leap","Doom and Gloom"],"relics":["Cracked Core","Membership Card","Ornamental Fan","Oddly Smooth Stone"],"potions_floor_usage":[],"damage_taken":[{"damage":0,"enemies":"2 Louse","floor":1,"turns":2},{"damage":1,"enemies":"Jaw Worm","floor":2,"turns":5},{"damage":6,"enemies":"Cultist","floor":4,"turns":5},{"damage":43,"enemies":"3 Sentries","floor":7,"turns":11},{"damage":11,"enemies":"Exordium Wildlife","floor":8,"turns":6},{"damage":32,"enemies":"Gremlin Gang","floor":10,"turns":6},{"damage":0,"enemies":"Blue Slaver","floor":11,"turns":5},{"damage":22,"enemies":"Exordium Thugs","floor":12,"turns":5}],"seed_played":"5238075038044373168","potions_obtained":[],"is_trial":false,"path_per_floor":["M","M","$","M","$","R","E","M","T","M","M","M"],"character_chosen":"DEFECT","items_purchased":["Membership Card"],"campfire_rested":0,"item_purchase_floors":[3],"current_hp_per_floor":[75,74,74,75,75,75,39,35,35,10,17,0],"gold":133,"neow_bonus":"HUNDRED_GOLD","is_prod":false,"is_daily":false,"chose_seed":false,"campfire_upgraded":1,"win_rate":0.0,"timestamp":1562785533,"path_taken":["M","M","$","M","$","R","E","M","T","M","M","M"],"build_version":"2019-07-05","purchased_purges":1,"victory":false,"max_hp_per_floor":[75,75,75,75,75,75,75,75,75,75,75,75],"card_choices":[{"not_picked":["Chaos","Conserve Battery"],"picked":"Consume","floor":1},{"not_picked":["Go for the Eyes","Streamline"],"picked":"Self Repair","floor":2},{"not_picked":["Melter","Steam"],"picked":"Coolheaded","floor":4},{"not_picked":["Melter","Force Field"],"picked":"Chaos","floor":7},{"not_picked":["Conserve Battery","Consume"],"picked":"Reprogram","floor":8},{"not_picked":["Reinforced Body","Cold Snap"],"picked":"Leap","floor":10},{"not_picked":["Reprogram","Coolheaded"],"picked":"Doom and Gloom","floor":11}],"player_experience":62587,"relics_obtained":[{"floor":7,"key":"Ornamental Fan"},{"floor":9,"key":"Oddly Smooth Stone"}],"event_choices":[],"is_beta":false,"boss_relics":[],"items_purged_floors":[5],"is_endless":false,"potions_floor_spawned":[1,4,10],"killed_by":"Exordium Thugs","ascension_level":0}