{"gold_per_floor":[361,381,381,397,397,397,436,436,436,172,172,185,185,205,205,330,330,355,355],"floor_reached":19,"playtime":1174,"items_purged":["Strike_G"],"score":217,"play_id":"589b34f9-7846-4ba4-ae62-f5e75259fe11","local_time":"20180825115537","is_ascension_mode":true,"campfire_choices":[{"floor":6,"key":"REST"},{"floor":11,"key":"REST"},{"data":"Neutralize","floor":13,"key":"SMITH"},{"data":"Deadly Poison","floor":15,"key":"SMITH"}],"neow_cost":"PERCENT_DAMAGE","seed_source_timestamp":808121412820683,"circlet_count":0,"master_deck":["Defend_G+1","Defend_G+1","Defend_G","Defend_G","Defend_G","Strike_G","Strike_G","Survivor","Neutralize+1","Deadly Poison+1","Backflip","Bouncing Flask","Catalyst+1","Well Laid Plans","Cloak And Dagger+1","Cloak And Dagger+1","Burst+1"],"relics":["Ring of the Snake","Golden Idol","Toxic Egg 2","Smiling Mask","Empty Cage"],"potions_floor_usage":[19,19],"damage_taken":[{"damage":0,"enemies":"2 Louse","floor":1,"turns":3},{"damage":1,"enemies":"Small Slimes","floor":2,"turns":5},{"damage":0,"enemies":"Cultist","floor":4,"turns":5},{"damage":34,"enemies":"3 Sentries","floor":7,"turns":17},{"damage":0,"enemies":"Looter","floor":12,"turns":4},{"damage":3,"enemies":"3 Louse","floor":14,"turns":3},{"damage":2,"enemies":"The Guardian","floor":16,"turns":7},{"damage":15,"enemies":"Spheric Guardian","floor":18,"turns":5},{"damage":8,"enemies":"Colosseum Slavers","floor":19,"turns":6},{"damage":16,"enemies":"Colosseum Nobs","floor":19,"turns":3}],"seed_played":"9124294265425105805","potions_obtained":[{"floor":7,"key":"Block Potion"},{"floor":12,"key":"Fire Potion"}],"is_trial":false,"path_per_floor":["M","M","?","M","?","R","E","?","T","$","R","M","R","M","R","B",null,"M"],"character_chosen":"THE_SILENT","items_purchased":["Catalyst+1","Well Laid Plans","Cloak And Dagger+1","Fire Potion"],"campfire_rested":2,"item_purchase_floors":[10,10,10,10],"current_hp_per_floor":[45,44,30,30,30,49,15,15,15,15,34,34,34,31,31,29,56,41,17],"gold":355,"neow_bonus":"TWO_FIFTY_GOLD","is_prod":false,"is_daily":false,"chose_seed":false,"campfire_upgraded":2,"win_rate":0,"timestamp":1535212537,"path_taken":["M","M","?","?","?","R","E","?","T","$","R","?","R","M","R","BOSS","M","?"],"build_version":"2018-08-23v2","purchased_purges":1,"victory":false,"max_hp_per_floor":[70,70,70,70,65,65,65,65,65,65,65,65,65,65,65,65,65,65,65],"card_choices":[{"not_picked":["Outmaneuver","Caltrops"],"picked":"Deadly Poison","floor":1},{"not_picked":["Calculated Gamble","Riddle With Holes"],"picked":"Backflip","floor":2},{"not_picked":["Sucker Punch","Poisoned Stab"],"picked":"Bouncing Flask","floor":4},{"not_picked":["Sucker Punch","Outmaneuver","Heel Hook"],"picked":"SKIP","floor":7},{"not_picked":["Tactician+1","Expertise+1"],"picked":"Cloak And Dagger+1","floor":12},{"not_picked":["Blade Dance+1","Reflex+1","Underhanded Strike"],"picked":"SKIP","floor":14},{"not_picked":["Glass Knife","A Thousand Cuts"],"picked":"Burst+1","floor":16},{"not_picked":["Outmaneuver+1","Dagger Spray","Sucker Punch"],"picked":"SKIP","floor":18}],"player_experience":229891,"relics_obtained":[{"floor":7,"key":"Toxic Egg 2"},{"floor":9,"key":"Smiling Mask"}],"event_choices":[{"event_name":"Shining Light","player_choice":"Entered Light","floor":3,"damage_taken":0},{"event_name":"Golden Idol","player_choice":"Lose Max HP","floor":5,"damage_taken":0},{"event_name":"Dead Adventurer","player_choice":"Searched \u00270\u0027 times","floor":8,"damage_taken":0},{"event_name":"Colosseum","player_choice":"Fight","floor":19,"damage_taken":0},{"event_name":"Colosseum","player_choice":"Fought Nobs","floor":19,"damage_taken":0}],"is_beta":false,"boss_relics":[{"not_picked":["Runic Dome","Coffee Dripper"],"picked":"Empty Cage"}],"items_purged_floors":[10],"is_endless":false,"potions_floor_spawned":[7,12,18,19],"killed_by":"Colosseum Nobs","ascension_level":6}