{"gold_per_floor":[217,232,249,249,249,274,292,311,311,311,339,339,356,369,369,467,467,487,487,505,524,544,562,762,762,841,861,625,625,644,661,661,761,761,771,771,787,805,822,822,822,841,841,853,853,863,874,228,228,228],"floor_reached":50,"playtime":3272,"items_purged":["Strike_G","Strike_G"],"score":566,"play_id":"96bb9f6c-4590-4bbb-ba4f-67dcd9513d82","local_time":"20190708205940","is_ascension_mode":false,"campfire_choices":[{"data":"Survivor","floor":10.0,"key":"SMITH"},{"floor":12.0,"key":"REST"},{"data":"Poisoned Stab","floor":15.0,"key":"SMITH"},{"floor":25.0,"key":"REST"},{"floor":29.0,"key":"REST"},{"floor":32.0,"key":"REST"},{"floor":40.0,"key":"REST"},{"floor":45.0,"key":"REST"},{"floor":49,"key":"REST"}],"neow_cost":"NONE","seed_source_timestamp":32526279759444,"circlet_count":0,"master_deck":["Strike_G","Strike_G","Defend_G","Defend_G","Defend_G","Defend_G","Survivor+1","Neutralize","Deadly Poison","Catalyst+1","Deflect","Flying Knee","Dodge and Roll","Dagger Throw","Blur","Poisoned Stab+1","Catalyst","Deadly Poison+1","Flying Knee","Sucker Punch","Deadly Poison","Catalyst+1","Corpse Explosion","Prepared","Dash","Bullet Time","Calculated Gamble+1","Backflip","Bane","Deadly Poison+1","Bane+1","Prepared+1","Outmaneuver+1","Catalyst"],"special_seed":0,"relics":["Ring of the Serpent","Centennial Puzzle","Meat on the Bone","Ancient Tea Set","Frozen Egg 2","Orrery","Snake Skull","Strawberry","Frozen Eye","Vajra"],"potions_floor_usage":[],"damage_taken":[{"damage":2.0,"enemies":"Small Slimes","floor":1.0,"turns":5.0},{"damage":0.0,"enemies":"2 Louse","floor":2.0,"turns":3.0},{"damage":1.0,"enemies":"Cultist","floor":3.0,"turns":4.0},{"damage":16.0,"enemies":"Lagavulin","floor":6.0,"turns":9.0},{"damage":0.0,"enemies":"3 Louse","floor":7.0,"turns":3.0},{"damage":3.0,"enemies":"Red Slaver","floor":8.0,"turns":5.0},{"damage":30.0,"enemies":"3 Sentries","floor":11.0,"turns":15.0},{"damage":0.0,"enemies":"Large Slime","floor":13.0,"turns":4.0},{"damage":0.0,"enemies":"Exordium Wildlife","floor":14.0,"turns":3.0},{"damage":2.0,"enemies":"Hexaghost","floor":16.0,"turns":7.0},{"damage":25.0,"enemies":"3 Byrds","floor":18.0,"turns":6.0},{"damage":16.0,"enemies":"2 Thieves","floor":20.0,"turns":4.0},{"damage":14.0,"enemies":"Snake Plant","floor":21.0,"turns":5.0},{"damage":2.0,"enemies":"Centurion and Healer","floor":22.0,"turns":6.0},{"damage":21.0,"enemies":"Shelled Parasite and Fungi","floor":23.0,"turns":6.0},{"damage":37.0,"enemies":"Sentry and Sphere","floor":27.0,"turns":6.0},{"damage":9.0,"enemies":"3 Cultists","floor":30.0,"turns":3.0},{"damage":6.0,"enemies":"Centurion and Healer","floor":31.0,"turns":4.0},{"damage":17.0,"enemies":"Collector","floor":33.0,"turns":3.0},{"damage":10.0,"enemies":"Orb Walker","floor":35.0,"turns":3.0},{"damage":2.0,"enemies":"3 Shapes","floor":37.0,"turns":4.0},{"damage":52.0,"enemies":"Sphere and 2 Shapes","floor":38.0,"turns":6.0},{"damage":15.0,"enemies":"Jaw Worm Horde","floor":39.0,"turns":5.0},{"damage":0.0,"enemies":"Transient","floor":42.0,"turns":5.0},{"damage":29.0,"enemies":"4 Shapes","floor":44.0,"turns":4.0},{"damage":38.0,"enemies":"3 Darklings","floor":46.0,"turns":4.0},{"damage":7,"enemies":"Jaw Worm Horde","floor":47,"turns":3},{"damage":79,"enemies":"Donu and Deca","floor":50,"turns":4}],"seed_played":"2053187192115657995","potions_obtained":[{"floor":2.0,"key":"FairyPotion"},{"floor":6.0,"key":"Weak Potion"},{"floor":11.0,"key":"SpeedPotion"},{"floor":14.0,"key":"Poison Potion"},{"floor":30.0,"key":"GhostInAJar"},{"floor":46.0,"key":"EssenceOfSteel"}],"is_trial":false,"path_per_floor":["M","M","M","?","?","E","M","M","T","R","E","R","M","M","R","B",null,"M","?","M","M","M","M","?","R","T","M","$","R","M","M","R","B",null,"M","?","M","M","M","R","?","M","T","M","R","M","M","$","R","B"],"character_chosen":"THE_SILENT","items_purchased":["Corpse Explosion","Prepared","Strawberry","Block Potion","Frozen Eye","Vajra"],"campfire_rested":7,"item_purchase_floors":[28,28,48,48,48,48],"current_hp_per_floor":[68,68,67,67,67,51,51,48,48,48,30,51,51,51,51,49,70,45,45,41,39,37,28,28,49,49,24,24,45,36,42,63,46,70,60,60,58,18,15,36,41,41,41,24,45,19,24,31,54,0],"gold":228,"neow_bonus":"HUNDRED_GOLD","is_prod":false,"is_daily":false,"chose_seed":false,"campfire_upgraded":2,"win_rate":0.0,"timestamp":1562633980,"path_taken":["M","M","M","?","?","E","M","?","T","R","E","R","M","M","R","BOSS","M","?","M","?","M","M","?","R","T","?","$","R","M","M","R","BOSS","M","?","M","M","M","R","?","M","T","M","R","M","M","$","R","BOSS"],"build_version":"2019-07-05","purchased_purges":2,"victory":false,"max_hp_per_floor":[70,70,70,70,70,70,70,70,70,70,70,70,70,70,70,70,70,70,70,70,70,70,70,70,70,70,70,70,70,70,70,70,70,70,70,70,70,70,70,70,70,70,70,70,70,70,70,77,77,77],"card_choices":[{"not_picked":["Dodge and Roll","Expertise"],"picked":"Deadly Poison","floor":1.0},{"not_picked":["Masterful Stab","Acrobatics"],"picked":"Catalyst","floor":2.0},{"not_picked":["Expertise","Blade Dance"],"picked":"Deflect","floor":3.0},{"not_picked":["Caltrops","A Thousand Cuts"],"picked":"Flying Knee","floor":6.0},{"not_picked":["Underhanded Strike","Outmaneuver"],"picked":"Dodge and Roll","floor":7.0},{"not_picked":["Eviscerate","Slice","Dodge and Roll"],"picked":"SKIP","floor":8.0},{"not_picked":["PiercingWail","Distraction"],"picked":"Dagger Throw","floor":11.0},{"not_picked":["Footwork","Poisoned Stab"],"picked":"Blur","floor":13.0},{"not_picked":["Underhanded Strike","Quick Slash"],"picked":"Poisoned Stab","floor":14.0},{"not_picked":["Endless Agony","Dodge and Roll"],"picked":"Catalyst","floor":18.0},{"not_picked":["Sucker Punch+1","Slice"],"picked":"Deadly Poison+1","floor":20.0},{"not_picked":["Sucker Punch","Acrobatics+1"],"picked":"Flying Knee","floor":21.0},{"not_picked":["After Image","Dodge and Roll+1"],"picked":"Sucker Punch","floor":22.0},{"not_picked":["Poisoned Stab","Eviscerate"],"picked":"Deadly Poison","floor":23.0},{"not_picked":["Deflect","Poisoned Stab+1"],"picked":"Catalyst+1","floor":27.0},{"not_picked":["Masterful Stab+1","PiercingWail+1","Tactician"],"picked":"SKIP","floor":30.0},{"not_picked":["Caltrops+1","Deflect+1"],"picked":"Dash","floor":31.0},{"not_picked":["Doppelganger","Glass Knife"],"picked":"Bullet Time","floor":33.0},{"not_picked":["Dagger Throw","Caltrops+1"],"picked":"Calculated Gamble+1","floor":34.0},{"not_picked":["Skewer","Dagger Spray"],"picked":"Backflip","floor":34.0},{"not_picked":["Burst","PiercingWail+1"],"picked":"Bane","floor":35.0},{"not_picked":["Dagger Spray","Expertise","Slice+1"],"picked":"SKIP","floor":37.0},{"not_picked":["Underhanded Strike+1","Caltrops+1"],"picked":"Deadly Poison+1","floor":38.0},{"not_picked":["Poisoned Stab+1","Dodge and Roll","Backflip+1"],"picked":"SKIP","floor":39.0},{"not_picked":["Slice","Blur+1"],"picked":"Bane+1","floor":42.0},{"not_picked":["Riddle With Holes","Sucker Punch"],"picked":"Prepared+1","floor":44.0},{"not_picked":["Tactician+1","Dagger Spray"],"picked":"Outmaneuver+1","floor":46.0},{"not_picked":["Venomology","Dagger Spray"],"picked":"Catalyst","floor":47}],"player_experience":23890,"relics_obtained":[{"floor":6.0,"key":"Centennial Puzzle"},{"floor":9.0,"key":"Meat on the Bone"},{"floor":11.0,"key":"Ancient Tea Set"},{"floor":26.0,"key":"Frozen Egg 2"},{"floor":43.0,"key":"Snake Skull"}],"event_choices":[{"damage_healed":0.0,"max_hp_gain":0.0,"max_hp_loss":0.0,"gold_gain":0.0,"event_name":"Living Wall","player_choice":"Grow","floor":4.0,"gold_loss":0.0,"damage_taken":0.0,"cards_upgraded":["Catalyst"]},{"damage_healed":0.0,"max_hp_gain":0.0,"max_hp_loss":0.0,"gold_gain":0.0,"cards_transformed":["Strike_G"],"event_name":"Transmorgrifier","player_choice":"Transformed","floor":5.0,"gold_loss":0.0,"damage_taken":0.0,"cards_obtained":["Dodge and Roll"]},{"cards_removed":["Defend_G"],"damage_healed":0.0,"max_hp_gain":0.0,"max_hp_loss":0.0,"gold_gain":0.0,"event_name":"Purifier","player_choice":"Purged","floor":19.0,"gold_loss":0.0,"damage_taken":0.0},{"damage_healed":0.0,"max_hp_gain":0.0,"max_hp_loss":0.0,"gold_gain":250.0,"event_name":"The Joust","player_choice":"Bet on Owner","floor":24.0,"gold_loss":50.0,"damage_taken":0.0},{"damage_healed":0.0,"max_hp_gain":0.0,"max_hp_loss":0.0,"gold_gain":0.0,"event_name":"Tomb of Lord Red Mask","player_choice":"Ignored","floor":36.0,"gold_loss":0.0,"damage_taken":0.0},{"cards_removed":["Dodge and Roll"],"damage_healed":5.0,"max_hp_gain":0.0,"max_hp_loss":0.0,"gold_gain":0.0,"event_name":"Bonfire Elementals","player_choice":"Offered Common","floor":41.0,"gold_loss":0.0,"damage_taken":0.0},{"cards_removed":["Dodge and Roll"],"damage_healed":5.0,"max_hp_gain":0.0,"max_hp_loss":0.0,"gold_gain":0.0,"event_name":"Bonfire Elementals","player_choice":"Offered Special","floor":41.0,"gold_loss":0.0,"damage_taken":0.0}],"is_beta":false,"boss_relics":[{"not_picked":["Coffee Dripper","Snecko Eye"],"picked":"Ring of the Serpent"},{"not_picked":["Velvet Choker","Calling Bell"],"picked":"Orrery"}],"items_purged_floors":[28,48],"is_endless":false,"potions_floor_spawned":[2,6,11,14,16,20,30,33,37,42,46],"killed_by":"Donu and Deca","ascension_level":0}