{"gold_per_floor":[113,19,33,49,49,83,99,65,65,97,97,123,123,139,139,241,241,254,8,0,17,33,33,33,53,53,65,65],"floor_reached":28,"playtime":3317,"items_purged":[],"score":265,"play_id":"ccce5829-d0a7-4939-9e45-5fd2f6d92d8f","local_time":"20190713183416","is_ascension_mode":false,"campfire_choices":[{"data":"Heavy Blade","floor":11,"key":"SMITH"},{"floor":13,"key":"REST"},{"floor":15,"key":"REST"},{"floor":23,"key":"REST"}],"neow_cost":"NONE","seed_source_timestamp":114479758155797,"circlet_count":0,"master_deck":["Strike_R","Strike_R","Strike_R","Strike_R","Defend_R","Defend_R","Defend_R","Defend_R","Bash","Double Tap","Rampage","Inflame","Twin Strike","Heavy Blade+1","Battle Trance","Clothesline","Iron Wave","Infernal Blade","Whirlwind","Demon Form","Doubt","Writhe","Decay","Fire Breathing","Violence","Inflame","Armaments","Shrug It Off+1","Intimidate","Metallicize","True Grit"],"relics":["Burning Blood","Charon\u0027s Ashes","Paper Frog","Darkstone Periapt","Gremlin Horn","Sundial","Calling Bell","Pen Nib","Pear","Shovel","Mercury Hourglass"],"potions_floor_usage":[10,10,10,16,22,27,28,28],"damage_taken":[{"damage":16,"enemies":"Jaw Worm","floor":1,"turns":5},{"damage":0,"enemies":"Small Slimes","floor":3,"turns":3},{"damage":1,"enemies":"Cultist","floor":4,"turns":3},{"damage":36,"enemies":"3 Sentries","floor":6,"turns":6},{"damage":3,"enemies":"Large Slime","floor":7,"turns":5},{"damage":36,"enemies":"Lagavulin","floor":10,"turns":5},{"damage":26,"enemies":"3 Sentries","floor":12,"turns":6},{"damage":0,"enemies":"3 Louse","floor":14,"turns":2},{"damage":61,"enemies":"The Guardian","floor":16,"turns":12},{"damage":17,"enemies":"3 Byrds","floor":18,"turns":5},{"damage":50,"enemies":"Shell Parasite","floor":21,"turns":6},{"damage":47,"enemies":"Sentry and Sphere","floor":22,"turns":7},{"damage":19,"enemies":"Snecko","floor":25,"turns":5},{"damage":39,"enemies":"Snake Plant","floor":27,"turns":7},{"damage":33,"enemies":"Sentry and Sphere","floor":28,"turns":3}],"seed_played":"-7095142973376841074","potions_obtained":[{"floor":4,"key":"PowerPotion"},{"floor":7,"key":"EntropicBrew"},{"floor":14,"key":"PowerPotion"},{"floor":16,"key":"BloodPotion"},{"floor":21,"key":"EssenceOfSteel"},{"floor":27,"key":"SkillPotion"}],"is_trial":false,"path_per_floor":["M","$","M","M","?","E","M","?","T","E","R","E","R","M","R","B",null,"M","$","?","M","M","R","?","M","T","M","M"],"character_chosen":"IRONCLAD","items_purchased":["Inflame","Twin Strike","Violence","Inflame"],"campfire_rested":3,"item_purchase_floors":[2,2,19,19],"current_hp_per_floor":[70,70,76,80,77,47,50,50,50,40,40,20,44,50,74,19,108,97,97,97,53,39,71,71,58,58,25,0],"gold":65,"neow_bonus":"ONE_RANDOM_RARE_CARD","is_prod":false,"is_daily":false,"chose_seed":false,"campfire_upgraded":1,"win_rate":0.0,"timestamp":1563057256,"path_taken":["M","$","M","M","?","E","M","?","T","E","R","E","R","M","R","BOSS","M","$","?","M","M","R","?","M","T","?","M"],"build_version":"2019-07-05","purchased_purges":0,"victory":false,"max_hp_per_floor":[80,80,80,80,80,80,80,80,80,80,80,80,80,80,80,80,108,108,108,108,108,108,108,108,108,108,108,108],"card_choices":[{"not_picked":["True Grit","Pummel"],"picked":"Rampage","floor":1},{"not_picked":["Feel No Pain","Armaments"],"picked":"Heavy Blade","floor":3},{"not_picked":["Anger","Entrench"],"picked":"Battle Trance","floor":4},{"not_picked":["Corruption","Power Through"],"picked":"Clothesline","floor":6},{"not_picked":["Twin Strike","Cleave","Clash"],"picked":"SKIP","floor":7},{"not_picked":["Infernal Blade","Reckless Charge"],"picked":"Iron Wave","floor":10},{"not_picked":["Shrug It Off","Shockwave"],"picked":"Infernal Blade","floor":12},{"not_picked":["Inflame","Corruption"],"picked":"Whirlwind","floor":14},{"not_picked":["Dark Embrace","Immolate"],"picked":"Demon Form","floor":16},{"not_picked":["Heavy Blade","Reckless Charge"],"picked":"Fire Breathing","floor":18},{"not_picked":["Twin Strike","Body Slam"],"picked":"Armaments","floor":21},{"not_picked":["Thunderclap","Juggernaut"],"picked":"Shrug It Off+1","floor":22},{"not_picked":["Shrug It Off","Flame Barrier"],"picked":"Metallicize","floor":25},{"not_picked":["Bloodletting","Anger"],"picked":"True Grit","floor":27}],"player_experience":39272,"relics_obtained":[{"floor":6,"key":"Paper Frog"},{"floor":9,"key":"Darkstone Periapt"},{"floor":10,"key":"Gremlin Horn"},{"floor":12,"key":"Sundial"},{"floor":17,"key":"Pen Nib"},{"floor":17,"key":"Pear"},{"floor":17,"key":"Shovel"},{"floor":26,"key":"Mercury Hourglass"}],"event_choices":[{"damage_healed":0,"gold_gain":0,"player_choice":"Success","damage_taken":3,"relics_obtained":["Charon\u0027s Ashes"],"max_hp_gain":0,"max_hp_loss":0,"event_name":"Scrap Ooze","floor":5,"gold_loss":0},{"damage_healed":0,"gold_gain":0,"player_choice":"Left Gold","damage_taken":0,"max_hp_gain":0,"max_hp_loss":0,"event_name":"World of Goop","floor":8,"gold_loss":34},{"damage_healed":0,"gold_gain":0,"player_choice":"Paid Fearfully","damage_taken":0,"max_hp_gain":0,"max_hp_loss":0,"event_name":"Masked Bandits","floor":20,"gold_loss":8},{"damage_healed":0,"gold_gain":0,"cards_transformed":["Strike_R"],"player_choice":"Transformed","damage_taken":0,"max_hp_gain":0,"max_hp_loss":0,"event_name":"Transmorgrifier","floor":24,"gold_loss":0,"cards_obtained":["Intimidate"]}],"is_beta":false,"boss_relics":[{"not_picked":["Empty Cage","Philosopher\u0027s Stone"],"picked":"Calling Bell"}],"items_purged_floors":[],"is_endless":false,"potions_floor_spawned":[4,7,14,16,21,27],"killed_by":"Sentry and Sphere","ascension_level":0}