{"gold_per_floor":[209,224,224,234,248,248,283,248,323,340,340,373,373,390,390,493,493,493,30,30,30,30,30,30,30,30,30,30,30,30,30,30,30,30,30,30,30,30,30,30,30,30,30,30,30,30,30,30,30,30],"floor_reached":50,"playtime":2411,"items_purged":[],"score":527,"play_id":"b53e668d-17fc-4835-9446-e5305836522a","local_time":"20190609005851","is_ascension_mode":true,"campfire_choices":[{"floor":6,"key":"RECALL"},{"floor":11,"key":"REST"},{"floor":15,"key":"REST"},{"data":"Redo","floor":24,"key":"SMITH"},{"floor":27,"key":"REST"},{"floor":30,"key":"REST"},{"floor":32,"key":"REST"},{"floor":40,"key":"REST"},{"floor":42,"key":"REST"},{"floor":44,"key":"REST"},{"floor":49,"key":"REST"}],"neow_cost":"NONE","seed_source_timestamp":1751311833643800,"circlet_count":0,"master_deck":["Strike_B","Strike_B","Strike_B","Strike_B","Defend_B","Defend_B","Defend_B","Defend_B","Zap+1","Dualcast+1","Doom and Gloom","Defragment","Redo+1","Glacier","Multi-Cast","Redo+1","Defragment","Parasite","Conserve Battery","Biased Cognition","Melter","Undo","Tempest+1","Defragment","Ball Lightning","Cold Snap+1","Rainbow","Undo+1","Writhe","Cold Snap+1","Conserve Battery+1","Ball Lightning+1","Lockon","Stack","Conserve Battery+1","Parasite","Reboot"],"relics":["Cracked Core","Ice Cream","War Paint","Ectoplasm","Chemical X","Bottled Flame","DataDisk","Darkstone Periapt","Blood Vial","MawBank","Lizard Tail","Unceasing Top","Potion Belt"],"potions_floor_usage":[7,12,12,25,28,28,33,37,39,39,47],"damage_taken":[{"damage":0,"enemies":"2 Louse","floor":1,"turns":2},{"damage":7,"enemies":"Small Slimes","floor":2,"turns":4},{"damage":3,"enemies":"Jaw Worm","floor":4,"turns":3},{"damage":6,"enemies":"Blue Slaver","floor":5,"turns":4},{"damage":31,"enemies":"Lagavulin","floor":7,"turns":8},{"damage":12,"enemies":"Exordium Thugs","floor":10,"turns":9},{"damage":28,"enemies":"3 Sentries","floor":12,"turns":8},{"damage":1,"enemies":"Large Slime","floor":14,"turns":5},{"damage":35,"enemies":"Slime Boss","floor":16,"turns":6},{"damage":10,"enemies":"Chosen","floor":18,"turns":4},{"damage":3,"enemies":"Shell Parasite","floor":22,"turns":2},{"damage":18,"enemies":"Gremlin Leader","floor":23,"turns":4},{"damage":9,"enemies":"Shelled Parasite and Fungi","floor":25,"turns":6},{"damage":19,"enemies":"Centurion and Healer","floor":28,"turns":3},{"damage":0,"enemies":"Snake Plant","floor":29,"turns":4},{"damage":15,"enemies":"Chosen and Byrds","floor":31,"turns":2},{"damage":73,"enemies":"Automaton","floor":33,"turns":7},{"damage":16,"enemies":"3 Darklings","floor":35,"turns":5},{"damage":67,"enemies":"2 Orb Walkers","floor":37,"turns":4},{"damage":7,"enemies":"Orb Walker","floor":38,"turns":3},{"damage":0,"enemies":"Transient","floor":39,"turns":5},{"damage":20,"enemies":"Spire Growth","floor":41,"turns":4},{"damage":16,"enemies":"Jaw Worm Horde","floor":46,"turns":4},{"damage":21,"enemies":"Transient","floor":47,"turns":5},{"damage":2,"enemies":"Writhing Mass","floor":48,"turns":6},{"damage":120,"enemies":"Donu and Deca","floor":50,"turns":10}],"seed_played":"170019390180827551","potions_obtained":[{"floor":5,"key":"SkillPotion"},{"floor":7,"key":"AttackPotion"},{"floor":10,"key":"Swift Potion"},{"floor":12,"key":"Weak Potion"},{"floor":16,"key":"FearPotion"},{"floor":22,"key":"Poison Potion"},{"floor":23,"key":"SpeedPotion"},{"floor":25,"key":"LiquidBronze"},{"floor":29,"key":"PowerPotion"},{"floor":35,"key":"Explosive Potion"},{"floor":38,"key":"Strength Potion"},{"floor":46,"key":"SkillPotion"}],"is_trial":false,"path_per_floor":["M","M","?","M","M","R","E","?","T","M","R","E","?","M","R","B",null,"M","$","?","?","M","E","R","M","T","R","M","M","R","M","R","B",null,"M","?","?","M","M","R","M","R","T","R","$","M","M","M","R","B"],"character_chosen":"DEFECT","items_purchased":["Chemical X","Bottled Flame"],"campfire_rested":9,"item_purchase_floors":[19,19],"current_hp_per_floor":[75,68,68,65,59,59,28,46,46,34,56,28,46,45,67,32,75,65,65,65,65,62,44,44,37,37,59,42,44,66,53,75,2,75,59,81,14,9,11,35,17,41,41,65,65,51,32,38,64,0],"gold":30,"neow_bonus":"HUNDRED_GOLD","is_prod":false,"is_daily":false,"chose_seed":false,"campfire_upgraded":1,"win_rate":0,"timestamp":1560056331,"path_taken":["M","M","?","M","M","R","E","?","T","M","R","E","?","M","R","BOSS","M","$","?","?","M","E","R","M","T","R","?","M","R","M","R","BOSS","M","?","?","M","?","R","M","R","T","R","$","M","M","M","R","BOSS"],"build_version":"2019-01-23","purchased_purges":0,"victory":false,"max_hp_per_floor":[75,75,75,75,75,75,75,75,75,75,75,75,75,75,75,75,75,75,75,75,75,75,75,75,75,75,75,75,75,75,75,75,75,75,75,81,81,81,81,81,81,81,81,81,81,81,81,87,87,87],"card_choices":[{"not_picked":["Barrage","Leap"],"picked":"Doom and Gloom","floor":1},{"not_picked":["Blizzard","Fusion"],"picked":"Defragment","floor":2},{"not_picked":["Leap","Gash"],"picked":"Redo","floor":4},{"not_picked":["Turbo","White Noise"],"picked":"Glacier","floor":5},{"not_picked":["Gash","Hyperbeam"],"picked":"Multi-Cast","floor":7},{"not_picked":["Gash","Heatsinks"],"picked":"Redo","floor":10},{"not_picked":["Hyperbeam","Coolheaded"],"picked":"Defragment","floor":12},{"not_picked":["Steam Power","Chaos"],"picked":"Conserve Battery","floor":14},{"not_picked":["Hyperbeam","Echo Form"],"picked":"Biased Cognition","floor":16},{"not_picked":["White Noise","Streamline"],"picked":"Melter","floor":18},{"not_picked":["Rebound+1","Streamline","Sunder"],"picked":"SKIP","floor":22},{"not_picked":["Sunder","Recycle"],"picked":"Undo","floor":23},{"not_picked":["Static Discharge","Skim+1"],"picked":"Tempest+1","floor":25},{"not_picked":["Self Repair","Sweeping Beam+1"],"picked":"Defragment","floor":28},{"not_picked":["Rebound","Compile Driver"],"picked":"Ball Lightning","floor":29},{"not_picked":["Recycle","FTL"],"picked":"Cold Snap+1","floor":31},{"not_picked":["Biased Cognition","Thunder Strike"],"picked":"Rainbow","floor":33},{"not_picked":["Rebound","Sweeping Beam+1"],"picked":"Undo+1","floor":35},{"not_picked":["Redo","Auto Shields"],"picked":"Cold Snap+1","floor":37},{"not_picked":["Sweeping Beam+1","Streamline+1"],"picked":"Conserve Battery+1","floor":38},{"not_picked":["Conserve Battery","White Noise+1"],"picked":"Ball Lightning+1","floor":39},{"not_picked":["Leap+1","Beam Cell"],"picked":"Lockon","floor":41},{"not_picked":["Steam+1","Cold Snap+1"],"picked":"Stack","floor":46},{"not_picked":["Leap","Gash"],"picked":"Conserve Battery+1","floor":47},{"not_picked":["Beam Cell","Barrage+1"],"picked":"Reboot","floor":48}],"player_experience":88827,"relics_obtained":[{"floor":7,"key":"Ice Cream"},{"floor":12,"key":"War Paint"},{"floor":23,"key":"Blood Vial"},{"floor":26,"key":"MawBank"},{"floor":37,"key":"Unceasing Top"},{"floor":43,"key":"Potion Belt"}],"event_choices":[{"damage_healed":0,"gold_gain":0,"player_choice":"Grow","damage_taken":0,"max_hp_gain":0,"max_hp_loss":0,"event_name":"Living Wall","floor":3,"gold_loss":0,"cards_upgraded":["Dualcast"]},{"damage_healed":18,"gold_gain":0,"player_choice":"Healed","damage_taken":0,"max_hp_gain":0,"max_hp_loss":0,"event_name":"The Cleric","floor":8,"gold_loss":35},{"damage_healed":18,"gold_gain":0,"player_choice":"Healed and dodged fight","damage_taken":0,"max_hp_gain":0,"max_hp_loss":0,"event_name":"Mushrooms","floor":13,"gold_loss":0,"cards_obtained":["Parasite"]},{"damage_healed":0,"gold_gain":0,"player_choice":"Opened","damage_taken":0,"relics_obtained":["DataDisk"],"max_hp_gain":0,"max_hp_loss":0,"event_name":"The Mausoleum","floor":20,"gold_loss":0},{"damage_healed":0,"gold_gain":0,"player_choice":"Gave Potion","damage_taken":0,"relics_obtained":["Darkstone Periapt"],"max_hp_gain":0,"max_hp_loss":0,"event_name":"WeMeetAgain","floor":21,"gold_loss":0},{"damage_healed":19,"gold_gain":0,"player_choice":"Writhe","damage_taken":0,"max_hp_gain":0,"max_hp_loss":0,"event_name":"Winding Halls","floor":36,"gold_loss":0,"cards_obtained":["Writhe"]},{"damage_healed":0,"gold_gain":0,"player_choice":"Fight","damage_taken":0,"max_hp_gain":0,"max_hp_loss":0,"event_name":"Mysterious Sphere","floor":37,"gold_loss":0}],"is_beta":false,"boss_relics":[{"not_picked":["Fusion Hammer","Snecko Eye"],"picked":"Ectoplasm"},{"not_picked":["Empty Cage","Runic Dome"],"picked":"Lizard Tail"}],"items_purged_floors":[],"is_endless":false,"potions_floor_spawned":[5,7,10,12,16,22,23,25,29,35,38,46],"killed_by":"Donu and Deca","ascension_level":1}