{"gold_per_floor":[119,119,119,134,154,154,175,100,100,136,155,190,190,211,211,339,339,357,357,280,205,205,205,218,118,193,46,64,89,89,120,120,246,246,261,261,280,280,293,293,293,329,355,393,393,417,433,448,448,448],"floor_reached":51,"playtime":3518,"items_purged":["Strike_R","Strike_R"],"score":844,"play_id":"87e69517-1b6e-43f1-8be0-ad169e593005","local_time":"20180821190717","is_ascension_mode":true,"campfire_choices":[{"data":"Armaments","floor":6,"key":"SMITH"},{"data":"Inflame","floor":13,"key":"SMITH"},{"data":"Inflame","floor":15,"key":"SMITH"},{"floor":23,"key":"REST"},{"floor":30,"key":"REST"},{"floor":32,"key":"REST"},{"data":"Heavy Blade","floor":40,"key":"SMITH"},{"data":"Double Tap","floor":45,"key":"SMITH"},{"data":"Battle Trance","floor":49,"key":"SMITH"}],"neow_cost":"","seed_source_timestamp":486021937777642,"circlet_count":0,"master_deck":["Strike_R","Strike_R","Defend_R","Defend_R","Defend_R","Defend_R","Bash","Armaments+1","Iron Wave","Battle Trance","Flex","Inflame+1","Inflame+1","Double Tap+1","Whirlwind","J.A.X.","Shrug It Off","Flex+1","Shrug It Off","Battle Trance+1","Heavy Blade+1","Madness","Warcry+1"],"relics":["Burning Blood","Golden Idol","Blue Candle","Meat on the Bone","Art of War","Vajra","Philosopher\u0027s Stone","CultistMask","Pen Nib","Paper Frog","Oddly Smooth Stone","Charon\u0027s Ashes","Velvet Choker","Orichalcum","Bag of Marbles","Thread and Needle"],"potions_floor_usage":[16,33,33,33,46,46,50,50],"damage_taken":[{"damage":16,"enemies":"Small Slimes","floor":1,"turns":5},{"damage":4,"enemies":"Jaw Worm","floor":4,"turns":8},{"damage":1,"enemies":"Cultist","floor":5,"turns":4},{"damage":14,"enemies":"Exordium Thugs","floor":7,"turns":7},{"damage":10,"enemies":"Lagavulin","floor":10,"turns":11},{"damage":9,"enemies":"3 Louse","floor":11,"turns":4},{"damage":19,"enemies":"3 Sentries","floor":12,"turns":11},{"damage":9,"enemies":"Red Slaver","floor":14,"turns":3},{"damage":23,"enemies":"Slime Boss","floor":16,"turns":6},{"damage":70,"enemies":"3 Byrds","floor":18,"turns":6},{"damage":4,"enemies":"Spheric Guardian","floor":24,"turns":3},{"damage":23,"enemies":"Snake Plant","floor":28,"turns":3},{"damage":0,"enemies":"3 Cultists","floor":29,"turns":3},{"damage":46,"enemies":"Slavers","floor":31,"turns":5},{"damage":24,"enemies":"Champ","floor":33,"turns":7},{"damage":13,"enemies":"3 Shapes","floor":35,"turns":5},{"damage":3,"enemies":"Flame Bruiser 1 Orb","floor":37,"turns":3},{"damage":26,"enemies":"Maw","floor":39,"turns":6},{"damage":14,"enemies":"Giant Head","floor":42,"turns":6},{"damage":9,"enemies":"Nemesis","floor":44,"turns":5},{"damage":3,"enemies":"Flame Bruiser 2 Orb","floor":46,"turns":3},{"damage":6,"enemies":"4 Shapes","floor":47,"turns":2},{"damage":3,"enemies":"Transient","floor":48,"turns":5},{"damage":55,"enemies":"Awakened One","floor":50,"turns":10}],"seed_played":"-7546197789982935724","potions_obtained":[{"floor":10,"key":"LiquidBronze"},{"floor":11,"key":"LiquidBronze"},{"floor":12,"key":"Ancient Potion"},{"floor":14,"key":"Weak Potion"},{"floor":16,"key":"SpeedPotion"},{"floor":28,"key":"SkillPotion"},{"floor":31,"key":"Energy Potion"},{"floor":33,"key":"SpeedPotion"},{"floor":37,"key":"Block Potion"},{"floor":39,"key":"PowerPotion"},{"floor":47,"key":"Weak Potion"}],"is_trial":false,"path_per_floor":["M","?","?","M","M","R","M","$","T","E","M","E","R","M","R","B",null,"M","?","?","?","T","R","M","$","T","$","M","M","R","E","R","B",null,"M","?","M","?","M","R","?","E","T","E","R","M","M","M","R","B"],"character_chosen":"IRONCLAD","items_purchased":["Oddly Smooth Stone"],"campfire_rested":3,"item_purchase_floors":[27],"current_hp_per_floor":[70,70,67,69,74,74,66,66,66,62,59,46,46,55,55,50,74,22,22,22,22,22,44,46,46,46,46,41,47,69,41,63,45,74,67,67,70,61,53,53,74,66,66,63,63,66,66,69,69,32],"gold":448,"neow_bonus":"","is_prod":false,"is_daily":false,"chose_seed":false,"campfire_upgraded":6,"win_rate":0,"timestamp":1534892837,"path_taken":["M","?","?","?","M","R","M","?","T","E","M","E","R","M","R","BOSS","M","?","?","?","?","R","M","$","T","?","M","M","R","E","R","BOSS","M","?","?","?","M","R","?","E","T","E","R","M","?","M","R","BOSS"],"build_version":"2018-08-16","purchased_purges":2,"victory":true,"max_hp_per_floor":[80,74,74,74,74,74,74,74,74,74,74,74,74,74,74,74,74,74,74,74,74,74,74,74,74,74,74,74,74,74,74,74,74,74,74,74,74,74,74,74,74,74,74,74,74,74,74,74,74,74],"card_choices":[{"not_picked":["Thunderclap","Warcry"],"picked":"Armaments","floor":1},{"not_picked":["Sentinel","Fire Breathing"],"picked":"Iron Wave","floor":4},{"not_picked":["Metallicize","Sword Boomerang"],"picked":"Battle Trance","floor":5},{"not_picked":["Disarm","Cleave","Twin Strike"],"picked":"SKIP","floor":7},{"not_picked":["Uppercut","Infernal Blade"],"picked":"Flex","floor":10},{"not_picked":["Dropkick","Rampage","Reckless Charge"],"picked":"SKIP","floor":11},{"not_picked":["Thunderclap","Cleave"],"picked":"Inflame","floor":12},{"not_picked":["Shockwave","Second Wind"],"picked":"Inflame","floor":14},{"not_picked":["Fiend Fire","Offering"],"picked":"Double Tap","floor":16},{"not_picked":["Cleave+1","Pommel Strike"],"picked":"Whirlwind","floor":18},{"not_picked":["Anger","Cleave+1"],"picked":"Shrug It Off","floor":24},{"not_picked":["Headbutt","Second Wind","Twin Strike+1"],"picked":"SKIP","floor":28},{"not_picked":["Power Through","Dropkick+1"],"picked":"Flex+1","floor":29},{"not_picked":["Fiend Fire","Perfected Strike","Corruption"],"picked":"SKIP","floor":31},{"not_picked":["Hemokinesis+1","Burning Pact+1"],"picked":"Shrug It Off","floor":35},{"not_picked":["Perfected Strike","Disarm+1"],"picked":"Heavy Blade","floor":37},{"not_picked":["Sentinel+1","Flex","Rampage"],"picked":"SKIP","floor":39},{"not_picked":["Searing Blow","Second Wind","Rampage+1"],"picked":"SKIP","floor":42},{"not_picked":["Demon Form","Havoc+1","Corruption"],"picked":"SKIP","floor":44},{"not_picked":["Warcry","Shrug It Off","Rupture"],"picked":"SKIP","floor":46},{"not_picked":["Sword Boomerang","Havoc+1","Dropkick+1"],"picked":"SKIP","floor":47},{"not_picked":["Reckless Charge+1","Fiend Fire"],"picked":"Warcry+1","floor":48}],"player_experience":113032,"relics_obtained":[{"floor":9,"key":"Meat on the Bone"},{"floor":10,"key":"Art of War"},{"floor":12,"key":"Vajra"},{"floor":22,"key":"Pen Nib"},{"floor":26,"key":"Paper Frog"},{"floor":31,"key":"Charon\u0027s Ashes"},{"floor":42,"key":"Orichalcum"},{"floor":43,"key":"Bag of Marbles"},{"floor":44,"key":"Thread and Needle"}],"event_choices":[{"event_name":"Golden Idol","player_choice":"Lose Max HP","floor":2,"damage_taken":0},{"event_name":"Scrap Ooze","player_choice":"success","floor":3,"damage_taken":3},{"event_name":"FaceTrader","player_choice":"Trade","floor":19,"damage_taken":0},{"event_name":"Drug Dealer","player_choice":"Got JAXXED","floor":20,"damage_taken":0},{"event_name":"Beggar","player_choice":"Gave Gold","floor":21,"damage_taken":0},{"event_name":"Duplicator","player_choice":"One dupe","floor":36,"damage_taken":0},{"event_name":"Winding Halls","player_choice":"Embrace Madness","floor":38,"damage_taken":0},{"event_name":"Bonfire Elementals","player_choice":"UNCOMMON","floor":41,"damage_taken":0}],"is_beta":false,"boss_relics":[{"not_picked":["Orrery","Tiny House"],"picked":"Philosopher\u0027s Stone"},{"not_picked":["Black Blood","Snecko Eye"],"picked":"Velvet Choker"}],"items_purged_floors":[8,25],"is_endless":false,"potions_floor_spawned":[10,11,12,14,16,28,31,33,37,39,44,47],"ascension_level":3}