{"gold_per_floor":[119,44,44,54,66,99,99,133,157,188,200,212,241,266,278,389,401,432,444,456,480,492,535,547,559],"floor_reached":25,"playtime":1097,"items_purged":["Strike_R"],"score":263,"play_id":"e98b4f32-0acb-4933-88e1-7b4519278f7a","local_time":"20190716183453","is_ascension_mode":true,"campfire_choices":[{"data":"Armaments","floor":7.0,"key":"SMITH"},{"data":"Body Slam","floor":15.0,"key":"SMITH"},{"floor":24,"key":"REST"}],"neow_cost":"NONE","seed_source_timestamp":200920241097805,"circlet_count":0,"master_deck":["Strike_R","Strike_R","Defend_R","Defend_R","Defend_R","Defend_R","Bash","Inflame","Juggernaut","Cleave","Armaments+1","Spot Weakness","Body Slam+1","Impervious","Heavy Blade","Spot Weakness+1"],"special_seed":0,"relics":["Burning Blood","Boot","Lantern","Oddly Smooth Stone","MawBank","White Beast Statue","Regal Pillow"],"potions_floor_usage":[21,23],"damage_taken":[{"damage":0.0,"enemies":"Small Slimes","floor":1.0,"turns":5.0},{"damage":0.0,"enemies":"Cultist","floor":4.0,"turns":5.0},{"damage":7.0,"enemies":"Jaw Worm","floor":5.0,"turns":4.0},{"damage":37.0,"enemies":"Gremlin Nob","floor":6.0,"turns":5.0},{"damage":22.0,"enemies":"3 Sentries","floor":8.0,"turns":8.0},{"damage":5.0,"enemies":"Lagavulin","floor":10.0,"turns":8.0},{"damage":16.0,"enemies":"Exordium Thugs","floor":13.0,"turns":4.0},{"damage":9.0,"enemies":"2 Fungi Beasts","floor":14.0,"turns":3.0},{"damage":43.0,"enemies":"Slime Boss","floor":16.0,"turns":10.0},{"damage":18.0,"enemies":"3 Byrds","floor":18.0,"turns":6.0},{"damage":11,"enemies":"Spheric Guardian","floor":21,"turns":3},{"damage":46,"enemies":"Slavers","floor":23,"turns":5},{"damage":50,"enemies":"Gremlin Leader","floor":25,"turns":6}],"seed_played":"-4187730104263655966","potions_obtained":[{"floor":1.0,"key":"BloodPotion"},{"floor":4.0,"key":"Regen Potion"},{"floor":10.0,"key":"Block Potion"},{"floor":14.0,"key":"Ancient Potion"},{"floor":18.0,"key":"Poison Potion"},{"floor":21,"key":"AttackPotion"},{"floor":23,"key":"Ancient Potion"}],"is_trial":false,"path_per_floor":["M","$","?","M","M","E","R","E","T","E","T","?","M","M","R","B",null,"M","?","?","M","?","E","R","E"],"character_chosen":"IRONCLAD","items_purchased":[],"campfire_rested":1,"item_purchase_floors":[],"current_hp_per_floor":[80,80,80,80,79,48,48,32,32,48,48,40,50,47,47,10,80,68,68,53,48,48,8,48,0],"gold":559,"neow_bonus":"REMOVE_CARD","is_prod":false,"is_daily":false,"chose_seed":false,"campfire_upgraded":2,"win_rate":0,"timestamp":1563316493,"path_taken":["M","$","?","?","M","E","R","E","T","E","?","?","M","M","R","BOSS","M","?","?","M","?","E","R","E"],"build_version":"2019-07-05","purchased_purges":1,"victory":false,"max_hp_per_floor":[80,80,80,80,80,80,80,80,80,80,80,80,80,80,80,80,80,80,80,85,85,85,85,85,85],"card_choices":[{"not_picked":["Battle Trance","Perfected Strike"],"picked":"Inflame","floor":1.0},{"not_picked":["Dual Wield","Burning Pact","Pummel"],"picked":"SKIP","floor":4.0},{"not_picked":["Perfected Strike","Blood for Blood"],"picked":"Cleave","floor":5.0},{"not_picked":["Dual Wield","Power Through"],"picked":"Armaments","floor":6.0},{"not_picked":["Perfected Strike","Juggernaut"],"picked":"Spot Weakness","floor":8.0},{"not_picked":["Armaments","Warcry"],"picked":"Body Slam","floor":10.0},{"not_picked":["Seeing Red","Pommel Strike","Headbutt"],"picked":"SKIP","floor":13.0},{"not_picked":["Cleave","Fire Breathing","Perfected Strike"],"picked":"SKIP","floor":14.0},{"not_picked":["Double Tap","Juggernaut"],"picked":"Impervious","floor":16.0},{"not_picked":["Pommel Strike","Flex"],"picked":"Heavy Blade","floor":18.0},{"not_picked":["Power Through+1","Metallicize","Hemokinesis"],"picked":"SKIP","floor":21},{"not_picked":["Clash","Feel No Pain"],"picked":"Spot Weakness+1","floor":23}],"player_experience":140820,"relics_obtained":[{"floor":6.0,"key":"Boot"},{"floor":8.0,"key":"Lantern"},{"floor":9.0,"key":"Oddly Smooth Stone"},{"floor":10.0,"key":"MawBank"},{"floor":23,"key":"Regal Pillow"}],"event_choices":[{"damage_healed":0.0,"max_hp_gain":0.0,"max_hp_loss":0.0,"gold_gain":0.0,"cards_transformed":["Strike_R"],"event_name":"Transmorgrifier","player_choice":"Transformed","floor":3.0,"gold_loss":0.0,"damage_taken":0.0,"cards_obtained":["Juggernaut"]},{"damage_healed":0.0,"max_hp_gain":0.0,"max_hp_loss":0.0,"gold_gain":0.0,"event_name":"Wheel of Change","player_choice":"Damaged","floor":12.0,"gold_loss":0.0,"damage_taken":8.0},{"damage_healed":0.0,"max_hp_gain":0.0,"max_hp_loss":0.0,"gold_gain":0.0,"event_name":"Ghosts","player_choice":"Ignored","floor":19.0,"gold_loss":0.0,"damage_taken":0.0},{"damage_healed":0.0,"max_hp_gain":5.0,"max_hp_loss":0.0,"gold_gain":0.0,"event_name":"Forgotten Altar","player_choice":"Shed Blood","floor":20.0,"gold_loss":0.0,"damage_taken":20.0},{"damage_healed":0,"gold_gain":0,"player_choice":"Ignored","damage_taken":0,"max_hp_gain":0,"max_hp_loss":0,"event_name":"N\u0027loth","floor":22,"gold_loss":0}],"is_beta":false,"boss_relics":[{"not_picked":["Busted Crown","Eternal Feather"],"picked":"White Beast Statue"}],"items_purged_floors":[2],"is_endless":false,"potions_floor_spawned":[1,4,10,14,18,21,23],"killed_by":"Gremlin Leader","ascension_level":2}