{"gold_per_floor":[113,113,123,133,146,146,162,191,218,236,236,252,252,134,134,213,213,233,126,136,136,153,153,168,168,168,187,187,187,198,233,233,304,304,322,91,102,149,149],"floor_reached":39,"playtime":2722,"items_purged":["Strike_G","Bane"],"score":810,"play_id":"ef86800f-f008-4898-932f-7ed9f127e6d4","local_time":"20190517001407","is_ascension_mode":true,"campfire_choices":[{"data":"Skewer","floor":6,"key":"SMITH"},{"data":"Bouncing Flask","floor":11,"key":"SMITH"},{"data":"Noxious Fumes","floor":15,"key":"SMITH"},{"data":"Well Laid Plans","floor":23,"key":"SMITH"},{"data":"After Image","floor":25,"key":"SMITH"},{"floor":29,"key":"REST"},{"data":"Tools of the Trade","floor":32,"key":"SMITH"}],"neow_cost":"NONE","seed_source_timestamp":102002806148770,"circlet_count":0,"master_deck":["AscendersBane","Survivor","Neutralize+1","Well Laid Plans+1","Skewer+1","Leg Sweep","Acrobatics","Quick Slash","Bouncing Flask+1","After Image+1","Tools of the Trade+1","Noxious Fumes+1","Die Die Die","Sucker Punch","Reflex","Dodge and Roll","Heel Hook","Underhanded Strike","Noxious Fumes","Dodge and Roll","Good Instincts","Footwork+1","Deflect","PiercingWail+1","PiercingWail+1","Masterful Stab","Masterful Stab","A Thousand Cuts+1","Well Laid Plans+1","Adrenaline","Deflect","Leg Sweep+1"],"relics":["Sozu","Pantograph","Lantern","Pandora\u0027s Box","Frozen Egg 2","Potion Belt","Cursed Key","FossilizedHelix"],"potions_floor_usage":[],"damage_taken":[{"damage":0,"enemies":"Jaw Worm","floor":1,"turns":5},{"damage":8,"enemies":"Small Slimes","floor":3,"turns":5},{"damage":0,"enemies":"Cultist","floor":4,"turns":3},{"damage":0,"enemies":"3 Louse","floor":5,"turns":4},{"damage":5,"enemies":"Lots of Slimes","floor":7,"turns":7},{"damage":4,"enemies":"3 Sentries","floor":8,"turns":10},{"damage":9,"enemies":"Red Slaver","floor":10,"turns":3},{"damage":6,"enemies":"3 Louse","floor":12,"turns":4},{"damage":8,"enemies":"Hexaghost","floor":16,"turns":7},{"damage":3,"enemies":"3 Byrds","floor":18,"turns":4},{"damage":0,"enemies":"Spheric Guardian","floor":20,"turns":3},{"damage":29,"enemies":"Shelled Parasite and Fungi","floor":22,"turns":6},{"damage":7,"enemies":"Snecko","floor":24,"turns":5},{"damage":17,"enemies":"Chosen and Byrds","floor":27,"turns":8},{"damage":6,"enemies":"Cultist and Chosen","floor":30,"turns":5},{"damage":7,"enemies":"Book of Stabbing","floor":31,"turns":6},{"damage":10,"enemies":"Champ","floor":33,"turns":13},{"damage":3,"enemies":"Orb Walker","floor":35,"turns":4},{"damage":0,"enemies":"3 Darklings","floor":37,"turns":5},{"damage":65,"enemies":"2 Orb Walkers","floor":38,"turns":6},{"damage":17,"enemies":"Spire Growth","floor":39,"turns":2}],"seed_played":"-76693064376805005","potions_obtained":[],"is_trial":false,"path_per_floor":["M","?","M","M","M","R","M","E","T","M","R","M","?","$","R","B",null,"M","$","M","?","M","R","M","R","T","M","?","R","M","E","R","B",null,"M","$","M","?","M"],"character_chosen":"THE_SILENT","items_purchased":["Noxious Fumes","Good Instincts","Adrenaline","Deflect"],"campfire_rested":1,"item_purchase_floors":[14,19,36,36],"current_hp_per_floor":[59,39,31,31,31,31,26,22,22,13,13,7,7,7,7,24,56,53,53,53,76,47,47,40,40,40,23,23,45,39,32,32,47,69,66,66,66,1,0],"gold":149,"neow_bonus":"BOSS_RELIC","is_prod":false,"is_daily":false,"chose_seed":false,"campfire_upgraded":6,"win_rate":0,"timestamp":1558066447,"path_taken":["M","?","M","M","M","R","M","E","T","M","R","M","?","$","R","BOSS","M","$","M","?","M","R","?","R","T","M","?","R","?","E","R","BOSS","M","$","M","?","M"],"build_version":"2019-01-23","purchased_purges":2,"victory":false,"max_hp_per_floor":[66,66,66,66,66,66,66,66,66,66,66,66,66,66,66,66,66,66,66,66,76,76,76,76,76,76,76,76,76,76,76,76,76,76,76,76,76,76,76],"card_choices":[{"not_picked":["Slice","Poisoned Stab"],"picked":"Well Laid Plans","floor":1},{"not_picked":["Outmaneuver","Choke"],"picked":"Skewer","floor":3},{"not_picked":["PiercingWail","Bane"],"picked":"Leg Sweep","floor":4},{"not_picked":["Prepared","Underhanded Strike"],"picked":"Acrobatics","floor":5},{"not_picked":["Prepared","Bane"],"picked":"Quick Slash","floor":7},{"not_picked":["Poisoned Stab","Catalyst"],"picked":"Bouncing Flask","floor":8},{"not_picked":["Choke","Slice","Deflect"],"picked":"SKIP","floor":10},{"not_picked":["PiercingWail","Bouncing Flask"],"picked":"After Image","floor":12},{"not_picked":["A Thousand Cuts","Unload"],"picked":"Die Die Die","floor":16},{"not_picked":["Terror","Outmaneuver"],"picked":"Dodge and Roll","floor":18},{"not_picked":["PiercingWail","Outmaneuver"],"picked":"Footwork+1","floor":20},{"not_picked":["Flechettes","Outmaneuver"],"picked":"Deflect","floor":22},{"not_picked":["Underhanded Strike","Sucker Punch"],"picked":"PiercingWail+1","floor":24},{"not_picked":["Poisoned Stab+1","Dodge and Roll"],"picked":"PiercingWail+1","floor":27},{"not_picked":["Eviscerate","Bouncing Flask"],"picked":"Masterful Stab","floor":30},{"not_picked":["Cloak And Dagger","Sucker Punch+1"],"picked":"Masterful Stab","floor":31},{"not_picked":["Tools of the Trade+1","Storm of Steel"],"picked":"A Thousand Cuts+1","floor":33},{"not_picked":["Infinite Blades+1","Slice"],"picked":"Well Laid Plans+1","floor":35},{"not_picked":["Expertise","Skewer+1","Choke+1"],"picked":"SKIP","floor":37},{"not_picked":["Expertise","Skewer+1","Choke+1"],"picked":"SKIP","floor":37},{"not_picked":["Reflex","Backstab"],"picked":"Leg Sweep+1","floor":38}],"player_experience":1370146,"relics_obtained":[{"floor":8,"key":"Pantograph"},{"floor":9,"key":"Lantern"},{"floor":26,"key":"Frozen Egg 2"},{"floor":31,"key":"Potion Belt"},{"floor":38,"key":"FossilizedHelix"}],"event_choices":[{"damage_healed":0,"gold_gain":0,"player_choice":"Entered Light","damage_taken":20,"max_hp_gain":0,"max_hp_loss":0,"event_name":"Shining Light","floor":2,"gold_loss":0,"cards_upgraded":["Strike_G","Defend_G"]},{"damage_healed":0,"gold_gain":0,"cards_transformed":["Strike_G"],"player_choice":"Change","damage_taken":0,"max_hp_gain":0,"max_hp_loss":0,"event_name":"Living Wall","floor":13,"gold_loss":0,"cards_obtained":["Tools of the Trade"]},{"cards_removed":["Tools of the Trade"],"damage_healed":13,"gold_gain":0,"player_choice":"Offered Rare","damage_taken":0,"max_hp_gain":10,"max_hp_loss":0,"event_name":"Bonfire Elementals","floor":21,"gold_loss":0},{"damage_healed":0,"gold_gain":0,"player_choice":"Upgraded","damage_taken":0,"max_hp_gain":0,"max_hp_loss":0,"event_name":"Upgrade Shrine","floor":28,"gold_loss":0,"cards_upgraded":["Neutralize"]},{"damage_healed":0,"gold_gain":0,"player_choice":"Fight","damage_taken":0,"max_hp_gain":0,"max_hp_loss":0,"event_name":"Mysterious Sphere","floor":38,"gold_loss":0}],"is_beta":false,"boss_relics":[{"not_picked":["HoveringKite","WristBlade"],"picked":"Pandora\u0027s Box"},{"not_picked":["Empty Cage","Runic Dome"],"picked":"Cursed Key"}],"items_purged_floors":[14,36],"is_endless":false,"potions_floor_spawned":[5,12,16,20,30,37,38],"killed_by":"Spire Growth","ascension_level":20}