{"gold_per_floor":[114,114,39,39,56,88,88,106,186,186,24,53,67,82,82,160,160,170,170,182,192,192,192,192,25,25,25,25,41,41,41],"floor_reached":31,"playtime":986,"items_purged":[],"score":536,"play_id":"5aa27d7a-0ee7-4311-8b0b-fc7a9c971bc7","local_time":"20190502212533","is_ascension_mode":true,"campfire_choices":[{"data":"Barrage","floor":7.0,"key":"SMITH"},{"data":"Biased Cognition","floor":10.0,"key":"SMITH"},{"data":"Defragment","floor":15.0,"key":"SMITH"},{"floor":23.0,"key":"REST"},{"data":"Coolheaded","floor":27.0,"key":"SMITH"},{"data":"Ghostly","floor":30.0,"key":"SMITH"}],"neow_cost":"NONE","seed_source_timestamp":241291423684838,"circlet_count":0,"master_deck":["AscendersBane","Strike_B","Defend_B+1","Defend_B","Defend_B","Zap","Dualcast+1","Coolheaded+1","Biased Cognition+1","Barrage+1","Coolheaded","Biased Cognition","Ball Lightning","Defragment+1","Creative AI","Loop","BootSequence","Ghostly","Ghostly","Ghostly+1","Double Energy","Coolheaded","Self Repair"],"special_seed":0,"relics":["Cracked Core","NeowsBlessing","Strawberry","Dodecahedron","Bronze Scales","Gremlin Horn","Black Star","PreservedInsect","Bag of Marbles"],"potions_floor_usage":[31],"damage_taken":[{"damage":0.0,"enemies":"Jaw Worm","floor":1.0,"turns":1.0},{"damage":0.0,"enemies":"Small Slimes","floor":5.0,"turns":1.0},{"damage":0.0,"enemies":"Gremlin Nob","floor":6.0,"turns":1.0},{"damage":0.0,"enemies":"2 Louse","floor":8.0,"turns":1.0},{"damage":5.0,"enemies":"Lagavulin","floor":12.0,"turns":5.0},{"damage":0.0,"enemies":"Exordium Wildlife","floor":13.0,"turns":2.0},{"damage":0.0,"enemies":"Lots of Slimes","floor":14.0,"turns":2.0},{"damage":20.0,"enemies":"Hexaghost","floor":16.0,"turns":6.0},{"damage":31.0,"enemies":"2 Thieves","floor":18.0,"turns":4.0},{"damage":4.0,"enemies":"3 Byrds","floor":20.0,"turns":4.0},{"damage":24.0,"enemies":"Snake Plant","floor":21.0,"turns":4.0},{"damage":0.0,"enemies":"Chosen and Byrds","floor":29.0,"turns":6.0},{"damage":24,"enemies":"Book of Stabbing","floor":31,"turns":3}],"seed_played":"4413570869928809940","potions_obtained":[{"floor":12.0,"key":"Swift Potion"},{"floor":14.0,"key":"Swift Potion"},{"floor":20.0,"key":"Poison Potion"},{"floor":29.0,"key":"SpeedPotion"}],"is_trial":false,"path_per_floor":["M","?","?","?","M","E","R","M","T","R","$","E","M","M","R","B",null,"M","?","M","M","?","R","?","$","T","R","$","M","R","E"],"character_chosen":"DEFECT","items_purchased":["Bronze Scales","PreservedInsect"],"campfire_rested":1,"item_purchase_floors":[11,25],"current_hp_per_floor":[64,57,57,36,36,43,43,43,43,43,43,38,38,38,38,18,63,32,32,28,4,4,15,15,15,15,15,15,15,15,0],"gold":41,"neow_bonus":"THREE_ENEMY_KILL","is_prod":false,"is_daily":false,"chose_seed":false,"campfire_upgraded":5,"win_rate":0,"timestamp":1556846733,"path_taken":["M","?","?","?","M","E","R","?","T","R","$","E","?","M","R","BOSS","M","?","M","M","?","R","?","?","T","R","$","?","R","E"],"build_version":"2019-01-23","purchased_purges":0,"victory":false,"max_hp_per_floor":[71,71,71,71,71,78,78,78,78,78,78,78,78,78,78,78,78,78,78,78,78,39,39,39,39,39,39,39,39,39,39],"card_choices":[{"not_picked":["Barrage","Leap"],"picked":"Coolheaded","floor":1.0},{"not_picked":["Chill","Lockon"],"picked":"Biased Cognition","floor":5.0},{"not_picked":["Leap","Machine Learning"],"picked":"Barrage","floor":6.0},{"not_picked":["Fusion","Redo"],"picked":"Coolheaded","floor":8.0},{"not_picked":["Streamline","Conserve Battery"],"picked":"Biased Cognition","floor":12.0},{"not_picked":["Tempest","Consume"],"picked":"Ball Lightning","floor":13.0},{"not_picked":["Stack","Leap"],"picked":"Defragment","floor":14.0},{"not_picked":["Amplify","Biased Cognition"],"picked":"Creative AI","floor":16.0},{"not_picked":["Melter","Beam Cell","Compile Driver"],"picked":"SKIP","floor":18.0},{"not_picked":["Turbo","Tempest"],"picked":"BootSequence","floor":20.0},{"not_picked":["Stack","Darkness","Turbo"],"picked":"SKIP","floor":21.0},{"not_picked":["Darkness","Cold Snap"],"picked":"Self Repair","floor":29.0}],"player_experience":1132216,"relics_obtained":[{"floor":6.0,"key":"Strawberry"},{"floor":9.0,"key":"Dodecahedron"},{"floor":12.0,"key":"Gremlin Horn"},{"floor":26.0,"key":"Bag of Marbles"}],"event_choices":[{"cards_removed":["Strike_B"],"damage_healed":0.0,"max_hp_gain":0.0,"max_hp_loss":0.0,"gold_gain":0.0,"event_name":"Golden Wing","player_choice":"Card Removal","floor":2.0,"gold_loss":0.0,"damage_taken":7.0},{"cards_removed":["Defend_B"],"damage_healed":0.0,"max_hp_gain":0.0,"max_hp_loss":0.0,"gold_gain":0.0,"event_name":"The Cleric","player_choice":"Card Removal","floor":3.0,"gold_loss":75.0,"damage_taken":0.0},{"damage_healed":0.0,"max_hp_gain":0.0,"max_hp_loss":0.0,"gold_gain":0.0,"event_name":"Shining Light","player_choice":"Entered Light","floor":4.0,"gold_loss":0.0,"damage_taken":21.0,"cards_upgraded":["Defend_B","Dualcast"]},{"damage_healed":0.0,"max_hp_gain":0.0,"max_hp_loss":0.0,"gold_gain":0.0,"event_name":"The Library","player_choice":"Read","floor":19.0,"gold_loss":0.0,"damage_taken":0.0,"cards_obtained":["Loop"]},{"damage_healed":0.0,"max_hp_gain":0.0,"max_hp_loss":39.0,"gold_gain":0.0,"event_name":"Ghosts","player_choice":"Became a Ghost","floor":22.0,"gold_loss":0.0,"damage_taken":0.0,"cards_obtained":["Ghostly","Ghostly","Ghostly"]},{"damage_healed":0.0,"max_hp_gain":0.0,"max_hp_loss":0.0,"gold_gain":0.0,"cards_transformed":["Strike_B","Strike_B"],"event_name":"Drug Dealer","player_choice":"Became Test Subject","floor":24.0,"gold_loss":0.0,"damage_taken":0.0,"cards_obtained":["Double Energy","Coolheaded"]}],"is_beta":false,"boss_relics":[{"not_picked":["Orrery","White Beast Statue"],"picked":"Black Star"}],"items_purged_floors":[],"is_endless":false,"potions_floor_spawned":[12,14,20,29],"killed_by":"Book of Stabbing","ascension_level":20}