{"gold_per_floor":[115,115,133,152,163,163,181,201,228,248,248,261,261,85,85,182,182,200,200,213,230,249,261,261,272,347,364,364,364,382,382,382,478,478,495,515,264,264,264,264,283,283],"floor_reached":42,"playtime":2538,"items_purged":["Strike_B","Strike_B"],"score":398,"play_id":"0a7f6ba6-4560-47ad-815e-4bacd04c38cf","local_time":"20181014180333","is_ascension_mode":false,"campfire_choices":[{"data":"Consume","floor":6,"key":"SMITH"},{"data":"Creative AI","floor":11,"key":"SMITH"},{"floor":15,"key":"REST"},{"floor":24,"key":"REST"},{"floor":29,"key":"REST"},{"floor":32,"key":"REST"},{"floor":40,"key":"REST"}],"neow_cost":"NONE","seed_source_timestamp":421803010126423,"circlet_count":0,"master_deck":["Strike_B","Strike_B","Defend_B","Defend_B","Defend_B","Defend_B","Zap+1","Dualcast","Machine Learning","Sweeping Beam","Consume+1","Cold Snap","Go for the Eyes","Ball Lightning","Cold Snap","Creative AI+1","Conserve Battery","Capacitor","Core Surge","Glacier","Conserve Battery+1","Defragment","Darkness","Turbo","Echo Form","Recycle","Steam","Bandage Up","Stack","Glacier"],"relics":["Cracked Core"],"potions_floor_usage":[16,25,27,27,30,33],"damage_taken":[{"damage":0,"enemies":"2 Louse","floor":1,"turns":2},{"damage":6,"enemies":"Jaw Worm","floor":3,"turns":3},{"damage":1,"enemies":"Cultist","floor":4,"turns":3},{"damage":12,"enemies":"Large Slime","floor":5,"turns":6},{"damage":13,"enemies":"Exordium Thugs","floor":7,"turns":4},{"damage":2,"enemies":"Looter","floor":8,"turns":2},{"damage":0,"enemies":"2 Fungi Beasts","floor":10,"turns":2},{"damage":5,"enemies":"Blue Slaver","floor":12,"turns":3},{"damage":1,"enemies":"Slime Boss","floor":16,"turns":7},{"damage":33,"enemies":"3 Byrds","floor":18,"turns":6},{"damage":14,"enemies":"Chosen","floor":20,"turns":5},{"damage":13,"enemies":"Snecko","floor":21,"turns":8},{"damage":16,"enemies":"Centurion and Healer","floor":22,"turns":10},{"damage":10,"enemies":"Shelled Parasite and Fungi","floor":23,"turns":9},{"damage":15,"enemies":"Snecko","floor":25,"turns":6},{"damage":7,"enemies":"Centurion and Healer","floor":27,"turns":7},{"damage":19,"enemies":"Snake Plant","floor":30,"turns":8},{"damage":24,"enemies":"Automaton","floor":33,"turns":13},{"damage":28,"enemies":"3 Shapes","floor":35,"turns":7},{"damage":20,"enemies":"3 Darklings","floor":36,"turns":13},{"damage":42,"enemies":"4 Shapes","floor":41,"turns":8},{"damage":2,"enemies":"Reptomancer","floor":42,"turns":2}],"seed_played":"-5863265111323543490","potions_obtained":[{"floor":3,"key":"GamblersBrew"},{"floor":5,"key":"SkillPotion"},{"floor":7,"key":"Poison Potion"},{"floor":10,"key":"Dexterity Potion"},{"floor":21,"key":"Energy Potion"},{"floor":25,"key":"Dexterity Potion"},{"floor":30,"key":"Block Potion"},{"floor":36,"key":"FocusPotion"}],"is_trial":false,"path_per_floor":["M","?","M","M","M","R","M","M","T","M","R","M","?","$","R","B",null,"M","?","M","M","M","M","R","M","T","M","?","R","M","?","R","B",null,"M","M","$","?","?","R","M"],"character_chosen":"DEFECT","items_purchased":["Streamline","Capacitor","Bandage Up","Stack"],"campfire_rested":5,"item_purchase_floors":[14,14,37,37],"current_hp_per_floor":[75,75,69,68,56,56,43,41,41,41,41,36,29,29,51,50,75,42,67,53,40,24,14,36,21,21,14,14,36,17,17,39,15,75,47,27,27,27,27,49,11,9],"gold":283,"neow_bonus":"ONE_RANDOM_RARE_CARD","is_prod":false,"is_daily":false,"chose_seed":false,"campfire_upgraded":2,"win_rate":0,"timestamp":1539554613,"path_taken":["M","?","?","M","M","R","M","M","T","M","R","M","?","$","R","BOSS","M","?","?","M","M","M","R","M","T","M","?","R","M","?","R","BOSS","M","?","$","?","?","R","M","M"],"build_version":"2018-10-11","purchased_purges":2,"victory":false,"max_hp_per_floor":[75,75,75,75,75,75,75,75,75,75,75,75,75,75,75,75,75,75,75,75,75,75,75,75,75,75,75,75,75,75,75,75,75,75,75,75,75,75,75,75,75,75],"card_choices":[{"not_picked":["Rebound","Barrage"],"picked":"Sweeping Beam","floor":1},{"not_picked":["Compile Driver","Cold Snap"],"picked":"Consume","floor":3},{"not_picked":["Beam Cell","Conserve Battery"],"picked":"Cold Snap","floor":4},{"not_picked":["Thunder Strike","Barrage"],"picked":"Go for the Eyes","floor":5},{"not_picked":["Turbo","Static Discharge"],"picked":"Ball Lightning","floor":7},{"not_picked":["Go for the Eyes","Hologram"],"picked":"Cold Snap","floor":8},{"not_picked":["Fusion","Consume"],"picked":"Creative AI","floor":10},{"not_picked":["Stack","Coolheaded"],"picked":"Conserve Battery","floor":12},{"not_picked":["Fission","Buffer"],"picked":"Core Surge","floor":16},{"not_picked":["Sunder","Stack+1"],"picked":"Glacier","floor":18},{"not_picked":["Self Repair","Leap+1"],"picked":"Conserve Battery+1","floor":20},{"not_picked":["Redo","Steam"],"picked":"Defragment","floor":21},{"not_picked":["Coolheaded","Beam Cell"],"picked":"Darkness","floor":22},{"not_picked":["FTL","Redo","Ball Lightning"],"picked":"SKIP","floor":23},{"not_picked":["Sweeping Beam","Lockon+1","Blizzard"],"picked":"SKIP","floor":25},{"not_picked":["Barrage","Streamline"],"picked":"Turbo","floor":27},{"not_picked":["Streamline","Leap","Go for the Eyes"],"picked":"SKIP","floor":30},{"not_picked":["Thunder Strike","Hyperbeam"],"picked":"Echo Form","floor":33},{"not_picked":["Steam Power","Reinforced Body"],"picked":"Recycle","floor":35},{"not_picked":["Auto Shields","Ball Lightning+1"],"picked":"Steam","floor":36},{"not_picked":["Auto Shields+1","Ball Lightning"],"picked":"Glacier","floor":41}],"player_experience":599378,"relics_obtained":[],"event_choices":[{"event_name":"Living Wall","player_choice":"Grow","floor":2,"damage_taken":0},{"event_name":"Wheel of Change","player_choice":"Damage","floor":13,"damage_taken":0},{"event_name":"The Library","player_choice":"Heal","floor":19,"damage_taken":0},{"event_name":"WeMeetAgain","player_choice":"Attack","floor":28,"damage_taken":0},{"event_name":"Ghosts","player_choice":"Ignored","floor":31,"damage_taken":0},{"event_name":"Falling","player_choice":"Removed Attack","floor":38,"damage_taken":0},{"event_name":"SensoryStone","player_choice":"Memory 1","floor":39,"damage_taken":0}],"is_beta":false,"boss_relics":[{"not_picked":["Velvet Choker","Fusion Hammer","Sozu"]},{"not_picked":["FrozenCore","Busted Crown","Snecko Eye"]}],"items_purged_floors":[14,37],"is_endless":false,"potions_floor_spawned":[3,5,7,10,21,25,30,36],"killed_by":"Reptomancer","ascension_level":0}