{"gold_per_floor":[110,122,122,72,72,72,107,125,125,15,15,15,27,51,51,128,128,82,182,182,192,202,202,202,202,202,35,35,35,45,74,74,150,150,161,172,219,319,332,332,358,376,676,676,709,34,34,34,34,34,34,34,34,34,66,66],"floor_reached":57,"playtime":5599,"items_purged":["Strike_G","Strike_G+1"],"score":2773,"play_id":"f8239865-3e5b-4c46-969a-0c87159d2687","local_time":"20190520224232","is_ascension_mode":true,"campfire_choices":[{"data":"Dash","floor":6.0,"key":"SMITH"},{"data":"Dagger Spray","floor":11.0,"key":"SMITH"},{"data":"Well Laid Plans","floor":15.0,"key":"SMITH"},{"floor":23.0,"key":"REST"},{"data":"Caltrops","floor":25.0,"key":"SMITH"},{"data":"Neutralize","floor":28.0,"key":"SMITH"},{"data":"Crippling Poison","floor":32.0,"key":"SMITH"},{"floor":40.0,"key":"DIG"},{"floor":44.0,"key":"DIG"},{"floor":47.0,"key":"RECALL"},{"floor":49.0,"key":"DIG"},{"floor":53.0,"key":"DIG"}],"neow_cost":"NONE","seed_source_timestamp":0,"circlet_count":0,"master_deck":["AscendersBane","Defend_G+1","Defend_G+1","Defend_G+1","Defend_G+1","Defend_G+1","Strike_G+1","Strike_G+1","Survivor","Neutralize+1","Bouncing Flask+1","Dash+1","Leg Sweep","Malaise+1","Well Laid Plans+1","Wraith Form v2+1","Caltrops+1","Escape Plan","Setup+1","Infinite Blades+1","Crippling Poison+1","Bane+1","Malaise","Deadly Poison+1","Catalyst","Tools of the Trade","Cloak And Dagger+1","PiercingWail","Deadly Poison","Footwork+1"],"special_seed":0,"relics":["Ring of the Snake","Smiling Mask","FossilizedHelix","Dream Catcher","Letter Opener","War Paint","Eternal Feather","Torii","Incense Burner","PreservedInsect","Anchor","Fusion Hammer","Ginger","Shovel","Centennial Puzzle","Bottled Tornado","Old Coin","Vajra","Regal Pillow","Mummified Hand","Dodecahedron","Bag of Preparation","Sundial","Bronze Scales"],"potions_floor_usage":[56],"damage_taken":[{"damage":10.0,"enemies":"Small Slimes","floor":1.0,"turns":7.0},{"damage":0.0,"enemies":"Jaw Worm","floor":2.0,"turns":4.0},{"damage":0.0,"enemies":"Lagavulin","floor":7.0,"turns":5.0},{"damage":0.0,"enemies":"2 Louse","floor":8.0,"turns":2.0},{"damage":0.0,"enemies":"Red Slaver","floor":13.0,"turns":3.0},{"damage":4.0,"enemies":"Slime Boss","floor":16.0,"turns":12.0},{"damage":1.0,"enemies":"2 Thieves","floor":18.0,"turns":5.0},{"damage":13.0,"enemies":"Colosseum Slavers","floor":19.0,"turns":6.0},{"damage":29.0,"enemies":"Colosseum Nobs","floor":19.0,"turns":6.0},{"damage":0.0,"enemies":"3 Byrds","floor":21.0,"turns":3.0},{"damage":2.0,"enemies":"3 Cultists","floor":22.0,"turns":6.0},{"damage":0.0,"enemies":"Sentry and Sphere","floor":30.0,"turns":9.0},{"damage":1.0,"enemies":"Slavers","floor":31.0,"turns":5.0},{"damage":0.0,"enemies":"Champ","floor":33.0,"turns":16.0},{"damage":0.0,"enemies":"3 Shapes","floor":35.0,"turns":4.0},{"damage":0.0,"enemies":"Orb Walker","floor":36.0,"turns":5.0},{"damage":33.0,"enemies":"2 Orb Walkers","floor":37.0,"turns":8.0},{"damage":0.0,"enemies":"Mind Bloom Boss Battle","floor":38.0,"turns":8.0},{"damage":12.0,"enemies":"3 Darklings","floor":39.0,"turns":9.0},{"damage":2.0,"enemies":"Giant Head","floor":41.0,"turns":10.0},{"damage":12.0,"enemies":"Jaw Worm Horde","floor":42.0,"turns":6.0},{"damage":3.0,"enemies":"Nemesis","floor":45.0,"turns":7.0},{"damage":6.0,"enemies":"Time Eater","floor":50.0,"turns":14.0},{"damage":44.0,"enemies":"Awakened One","floor":51.0,"turns":22.0},{"damage":0.0,"enemies":"Shield and Spear","floor":55.0,"turns":10.0},{"damage":10,"enemies":"The Heart","floor":56,"turns":9}],"seed_played":"155876536084954434","potions_obtained":[{"floor":1.0,"key":"Explosive Potion"},{"floor":7.0,"key":"Fire Potion"},{"floor":21.0,"key":"GhostInAJar"},{"floor":35.0,"key":"Regen Potion"},{"floor":42.0,"key":"Regen Potion"},{"floor":55.0,"key":"Weak Potion"}],"is_trial":false,"path_per_floor":["M","M","?","$","?","R","E","M","T","$","R","?","M","T","R","B",null,"M","?","?","M","M","R","T","R","T","$","R","?","M","E","R","B",null,"M","M","?","?","M","R","E","M","T","R","E","$","R","?","R","B","B",null,"R","$","E","B",null],"character_chosen":"THE_SILENT","items_purchased":["Well Laid Plans","Dagger Spray","PreservedInsect","Mummified Hand","PiercingWail","Deadly Poison","Dodecahedron"],"campfire_rested":1,"item_purchase_floors":[10,10,27,46,46,46,46],"current_hp_per_floor":[49,49,49,49,38,38,38,38,38,38,38,31,31,31,31,27,56,55,13,13,13,11,42,42,54,54,54,66,66,66,65,66,66,66,66,66,33,33,36,51,49,37,37,52,64,64,66,66,66,60,16,54,66,66,66,56],"gold":66,"neow_bonus":"RANDOM_COMMON_RELIC","is_prod":false,"is_daily":false,"chose_seed":false,"campfire_upgraded":6,"win_rate":0,"timestamp":1558406552,"path_taken":["M","M","?","$","?","R","E","M","T","?","R","?","?","?","R","BOSS","M","?","?","M","?","R","?","R","T","$","R","?","M","E","R","BOSS","M","M","?","?","M","R","E","M","T","R","E","$","R","?","R","BOSS","BOSS","R","$","E","BOSS"],"build_version":"2019-01-23","purchased_purges":2,"victory":true,"max_hp_per_floor":[66,66,66,66,66,66,66,66,66,66,66,66,66,66,66,66,66,66,66,66,66,66,66,66,66,66,66,66,66,66,66,66,66,66,66,66,66,66,66,66,66,66,66,66,66,66,66,66,66,66,66,66,66,66,66,66],"card_choices":[{"not_picked":["Dagger Throw","Prepared"],"picked":"Bouncing Flask","floor":1.0},{"not_picked":["Outmaneuver","Bane"],"picked":"Dash","floor":2.0},{"not_picked":["Cloak And Dagger","Prepared"],"picked":"Leg Sweep","floor":7.0},{"not_picked":["Quick Slash","Blade Dance"],"picked":"Malaise","floor":8.0},{"not_picked":["Flying Knee","Acrobatics","Sucker Punch"],"picked":"SKIP","floor":13.0},{"not_picked":["Unload","Venomology"],"picked":"Wraith Form v2","floor":16.0},{"not_picked":["Dodge and Roll","Acrobatics"],"picked":"Caltrops","floor":18.0},{"not_picked":["Outmaneuver","Heel Hook+1"],"picked":"Escape Plan","floor":19.0},{"not_picked":["Prepared","Sucker Punch"],"picked":"Setup+1","floor":21.0},{"not_picked":["Distraction","Eviscerate"],"picked":"Infinite Blades+1","floor":22.0},{"not_picked":["Sucker Punch","Envenom"],"picked":"Crippling Poison","floor":30.0},{"not_picked":["Acrobatics","Caltrops"],"picked":"Bane+1","floor":31.0},{"not_picked":["Unload","Doppelganger"],"picked":"Malaise","floor":33.0},{"not_picked":["Sucker Punch+1","All Out Attack","Blur+1"],"picked":"SKIP","floor":35.0},{"not_picked":["Endless Agony","Sucker Punch"],"picked":"Deadly Poison+1","floor":36.0},{"not_picked":["Blade Dance","Deflect","Quick Slash"],"picked":"SKIP","floor":39.0},{"not_picked":["PiercingWail","Eviscerate"],"picked":"Catalyst","floor":41.0},{"not_picked":["Slice","Cloak And Dagger"],"picked":"Tools of the Trade","floor":42.0},{"not_picked":["Caltrops","All Out Attack+1"],"picked":"Cloak And Dagger+1","floor":45.0},{"not_picked":["Slice","Dagger Spray+1"],"picked":"Footwork+1","floor":55.0}],"player_experience":1400395,"relics_obtained":[{"floor":7.0,"key":"Dream Catcher"},{"floor":9.0,"key":"Letter Opener"},{"floor":14.0,"key":"War Paint"},{"floor":19.0,"key":"Torii"},{"floor":26.0,"key":"Incense Burner"},{"floor":31.0,"key":"Anchor"},{"floor":37.0,"key":"Ginger"},{"floor":38.0,"key":"Shovel"},{"floor":40.0,"key":"Centennial Puzzle"},{"floor":41.0,"key":"Bottled Tornado"},{"floor":43.0,"key":"Old Coin"},{"floor":44.0,"key":"Vajra"},{"floor":45.0,"key":"Regal Pillow"},{"floor":49.0,"key":"Bag of Preparation"},{"floor":53.0,"key":"Sundial"},{"floor":55.0,"key":"Bronze Scales"}],"event_choices":[{"damage_healed":0.0,"max_hp_gain":0.0,"max_hp_loss":0.0,"gold_gain":0.0,"event_name":"Living Wall","player_choice":"Grow","floor":3.0,"gold_loss":0.0,"damage_taken":0.0,"cards_upgraded":["Bouncing Flask"]},{"damage_healed":0.0,"max_hp_gain":0.0,"max_hp_loss":0.0,"gold_gain":0.0,"event_name":"Scrap Ooze","player_choice":"Success","floor":5.0,"gold_loss":0.0,"damage_taken":11.0,"relics_obtained":["FossilizedHelix"]},{"cards_removed":["Strike_G"],"damage_healed":0.0,"max_hp_gain":0.0,"max_hp_loss":0.0,"gold_gain":0.0,"event_name":"Golden Wing","player_choice":"Card Removal","floor":12.0,"gold_loss":0.0,"damage_taken":7.0},{"damage_healed":0.0,"max_hp_gain":0.0,"max_hp_loss":0.0,"gold_gain":0.0,"event_name":"Colosseum","player_choice":"Fight","floor":19.0,"gold_loss":0.0,"damage_taken":0.0},{"damage_healed":0.0,"max_hp_gain":0.0,"max_hp_loss":0.0,"gold_gain":0.0,"event_name":"Colosseum","player_choice":"Fought Nobs","floor":19.0,"gold_loss":0.0,"damage_taken":0.0},{"damage_healed":0.0,"max_hp_gain":0.0,"max_hp_loss":0.0,"gold_gain":0.0,"event_name":"Upgrade Shrine","player_choice":"Upgraded","floor":20.0,"gold_loss":0.0,"damage_taken":0.0,"cards_upgraded":["Wraith Form v2"]},{"damage_healed":0.0,"max_hp_gain":0.0,"max_hp_loss":0.0,"gold_gain":0.0,"event_name":"Back to Basics","player_choice":"Simplicity","floor":29.0,"gold_loss":0.0,"damage_taken":0.0,"cards_upgraded":["Defend_G","Defend_G","Defend_G","Defend_G","Strike_G","Strike_G","Strike_G"]},{"damage_healed":0.0,"max_hp_gain":0.0,"max_hp_loss":0.0,"gold_gain":0.0,"event_name":"Mysterious Sphere","player_choice":"Fight","floor":37.0,"gold_loss":0.0,"damage_taken":0.0},{"damage_healed":0.0,"max_hp_gain":0.0,"max_hp_loss":0.0,"gold_gain":0.0,"event_name":"MindBloom","player_choice":"Fight","floor":38.0,"gold_loss":0.0,"damage_taken":0.0},{"cards_removed":["Dagger Spray"],"damage_healed":0.0,"max_hp_gain":0.0,"max_hp_loss":0.0,"gold_gain":0.0,"event_name":"Falling","player_choice":"Removed Attack","floor":48.0,"gold_loss":0.0,"damage_taken":0.0}],"is_beta":false,"boss_relics":[{"not_picked":["Lizard Tail","WristBlade"],"picked":"Eternal Feather"},{"not_picked":["Velvet Choker","Pandora\u0027s Box"],"picked":"Fusion Hammer"}],"items_purged_floors":[4,46],"is_endless":false,"potions_floor_spawned":[1,7,19,21,22,30,35,42,55],"ascension_level":20}