{"gold_per_floor":[110,110,130,130,130,161,161,190,190,200,200,218,218,6,6,80,80,59,73,73,84,101,101,131,141,141,141,151,151,182,82,82,159,159,178,178,453,468,468],"floor_reached":39,"playtime":1701,"items_purged":["Pain","Strike_G"],"score":958,"play_id":"9fecdf6e-d088-49f5-a7d6-e51c7fadef50","local_time":"20190606232931","is_ascension_mode":true,"campfire_choices":[{"data":"Skewer","floor":7.0,"key":"SMITH"},{"data":"Neutralize","floor":11,"key":"SMITH"},{"data":"Bouncing Flask","floor":13,"key":"SMITH"},{"data":"Noxious Fumes","floor":15,"key":"SMITH"},{"floor":23,"key":"REST"},{"data":"Cloak And Dagger","floor":27,"key":"SMITH"},{"floor":29,"key":"REST"},{"floor":32,"key":"REST"}],"neow_cost":"NONE","seed_source_timestamp":1914619446229249,"circlet_count":0,"master_deck":["AscendersBane","Defend_G","Defend_G","Defend_G+1","Defend_G","Defend_G+1","Strike_G+1","Strike_G","Strike_G","Strike_G","Survivor","Neutralize+1","Cloak And Dagger+1","Dagger Spray","Skewer+1","PiercingWail+1","Bouncing Flask+1","Noxious Fumes+1","Backflip","Bullet Time+1","Calculated Gamble","Bouncing Flask","Predator","PiercingWail","Catalyst+1","Catalyst","Crippling Poison","Burst","Calculated Gamble","Finesse","Thinking Ahead","Bandage Up"],"special_seed":0,"relics":["Ring of the Serpent","NeowsBlessing","WarpedTongs","Gambling Chip","Bag of Marbles","Omamori","Turnip","Kunai","Anchor","War Paint","Runic Dome"],"potions_floor_usage":[8,8,24,33],"damage_taken":[{"damage":0.0,"enemies":"Cultist","floor":1.0,"turns":1.0},{"damage":0.0,"enemies":"2 Louse","floor":3.0,"turns":1.0},{"damage":0.0,"enemies":"3 Sentries","floor":6.0,"turns":1.0},{"damage":20,"enemies":"Gremlin Nob","floor":8,"turns":4},{"damage":0,"enemies":"Jaw Worm","floor":10,"turns":1},{"damage":1,"enemies":"Large Slime","floor":12,"turns":4},{"damage":9,"enemies":"Hexaghost","floor":16,"turns":7},{"damage":3,"enemies":"2 Thieves","floor":18,"turns":4},{"damage":0,"enemies":"Spheric Guardian","floor":19,"turns":3},{"damage":24,"enemies":"Snake Plant","floor":21,"turns":4},{"damage":13,"enemies":"Snecko","floor":22,"turns":5},{"damage":3,"enemies":"Gremlin Leader","floor":24,"turns":7},{"damage":0,"enemies":"Sentry and Sphere","floor":25,"turns":4},{"damage":0,"enemies":"Snake Plant","floor":28,"turns":3},{"damage":18,"enemies":"Book of Stabbing","floor":30,"turns":6},{"damage":40,"enemies":"Collector","floor":33,"turns":5},{"damage":6,"enemies":"Orb Walker","floor":35,"turns":3},{"damage":4,"enemies":"3 Shapes","floor":38,"turns":4},{"damage":47,"enemies":"Jaw Worm Horde","floor":39,"turns":3}],"seed_played":"5934961693712912678","potions_obtained":[{"floor":1.0,"key":"Regen Potion"},{"floor":3.0,"key":"Block Potion"},{"floor":8,"key":"EssenceOfSteel"},{"floor":22,"key":"PowerPotion"},{"floor":24,"key":"Weak Potion"},{"floor":28,"key":"Explosive Potion"},{"floor":35,"key":"SteroidPotion"}],"is_trial":false,"path_per_floor":["M","?","M","?","?","E","R","E","T","M","R","M","R","$","R","B",null,"M","M","?","M","M","R","E","M","T","R","M","R","E","$","R","B",null,"M","?","?","M","M"],"character_chosen":"THE_SILENT","items_purchased":["Noxious Fumes","Backflip"],"campfire_rested":3,"item_purchase_floors":[14,14],"current_hp_per_floor":[59,59,59,54,34,34,34,26,26,26,26,25,25,25,25,16,54,51,51,51,27,14,33,30,30,30,30,30,49,31,31,50,10,52,46,36,36,32,0],"gold":468,"neow_bonus":"THREE_ENEMY_KILL","is_prod":false,"is_daily":false,"chose_seed":false,"campfire_upgraded":5,"win_rate":0,"timestamp":1559878171,"path_taken":["M","?","?","?","?","E","R","E","T","M","R","M","R","?","R","BOSS","M","M","?","?","M","R","E","M","T","R","?","R","E","$","R","BOSS","M","?","?","?","M"],"build_version":"2019-01-23","purchased_purges":2,"victory":false,"max_hp_per_floor":[66,66,66,66,66,66,66,66,66,66,66,66,66,66,66,66,66,66,66,66,66,66,66,66,66,66,66,66,66,66,66,66,66,66,66,66,66,66,66],"card_choices":[{"not_picked":["Eviscerate","Bane"],"picked":"Cloak And Dagger","floor":1.0},{"not_picked":["Calculated Gamble","Flying Knee"],"picked":"Dagger Spray","floor":3.0},{"not_picked":["Catalyst","Underhanded Strike"],"picked":"Skewer","floor":6.0},{"not_picked":["Concentrate","Sucker Punch"],"picked":"PiercingWail","floor":8},{"not_picked":["Setup","Underhanded Strike","Acrobatics"],"picked":"SKIP","floor":10},{"not_picked":["Setup","Underhanded Strike","Acrobatics"],"picked":"SKIP","floor":10},{"not_picked":["Setup","Underhanded Strike","Acrobatics"],"picked":"SKIP","floor":10},{"not_picked":["Dodge and Roll","PiercingWail"],"picked":"Bouncing Flask","floor":12},{"not_picked":["A Thousand Cuts","Storm of Steel"],"picked":"Bullet Time","floor":16},{"not_picked":["Accuracy+1","Sucker Punch"],"picked":"Calculated Gamble","floor":18},{"not_picked":["Bane+1","Blade Dance"],"picked":"Bouncing Flask","floor":19},{"not_picked":["Acrobatics","Blade Dance"],"picked":"Predator","floor":21},{"not_picked":["Poisoned Stab","Slice","Deadly Poison"],"picked":"SKIP","floor":22},{"not_picked":["Glass Knife","All Out Attack+1"],"picked":"PiercingWail","floor":24},{"not_picked":["Caltrops","Prepared"],"picked":"Catalyst+1","floor":25},{"not_picked":["Deflect","Riddle With Holes+1"],"picked":"Catalyst","floor":28},{"not_picked":["Calculated Gamble","Cloak And Dagger"],"picked":"Crippling Poison","floor":30},{"not_picked":["Tools of the Trade","Phantasmal Killer"],"picked":"Burst","floor":33},{"not_picked":["Dagger Throw","Distraction"],"picked":"Calculated Gamble","floor":35},{"not_picked":["PanicButton","Violence"],"picked":"Finesse","floor":36},{"not_picked":["Discovery","Swift Strike"],"picked":"Thinking Ahead","floor":36},{"not_picked":["Deep Breath","Flash of Steel"],"picked":"Bandage Up","floor":36},{"not_picked":["Endless Agony","Blade Dance","Caltrops"],"picked":"SKIP","floor":38}],"player_experience":1511799,"relics_obtained":[{"floor":6.0,"key":"Bag of Marbles"},{"floor":8,"key":"Omamori"},{"floor":9,"key":"Turnip"},{"floor":24,"key":"Kunai"},{"floor":26,"key":"Anchor"},{"floor":30,"key":"War Paint"}],"event_choices":[{"damage_healed":0.0,"max_hp_gain":0.0,"max_hp_loss":0.0,"gold_gain":0.0,"event_name":"Accursed Blacksmith","player_choice":"Rummage","floor":2.0,"gold_loss":0.0,"damage_taken":0.0,"relics_obtained":["WarpedTongs"],"cards_obtained":["Pain"]},{"damage_healed":0.0,"max_hp_gain":0.0,"max_hp_loss":0.0,"gold_gain":0.0,"event_name":"Scrap Ooze","player_choice":"Success","floor":4.0,"gold_loss":0.0,"damage_taken":5.0,"relics_obtained":["Gambling Chip"]},{"damage_healed":0.0,"max_hp_gain":0.0,"max_hp_loss":0.0,"gold_gain":0.0,"event_name":"Shining Light","player_choice":"Entered Light","floor":5.0,"gold_loss":0.0,"damage_taken":20.0,"cards_upgraded":["Strike_G","Defend_G"]},{"damage_healed":0,"gold_gain":0,"player_choice":"Upgraded","damage_taken":0,"max_hp_gain":0,"max_hp_loss":0,"event_name":"Upgrade Shrine","floor":20,"gold_loss":0,"cards_upgraded":["Bullet Time"]},{"damage_healed":0,"gold_gain":0,"player_choice":"Memory 3","damage_taken":10,"max_hp_gain":0,"max_hp_loss":0,"event_name":"SensoryStone","floor":36,"gold_loss":0},{"damage_healed":0,"gold_gain":275,"player_choice":"Desecrate","damage_taken":0,"max_hp_gain":0,"max_hp_loss":0,"event_name":"Golden Shrine","floor":37,"gold_loss":0,"cards_obtained":["Regret"]}],"is_beta":false,"boss_relics":[{"not_picked":["WristBlade","Sozu"],"picked":"Ring of the Serpent"},{"not_picked":["Black Star","Lizard Tail"],"picked":"Runic Dome"}],"items_purged_floors":[14,31],"is_endless":false,"potions_floor_spawned":[1,3,8,22,24,28,30,35],"killed_by":"Jaw Worm Horde","ascension_level":20}