{"gold_per_floor":[118,43,43,55,55,81,81,3,3,15,15,15,15,115,115,218,218,218],"floor_reached":18,"playtime":669,"items_purged":["Strike_B"],"score":179,"play_id":"35654c81-5672-4d21-b21a-0b0ee402fdc8","local_time":"20180820212450","is_ascension_mode":true,"campfire_choices":[{"floor":7.0,"key":"REST"},{"floor":12.0,"key":"REST"},{"data":"Self Repair","floor":15.0,"key":"SMITH"}],"neow_cost":"PERCENT_DAMAGE","seed_source_timestamp":0,"circlet_count":0,"master_deck":["Strike_B","Defend_B","Defend_B","Defend_B","Defend_B","Zap","Dualcast","Self Repair+1","Compile Driver","Defragment+1","Stack","Regret","Hello World","Heatsinks","Glacier","Glacier","Amplify"],"special_seed":0,"relics":["Cracked Core","Dream Catcher","Juzu Bracelet","Shuriken","Bottled Flame","Black Star"],"potions_floor_usage":[],"damage_taken":[{"damage":0.0,"enemies":"Small Slimes","floor":1.0,"turns":3.0},{"damage":8.0,"enemies":"Jaw Worm","floor":4.0,"turns":5.0},{"damage":44.0,"enemies":"Lagavulin","floor":6.0,"turns":8.0},{"damage":3.0,"enemies":"Cultist","floor":10.0,"turns":5.0},{"damage":37.0,"enemies":"Slime Boss","floor":16.0,"turns":15.0},{"damage":23,"enemies":"3 Byrds","floor":18,"turns":3}],"seed_played":"2328849799168439966","potions_obtained":[{"floor":1.0,"key":"EssenceOfSteel"}],"is_trial":false,"path_per_floor":["M","$","?","M","?","E","R","$","T","M","$","R","?","?","R","B",null],"character_chosen":"DEFECT","items_purchased":["Glacier"],"campfire_rested":2,"item_purchase_floors":[8],"current_hp_per_floor":[61,61,54,53,53,16,38,38,38,42,42,64,64,64,64,37,75,52],"gold":218,"neow_bonus":"TRANSFORM_TWO_CARDS","is_prod":false,"is_daily":false,"chose_seed":false,"campfire_upgraded":1,"win_rate":0,"timestamp":1534814690,"path_taken":["M","$","?","M","?","E","R","?","T","M","$","R","?","?","R","BOSS","M"],"build_version":"2018-08-16","purchased_purges":1,"victory":false,"max_hp_per_floor":[75,75,75,75,75,75,75,75,75,75,75,75,75,75,75,75,75,75],"card_choices":[{"not_picked":["Storm","Compile Driver"],"picked":"Defragment","floor":1.0},{"not_picked":["Gash","Beam Cell"],"picked":"Stack","floor":4.0},{"not_picked":["Barrage","Sweeping Beam"],"picked":"Hello World","floor":6.0},{"not_picked":["Consume","Redo"],"picked":"Heatsinks","floor":7.0},{"not_picked":["Hologram","Conserve Battery"],"picked":"Glacier","floor":10.0},{"not_picked":["Biased Cognition","Rainbow"],"picked":"Amplify","floor":16.0}],"player_experience":96132,"relics_obtained":[{"floor":6.0,"key":"Shuriken"},{"floor":9.0,"key":"Bottled Flame"}],"event_choices":[{"event_name":"Scrap Ooze","player_choice":"success","floor":3.0,"damage_taken":7.0},{"event_name":"Big Fish","player_choice":"Box","floor":5.0,"damage_taken":0.0},{"event_name":"Upgrade Shrine","player_choice":"Upgraded","floor":13.0,"damage_taken":0.0},{"event_name":"Golden Shrine","player_choice":"Pray","floor":14.0,"damage_taken":0.0}],"is_beta":false,"boss_relics":[{"not_picked":["Orrery","Runic Pyramid"],"picked":"Black Star"}],"items_purged_floors":[2],"is_endless":false,"potions_floor_spawned":[1],"killed_by":"3 Byrds","ascension_level":3}