{"gold_per_floor":[109,122,122,122,41,41,69,69,95,95,124,37,48,66,66,66],"floor_reached":16,"playtime":385,"items_purged":[],"score":241,"play_id":"e2b78409-c32a-4c0e-bca6-f4eb2bfdb994","local_time":"20190614185455","is_ascension_mode":true,"campfire_choices":[{"data":"Zap","floor":6,"key":"SMITH"},{"data":"FTL","floor":8,"key":"SMITH"},{"data":"Sweeping Beam","floor":10,"key":"SMITH"},{"data":"Go for the Eyes","floor":15,"key":"SMITH"}],"neow_cost":"NONE","seed_source_timestamp":221669872826119,"circlet_count":0,"master_deck":["AscendersBane","Strike_B","Strike_B","Strike_B","Strike_B","Defend_B","Defend_B","Defend_B","Defend_B","Zap+1","Dualcast","Sweeping Beam+1","Glacier","Cold Snap","Ball Lightning","FTL+1","Go for the Eyes+1","Self Repair","Self Repair"],"relics":["Cracked Core","PreservedInsect","Kunai","Mango","Happy Flower","Strawberry"],"potions_floor_usage":[16],"damage_taken":[{"damage":7,"enemies":"Jaw Worm","floor":1,"turns":4},{"damage":0,"enemies":"Small Slimes","floor":2,"turns":2},{"damage":3,"enemies":"Gremlin Nob","floor":7,"turns":3},{"damage":18,"enemies":"Lagavulin","floor":11,"turns":4},{"damage":0,"enemies":"Cultist","floor":13,"turns":2},{"damage":3,"enemies":"Red Slaver","floor":14,"turns":3},{"damage":36,"enemies":"Slime Boss","floor":16,"turns":7}],"seed_played":"-6918991181876720209","potions_obtained":[{"floor":11,"key":"FearPotion"},{"floor":13,"key":"Block Potion"}],"is_trial":false,"path_per_floor":["M","M","?","?","$","R","E","R","T","R","E","$","M","M","R","B"],"character_chosen":"DEFECT","items_purchased":["Cold Snap","Ball Lightning","Self Repair"],"campfire_rested":0,"item_purchase_floors":[5,5,12],"current_hp_per_floor":[57,57,39,39,39,39,50,50,50,50,39,39,39,36,36,0],"gold":66,"neow_bonus":"RANDOM_COMMON_RELIC","is_prod":false,"is_daily":false,"chose_seed":false,"campfire_upgraded":4,"win_rate":0,"timestamp":1560552895,"path_taken":["M","M","?","?","?","R","E","R","T","R","E","$","M","?","R","BOSS"],"build_version":"2019-01-23","purchased_purges":0,"victory":false,"max_hp_per_floor":[71,71,71,71,71,71,85,85,85,85,92,92,92,92,92,92],"card_choices":[{"not_picked":["Steam","Go for the Eyes"],"picked":"Sweeping Beam","floor":1},{"not_picked":["Cold Snap","Rebound"],"picked":"Glacier","floor":2},{"not_picked":["Ball Lightning","Steam Power"],"picked":"FTL","floor":7},{"not_picked":["Ball Lightning","Chaos"],"picked":"Go for the Eyes","floor":11},{"not_picked":["Sweeping Beam","Beam Cell","Barrage"],"picked":"SKIP","floor":13},{"not_picked":["Cold Snap","Turbo"],"picked":"Self Repair","floor":14}],"player_experience":1522169,"relics_obtained":[{"floor":7,"key":"Mango"},{"floor":9,"key":"Happy Flower"},{"floor":11,"key":"Strawberry"}],"event_choices":[{"damage_healed":0,"gold_gain":0,"player_choice":"Success","damage_taken":18,"relics_obtained":["Kunai"],"max_hp_gain":0,"max_hp_loss":0,"event_name":"Scrap Ooze","floor":3,"gold_loss":0},{"damage_healed":0,"gold_gain":0,"player_choice":"Ignored","damage_taken":0,"max_hp_gain":0,"max_hp_loss":0,"event_name":"Liars Game","floor":4,"gold_loss":0}],"is_beta":false,"boss_relics":[],"items_purged_floors":[],"is_endless":false,"potions_floor_spawned":[11,13],"killed_by":"Slime Boss","ascension_level":20}