{"gold_per_floor":[119,119,133,144,144,144,174,174,174,174,99,112,112,130,130,226,226,240,254,254,271,271,271,290,290,315,355,381,393,405,437,449,461],"floor_reached":33,"playtime":1265,"items_purged":["Strike_R"],"score":392,"play_id":"7851812b-638f-45eb-8a32-56753a24aeb2","local_time":"20190401232347","is_ascension_mode":false,"campfire_choices":[{"data":"Bash","floor":6,"key":"SMITH"},{"data":"Whirlwind","floor":8,"key":"SMITH"},{"data":"Searing Blow","floor":10,"key":"SMITH"},{"data":"Searing Blow+1","floor":13,"key":"SMITH"},{"data":"Searing Blow+2","floor":15,"key":"SMITH"},{"floor":23,"key":"REST"},{"data":"Feed","floor":29,"key":"SMITH"},{"data":"Searing Blow+3","floor":32,"key":"SMITH"}],"neow_cost":"","seed_source_timestamp":0,"circlet_count":0,"master_deck":["Strike_R","Strike_R","Strike_R","Strike_R","Defend_R","Defend_R","Defend_R","Defend_R","Bash+1","Whirlwind+1","Spot Weakness","Shrug It Off","Searing Blow+4","Flame Barrier","Feed+1","Battle Trance","Twin Strike","Armaments+1","Dual Wield+1"],"relics":["Burning Blood","Champion Belt","Meat on the Bone","Orrery","Orichalcum","MutagenicStrength","Regal Pillow","MawBank","Red Skull","Toxic Egg 2"],"potions_floor_usage":[21,21,27,33,33],"damage_taken":[{"damage":5,"enemies":"2 Louse","floor":1,"turns":3},{"damage":3,"enemies":"Small Slimes","floor":3,"turns":3},{"damage":1,"enemies":"Jaw Worm","floor":4,"turns":3},{"damage":15,"enemies":"Gremlin Nob","floor":7,"turns":4},{"damage":9,"enemies":"Looter","floor":12,"turns":3},{"damage":0,"enemies":"Lots of Slimes","floor":14,"turns":2},{"damage":52,"enemies":"Hexaghost","floor":16,"turns":10},{"damage":50,"enemies":"Spheric Guardian","floor":18,"turns":8},{"damage":28,"enemies":"Shell Parasite","floor":19,"turns":10},{"damage":25,"enemies":"Snake Plant","floor":21,"turns":6},{"damage":14,"enemies":"Snecko","floor":24,"turns":5},{"damage":45,"enemies":"Book of Stabbing","floor":27,"turns":6},{"damage":5,"enemies":"Cultist and Chosen","floor":28,"turns":6},{"damage":12,"enemies":"Centurion and Healer","floor":31,"turns":8},{"damage":72,"enemies":"Champ","floor":33,"turns":17}],"seed_played":"-7389344772100618873","potions_obtained":[{"floor":1,"key":"Strength Potion"},{"floor":3,"key":"GamblersBrew"},{"floor":14,"key":"Swift Potion"},{"floor":21,"key":"Fire Potion"},{"floor":24,"key":"Dexterity Potion"},{"floor":27,"key":"EssenceOfSteel"}],"is_trial":true,"path_per_floor":["M","?","M","M","?","R","E","R","T","R","$","M","R","M","R","B",null,"M","M","?","M","?","R","M","T","T","E","M","R","?","M","R","B"],"character_chosen":"IRONCLAD","items_purchased":[],"campfire_rested":1,"item_purchase_floors":[],"current_hp_per_floor":[80,85,85,85,85,85,76,76,76,76,76,73,73,79,79,45,85,56,49,49,42,42,69,64,64,64,37,53,53,53,63,63,0],"gold":461,"neow_bonus":"","is_prod":false,"is_daily":false,"chose_seed":false,"campfire_upgraded":7,"win_rate":0,"timestamp":1554175427,"path_taken":["M","?","M","M","?","R","E","R","T","R","$","M","R","M","R","BOSS","M","M","?","M","?","R","M","?","T","E","M","R","?","M","R","BOSS"],"build_version":"2019-01-23","purchased_purges":1,"victory":false,"max_hp_per_floor":[80,85,85,85,85,85,85,85,85,85,85,85,85,85,85,85,85,88,91,91,91,91,91,94,94,94,94,97,97,97,101,101,101],"card_choices":[{"not_picked":["Anger","Combust"],"picked":"Whirlwind","floor":1},{"not_picked":["Warcry","Anger"],"picked":"Spot Weakness","floor":3},{"not_picked":["Armaments","Whirlwind"],"picked":"Shrug It Off","floor":4},{"not_picked":["Clash","Thunderclap"],"picked":"Searing Blow","floor":7},{"not_picked":["Thunderclap","Rupture"],"picked":"Flame Barrier","floor":12},{"not_picked":["Ghostly Armor","Armaments","Pommel Strike"],"picked":"SKIP","floor":14},{"not_picked":["Brutality","Juggernaut"],"picked":"Feed","floor":16},{"not_picked":["Headbutt","Inflame"],"picked":"Battle Trance","floor":17},{"not_picked":["Fire Breathing","Infernal Blade"],"picked":"Twin Strike","floor":17},{"not_picked":["Anger","Blood for Blood","Evolve"],"picked":"SKIP","floor":18},{"not_picked":["Heavy Blade","Twin Strike+1","Clash"],"picked":"SKIP","floor":19},{"not_picked":["Shockwave+1","Twin Strike","Evolve"],"picked":"SKIP","floor":21},{"not_picked":["Infernal Blade","Clothesline"],"picked":"Exhume","floor":24},{"not_picked":["Pummel","Rupture","Inflame"],"picked":"SKIP","floor":27},{"not_picked":["Second Wind","Seeing Red+1"],"picked":"Armaments+1","floor":28},{"not_picked":["Fire Breathing","Battle Trance+1"],"picked":"Dual Wield+1","floor":31}],"player_experience":1043205,"relics_obtained":[{"floor":7,"key":"Champion Belt"},{"floor":9,"key":"Meat on the Bone"},{"floor":25,"key":"Regal Pillow"},{"floor":26,"key":"MawBank"},{"floor":27,"key":"Red Skull"}],"event_choices":[{"damage_healed":0,"gold_gain":0,"player_choice":"Donut","damage_taken":0,"max_hp_gain":5,"max_hp_loss":0,"event_name":"Big Fish","floor":2,"gold_loss":0},{"damage_healed":0,"gold_gain":0,"player_choice":"Ignored","damage_taken":0,"max_hp_gain":0,"max_hp_loss":0,"event_name":"Liars Game","floor":5,"gold_loss":0},{"damage_healed":0,"gold_gain":0,"player_choice":"Opened","damage_taken":0,"relics_obtained":["Orichalcum"],"max_hp_gain":0,"max_hp_loss":0,"event_name":"The Mausoleum","floor":20,"gold_loss":0},{"damage_healed":0,"gold_gain":0,"player_choice":"Inject Mutagens","damage_taken":0,"relics_obtained":["MutagenicStrength"],"max_hp_gain":0,"max_hp_loss":0,"event_name":"Drug Dealer","floor":22,"gold_loss":0},{"cards_removed":["Exhume"],"damage_healed":0,"gold_gain":0,"player_choice":"Gave Card","damage_taken":0,"relics_obtained":["Toxic Egg 2"],"max_hp_gain":0,"max_hp_loss":0,"event_name":"WeMeetAgain","floor":30,"gold_loss":0}],"is_beta":false,"boss_relics":[{"not_picked":["Ectoplasm","Snecko Eye"],"picked":"Orrery"}],"items_purged_floors":[11],"is_endless":true,"potions_floor_spawned":[1,3,14,19,21,24,27],"killed_by":"Champ","ascension_level":0}