{"gold_per_floor":[116,191,204,204,174,201,221,254,254,274,274,308,339,358,358,437,437,449,449,449,467,467,467,501,529,529,547,566,578,605,639,639,717,717,729,372,387,405,431,459,470,470,470,505,505,505,525,535,535,535,535,535,535,35,67,67],"floor_reached":57,"playtime":4089,"items_purged":["Anger+1","Strike_R"],"score":3144,"play_id":"80d34f9c-911d-4673-a13f-51d2e3bdc937","local_time":"20190620190702","is_ascension_mode":true,"campfire_choices":[{"data":"Anger","floor":11.0,"key":"SMITH"},{"data":"Feel No Pain","floor":15.0,"key":"SMITH"},{"data":"Disarm","floor":23.0,"key":"SMITH"},{"floor":32.0,"key":"REST"},{"data":"Feel No Pain","floor":42.0,"key":"SMITH"},{"floor":46.0,"key":"RECALL"},{"data":"Spot Weakness","floor":49,"key":"SMITH"},{"data":"Battle Trance","floor":53,"key":"SMITH"}],"neow_cost":"TEN_PERCENT_HP_LOSS","seed_source_timestamp":449490374197377,"circlet_count":0,"master_deck":["AscendersBane","Strike_R","Defend_R","Defend_R","Defend_R","Defend_R","Bash","Juggernaut","Shockwave","Shrug It Off","Feel No Pain+1","Battle Trance+1","Whirlwind","Exhume","Barricade","Disarm+1","Feel No Pain+1","Second Wind","Spot Weakness+1","Corruption","Rampage","Rupture","Warcry+1","Seeing Red+1","Shrug It Off","Flame Barrier","Entrench","Reaper","Flame Barrier","Flame Barrier+1","Body Slam+1","Disarm+1","Limit Break"],"special_seed":0,"relics":["Burning Blood","Dead Branch","Ice Cream","Pen Nib","Unceasing Top","WingedGreaves","Torii","Orrery","Bag of Preparation","Anchor","Matryoshka","Ancient Tea Set","Dodecahedron","Snecko Eye","Shuriken","Ornamental Fan","Charon\u0027s Ashes","Lantern","Paper Frog","Question Card","Membership Card","Bag of Marbles","Letter Opener","Pear"],"potions_floor_usage":[56,56],"damage_taken":[{"damage":7.0,"enemies":"Jaw Worm","floor":1.0,"turns":4.0},{"damage":15.0,"enemies":"Small Slimes","floor":3.0,"turns":4.0},{"damage":8.0,"enemies":"Gremlin Nob","floor":6.0,"turns":3.0},{"damage":0.0,"enemies":"Cultist","floor":7.0,"turns":3.0},{"damage":2.0,"enemies":"Lagavulin","floor":8.0,"turns":5.0},{"damage":7.0,"enemies":"2 Fungi Beasts","floor":10.0,"turns":4.0},{"damage":14.0,"enemies":"Gremlin Nob","floor":12.0,"turns":3.0},{"damage":14.0,"enemies":"3 Sentries","floor":13.0,"turns":5.0},{"damage":9.0,"enemies":"Exordium Wildlife","floor":14.0,"turns":4.0},{"damage":25.0,"enemies":"Slime Boss","floor":16.0,"turns":7.0},{"damage":13.0,"enemies":"Spheric Guardian","floor":18.0,"turns":6.0},{"damage":10.0,"enemies":"Shell Parasite","floor":21.0,"turns":3.0},{"damage":11.0,"enemies":"Slavers","floor":24.0,"turns":6.0},{"damage":4.0,"enemies":"Book of Stabbing","floor":25.0,"turns":7.0},{"damage":0.0,"enemies":"Centurion and Healer","floor":27.0,"turns":4.0},{"damage":14.0,"enemies":"Snake Plant","floor":28.0,"turns":4.0},{"damage":2.0,"enemies":"3 Cultists","floor":29.0,"turns":4.0},{"damage":0.0,"enemies":"Gremlin Leader","floor":30.0,"turns":4.0},{"damage":42.0,"enemies":"Slavers","floor":31.0,"turns":6.0},{"damage":1.0,"enemies":"Champ","floor":33.0,"turns":8.0},{"damage":0.0,"enemies":"3 Darklings","floor":35.0,"turns":3.0},{"damage":0.0,"enemies":"3 Shapes","floor":37.0,"turns":2.0},{"damage":17.0,"enemies":"Jaw Worm Horde","floor":38.0,"turns":5.0},{"damage":0.0,"enemies":"Reptomancer","floor":40.0,"turns":2.0},{"damage":0.0,"enemies":"Sphere and 2 Shapes","floor":41.0,"turns":4.0},{"damage":1.0,"enemies":"Nemesis","floor":44.0,"turns":4.0},{"damage":27,"enemies":"Writhing Mass","floor":47,"turns":7},{"damage":0,"enemies":"Spire Growth","floor":48,"turns":6},{"damage":0,"enemies":"Awakened One","floor":50,"turns":5},{"damage":0,"enemies":"Donu and Deca","floor":51,"turns":4},{"damage":22,"enemies":"Shield and Spear","floor":55,"turns":6},{"damage":23,"enemies":"The Heart","floor":56,"turns":8}],"seed_played":"-2602783989340920853","potions_obtained":[{"floor":1.0,"key":"GamblersBrew"},{"floor":5.0,"key":"Fire Potion"},{"floor":7.0,"key":"Swift Potion"},{"floor":14.0,"key":"Regen Potion"},{"floor":16.0,"key":"Ancient Potion"},{"floor":21.0,"key":"Fire Potion"},{"floor":38.0,"key":"PowerPotion"}],"is_trial":false,"path_per_floor":["M","?","M","T","?","E","M","E","T","M","R","E","E","M","R","B",null,"M","?","?","M","?","R","E","E","T","M","M","M","E","E","R","B",null,"M","$","M","M","T","E","M","R","T","E","T","R","M","M","R","B","B",null,"R","$","E","B",null],"character_chosen":"IRONCLAD","items_purchased":["Shuriken","Membership Card","Bag of Marbles","Letter Opener"],"campfire_rested":1,"item_purchase_floors":[36,54,54,54],"current_hp_per_floor":[67,56,47,47,47,45,51,55,55,54,54,46,38,35,35,31,59,52,52,52,48,48,48,43,45,45,51,43,47,53,17,37,42,62,68,68,68,68,68,68,68,68,68,68,68,68,56,68,68,68,68,68,68,68,78,61],"gold":67,"neow_bonus":"THREE_RARE_CARDS","is_prod":false,"is_daily":false,"chose_seed":false,"campfire_upgraded":6,"win_rate":0,"timestamp":1561072022,"path_taken":["M","?","M","?","?","E","?","E","T","M","R","E","E","M","R","BOSS","M","?","?","?","?","R","E","E","T","?","M","M","E","E","R","BOSS","M","$","M","M","?","E","?","R","T","E","?","R","M","M","R","BOSS","BOSS","R","$","E","BOSS"],"build_version":"2019-01-23","purchased_purges":2,"victory":true,"max_hp_per_floor":[68,68,68,68,68,68,68,68,68,68,68,68,68,68,68,68,68,68,68,68,68,68,68,68,68,68,68,68,68,68,68,68,68,68,68,68,68,68,68,68,68,68,68,68,68,68,68,68,68,68,68,68,68,68,78,78],"card_choices":[{"not_picked":["Double Tap","Demon Form"],"picked":"Juggernaut","floor":0.0},{"not_picked":["Burning Pact","Wild Strike"],"picked":"Perfected Strike","floor":1.0},{"not_picked":["Dual Wield","Pommel Strike"],"picked":"Anger","floor":3.0},{"not_picked":["Heavy Blade","Clothesline"],"picked":"Shockwave","floor":6.0},{"not_picked":["Evolve","Clash"],"picked":"Shrug It Off","floor":7.0},{"not_picked":["Iron Wave","Flex"],"picked":"Feel No Pain","floor":8.0},{"not_picked":["Wild Strike","True Grit"],"picked":"Battle Trance","floor":10.0},{"not_picked":["Anger","Entrench"],"picked":"Whirlwind","floor":12.0},{"not_picked":["Bloodletting","Sword Boomerang"],"picked":"Exhume","floor":13.0},{"not_picked":["Wild Strike","Headbutt","Body Slam"],"picked":"SKIP","floor":14.0},{"not_picked":["Reaper","Juggernaut"],"picked":"Barricade","floor":16.0},{"not_picked":["Infernal Blade","Anger"],"picked":"Disarm","floor":17.0},{"not_picked":["Sever Soul","Intimidate"],"picked":"Feel No Pain","floor":17.0},{"not_picked":["Evolve","Flex"],"picked":"Second Wind","floor":17.0},{"not_picked":["Body Slam","Dropkick"],"picked":"Spot Weakness","floor":18.0},{"not_picked":["Clothesline","Rampage","Flex+1"],"picked":"SKIP","floor":21.0},{"not_picked":["Rampage","Power Through+1"],"picked":"Warcry+1","floor":24.0},{"not_picked":["Fire Breathing+1","Reaper"],"picked":"Seeing Red+1","floor":25.0},{"not_picked":["Anger","Perfected Strike+1"],"picked":"Shrug It Off","floor":27.0},{"not_picked":["Anger+1","Havoc","Clash"],"picked":"SKIP","floor":28.0},{"not_picked":["Pummel+1","Evolve"],"picked":"Flame Barrier","floor":29.0},{"not_picked":["Uppercut","Barricade","Heavy Blade"],"picked":"SKIP","floor":30.0},{"not_picked":["Thunderclap","Perfected Strike"],"picked":"Entrench","floor":31.0},{"not_picked":["Juggernaut","Bludgeon"],"picked":"Reaper","floor":33.0},{"not_picked":["Hemokinesis","Sword Boomerang"],"picked":"Flame Barrier","floor":35.0},{"not_picked":["Headbutt","Carnage+1","Perfected Strike"],"picked":"SKIP","floor":37.0},{"not_picked":["Pummel","Wild Strike"],"picked":"Flame Barrier+1","floor":38.0},{"not_picked":["Carnage","Cleave"],"picked":"Body Slam+1","floor":40.0},{"not_picked":["Havoc","Carnage","Rupture"],"picked":"SKIP","floor":41.0},{"not_picked":["Perfected Strike","Clash","Combust"],"picked":"SKIP","floor":44.0},{"not_picked":["Headbutt","Pommel Strike+1","Evolve","Power Through"],"picked":"SKIP","floor":47},{"not_picked":["Wild Strike+1","Limit Break","Iron Wave"],"picked":"Disarm+1","floor":48},{"not_picked":["Searing Blow+1","Sword Boomerang","Iron Wave+1"],"picked":"Limit Break","floor":55}],"player_experience":1527110,"relics_obtained":[{"floor":4.0,"key":"Dead Branch"},{"floor":6.0,"key":"Ice Cream"},{"floor":8.0,"key":"Pen Nib"},{"floor":9.0,"key":"Unceasing Top"},{"floor":12.0,"key":"WingedGreaves"},{"floor":13.0,"key":"Torii"},{"floor":24.0,"key":"Bag of Preparation"},{"floor":25.0,"key":"Anchor"},{"floor":26.0,"key":"Matryoshka"},{"floor":30.0,"key":"Ancient Tea Set"},{"floor":31.0,"key":"Dodecahedron"},{"floor":39.0,"key":"Ornamental Fan"},{"floor":40.0,"key":"Charon\u0027s Ashes"},{"floor":43.0,"key":"Lantern"},{"floor":43.0,"key":"Paper Frog"},{"floor":45.0,"key":"Question Card"},{"floor":55,"key":"Pear"}],"event_choices":[{"damage_healed":0.0,"max_hp_gain":0.0,"max_hp_loss":0.0,"gold_gain":75.0,"event_name":"World of Goop","player_choice":"Gather Gold","floor":2.0,"gold_loss":0.0,"damage_taken":11.0},{"damage_healed":0.0,"max_hp_gain":0.0,"max_hp_loss":0.0,"gold_gain":0.0,"event_name":"The Woman in Blue","player_choice":"Bought 2 Potions","floor":5.0,"gold_loss":0.0,"damage_taken":0.0},{"damage_healed":0.0,"max_hp_gain":0.0,"max_hp_loss":0.0,"gold_gain":0.0,"cards_transformed":["Strike_R","Strike_R"],"event_name":"Drug Dealer","player_choice":"Became Test Subject","floor":19.0,"gold_loss":0.0,"damage_taken":0.0,"cards_obtained":["Corruption","Rampage"]},{"cards_removed":["Perfected Strike"],"damage_healed":0.0,"max_hp_gain":0.0,"max_hp_loss":0.0,"gold_gain":0.0,"event_name":"Wheel of Change","player_choice":"Card Removal","floor":20.0,"gold_loss":0.0,"damage_taken":0.0},{"damage_healed":0.0,"max_hp_gain":0.0,"max_hp_loss":0.0,"gold_gain":0.0,"cards_transformed":["Strike_R"],"event_name":"Transmorgrifier","player_choice":"Transformed","floor":22.0,"gold_loss":0.0,"damage_taken":0.0,"cards_obtained":["Rupture"]}],"is_beta":false,"boss_relics":[{"not_picked":["Busted Crown","Tiny House"],"picked":"Orrery"},{"not_picked":["Lizard Tail","Coffee Dripper"],"picked":"Snecko Eye"}],"items_purged_floors":[36,54],"is_endless":false,"potions_floor_spawned":[1,7,14,16,21,29,31,37,38,48],"ascension_level":20}