{"gold_per_floor":[116,116,41,41,41,41,54,54,80,411,445,516,541,561,561,692,692,707,728,728,741,238,238,254,254,254,254,29,47,81,81,81,210,210,234,257,257,272,272],"floor_reached":39,"playtime":2702,"items_purged":["Regret","Defend_G"],"score":495,"play_id":"7ed2a880-46ed-4e29-ac61-40821c6910e8","local_time":"20180820232605","is_ascension_mode":true,"campfire_choices":[{"data":"Footwork","floor":6,"key":"SMITH"},{"data":"Neutralize","floor":8,"key":"SMITH"},{"floor":15,"key":"REST"},{"floor":23,"key":"REST"},{"floor":25,"key":"REST"},{"data":"Defend_G","floor":27,"key":"PURGE"},{"floor":32,"key":"REST"}],"neow_cost":"NONE","seed_source_timestamp":415976504266028,"circlet_count":0,"master_deck":["Defend_G","Defend_G","Survivor","Neutralize+1","Footwork+1","Underhanded Strike","Acrobatics","Terror","Well Laid Plans","Noxious Fumes","Corpse Explosion","Prepared","Envenom","Bite","Bite","Bite","Bite","Bite","Tactician","Deadly Poison","Blur","Acrobatics","Infinite Blades","Bullet Time","Prepared+1","Reflex","Deadly Poison","Dash+1"],"relics":["Empty Cage","Oddly Smooth Stone","Golden Idol","Dream Catcher","Old Coin","Odd Mushroom","Meat on the Bone","Fusion Hammer","Thread and Needle","Peace Pipe","Strawberry","Snake Skull","Coffee Dripper","Tough Bandages"],"potions_floor_usage":[33],"damage_taken":[{"damage":0,"enemies":"Small Slimes","floor":1,"turns":4},{"damage":0,"enemies":"2 Louse","floor":7,"turns":3},{"damage":24,"enemies":"Gremlin Nob","floor":10,"turns":5},{"damage":5,"floor":11,"turns":10},{"damage":0,"enemies":"Cultist","floor":13,"turns":4},{"damage":3,"enemies":"3 Louse","floor":14,"turns":7},{"damage":49,"enemies":"Slime Boss","floor":16,"turns":17},{"damage":36,"enemies":"2 Thieves","floor":18,"turns":4},{"damage":16,"enemies":"Chosen","floor":19,"turns":5},{"damage":26,"enemies":"Snecko","floor":21,"turns":7},{"damage":10,"enemies":"Centurion and Healer","floor":24,"turns":6},{"damage":19,"enemies":"Snake Plant","floor":29,"turns":5},{"damage":26,"enemies":"Book of Stabbing","floor":30,"turns":7},{"damage":49,"enemies":"Automaton","floor":33,"turns":9},{"damage":53,"enemies":"3 Darklings","floor":35,"turns":4},{"damage":9,"enemies":"3 Shapes","floor":36,"turns":6},{"damage":2,"floor":37,"turns":7},{"damage":39,"enemies":"Sphere and 2 Shapes","floor":38,"turns":6},{"damage":44,"enemies":"Flame Bruiser 2 Orb","floor":39,"turns":4}],"seed_played":"8238316040518265457","potions_obtained":[{"floor":1,"key":"GhostInAJar"},{"floor":13,"key":"Energy Potion"},{"floor":14,"key":"Fruit Juice"},{"floor":35,"key":"Weak Potion"}],"is_trial":false,"path_per_floor":["M","?","$","?","?","R","M","R","T","E","?","T","M","M","R","B",null,"M","M","?","M","$","R","M","R","T","R","$","M","E","$","R","B",null,"M","M","?","M"],"character_chosen":"THE_SILENT","items_purchased":["Deadly Poison","Blur","Thread and Needle","Infinite Blades","Strawberry"],"campfire_rested":4,"item_purchase_floors":[22,22,22,28,28],"current_hp_per_floor":[70,70,70,65,65,65,65,65,65,41,36,36,36,33,52,15,65,41,37,37,25,25,38,42,45,45,45,52,41,29,29,44,38,57,26,39,55,30,0],"gold":272,"neow_bonus":"BOSS_RELIC","is_prod":false,"is_daily":false,"chose_seed":false,"campfire_upgraded":2,"win_rate":0,"timestamp":1534821965,"path_taken":["M","?","$","?","?","R","M","R","T","E","?","?","?","?","R","BOSS","M","?","?","M","$","R","?","R","T","R","$","M","E","?","R","BOSS","M","M","?","M","M"],"build_version":"2018-08-16","purchased_purges":2,"victory":false,"max_hp_per_floor":[70,70,70,65,65,65,65,65,65,65,65,65,65,65,65,65,65,65,65,45,45,45,45,45,45,45,45,52,52,52,52,52,57,57,57,57,57,57,57],"card_choices":[{"not_picked":["Distraction","Escape Plan"],"picked":"Footwork","floor":1},{"not_picked":["Flying Knee","Caltrops"],"picked":"Underhanded Strike","floor":7},{"not_picked":["Predator","Riddle With Holes"],"picked":"Acrobatics","floor":10},{"not_picked":["Sucker Punch","Blade Dance"],"picked":"Terror","floor":13},{"not_picked":["Poisoned Stab","Blade Dance"],"picked":"Well Laid Plans","floor":14},{"not_picked":["Escape Plan","Skewer"],"picked":"Noxious Fumes","floor":15},{"not_picked":["Glass Knife","Burst"],"picked":"Corpse Explosion","floor":16},{"not_picked":["Deadly Poison","Riddle With Holes"],"picked":"Prepared","floor":18},{"not_picked":["Masterful Stab+1","Cloak And Dagger"],"picked":"Envenom","floor":19},{"not_picked":["Poisoned Stab","Acrobatics+1"],"picked":"Tactician","floor":21},{"not_picked":["Quick Slash","Noxious Fumes"],"picked":"Acrobatics","floor":24},{"not_picked":["Envenom","Terror","Dagger Spray"],"picked":"SKIP","floor":29},{"not_picked":["Blade Dance","Accuracy","Cloak And Dagger"],"picked":"SKIP","floor":30},{"not_picked":["Envenom","Doppelganger"],"picked":"Bullet Time","floor":33},{"not_picked":["Quick Slash+1","Sucker Punch+1"],"picked":"Prepared+1","floor":35},{"not_picked":["Quick Slash+1","Outmaneuver"],"picked":"Reflex","floor":36},{"not_picked":["Flechettes+1","Bane"],"picked":"Deadly Poison","floor":37},{"not_picked":["Deflect+1","Skewer+1"],"picked":"Dash+1","floor":38}],"player_experience":101328,"relics_obtained":[{"floor":9,"key":"Dream Catcher"},{"floor":10,"key":"Old Coin"},{"floor":11,"key":"Odd Mushroom"},{"floor":12,"key":"Meat on the Bone"},{"floor":26,"key":"Peace Pipe"},{"floor":30,"key":"Snake Skull"},{"floor":37,"key":"Tough Bandages"}],"event_choices":[{"event_name":"Big Fish","player_choice":"Box","floor":2,"damage_taken":0},{"event_name":"Golden Idol","player_choice":"Lose Max HP","floor":4,"damage_taken":0},{"event_name":"The Cleric","player_choice":"Leave","floor":5,"damage_taken":0},{"event_name":"Mushrooms","player_choice":"Fought Mushrooms","floor":11,"damage_taken":0},{"event_name":"Vampires","player_choice":"Became a vampire","floor":20,"damage_taken":0},{"event_name":"MindBloom","player_choice":"Fight","floor":37,"damage_taken":0}],"is_beta":false,"boss_relics":[{"not_picked":["WristBlade","Philosopher\u0027s Stone"],"picked":"Fusion Hammer"},{"not_picked":["HoveringKite","Eternal Feather"],"picked":"Coffee Dripper"}],"items_purged_floors":[3,22],"is_endless":false,"potions_floor_spawned":[1,13,14,21,29,30,35,37],"killed_by":"Flame Bruiser 2 Orb","ascension_level":1}