{"gold_per_floor":[14,30,30,30,42,42,68,79,103,132,132,57,57,86,86,186,186,203,26,26,38,38,38,54,54,54,69,69,21,21,21,21,124,124,142,74,74,97,114,114,126,126,179,196,208,13,32,32,32,32],"floor_reached":50,"playtime":1898,"items_purged":["Strike_R","Strike_R"],"score":458,"play_id":"b4a8def3-5477-494e-84be-573c6a0c4c5c","local_time":"20190715204318","is_ascension_mode":false,"campfire_choices":[{"data":"Bash","floor":6,"key":"SMITH"},{"data":"Barricade","floor":11,"key":"SMITH"},{"floor":15,"key":"REST"},{"data":"Uppercut","floor":23,"key":"SMITH"},{"data":"Demon Form","floor":25,"key":"SMITH"},{"floor":28,"key":"REST"},{"floor":30,"key":"REST"},{"floor":32,"key":"REST"},{"floor":40,"key":"REST"},{"floor":42,"key":"REST"},{"floor":49,"key":"REST"}],"neow_cost":"NO_GOLD","seed_source_timestamp":46877079832406,"circlet_count":0,"master_deck":["Strike_R+1","Strike_R+1","Strike_R+1","Defend_R+1","Defend_R+1","Defend_R+1","Defend_R+1","Bash+1","Pommel Strike","Cleave","Combust","Flex","Demon Form+1","Barricade+1","Uppercut+1","Feed","Inflame","Metallicize","Shame","Clothesline","Dropkick","Armaments+1","J.A.X.+1","Dark Embrace","Thunderclap","Shrug It Off+1","Flex+1","Anger+1","Blood for Blood+1","Second Wind+1","Finesse+1","Limit Break+1"],"relics":["Black Blood","WingedGreaves","Orichalcum","Strawberry","Pen Nib","Toxic Egg 2","Sundial","Oddly Smooth Stone","Lizard Tail","Potion Belt","Boot"],"potions_floor_usage":[7,14,35,39,41,44,45,47,50],"damage_taken":[{"damage":2,"enemies":"2 Louse","floor":1,"turns":4},{"damage":1,"enemies":"Cultist","floor":2,"turns":3},{"damage":8,"enemies":"Jaw Worm","floor":5,"turns":4},{"damage":18,"enemies":"Lagavulin","floor":7,"turns":5},{"damage":14,"enemies":"3 Louse","floor":8,"turns":2},{"damage":27,"enemies":"3 Sentries","floor":10,"turns":6},{"damage":16,"enemies":"Gremlin Nob","floor":14,"turns":4},{"damage":55,"enemies":"The Guardian","floor":16,"turns":8},{"damage":12,"enemies":"Chosen","floor":18,"turns":6},{"damage":37,"enemies":"Shell Parasite","floor":21,"turns":8},{"damage":26,"enemies":"Centurion and Healer","floor":24,"turns":7},{"damage":53,"enemies":"Chosen and Byrds","floor":27,"turns":6},{"damage":42,"enemies":"Collector","floor":33,"turns":8},{"damage":47,"enemies":"3 Darklings","floor":35,"turns":6},{"damage":34,"enemies":"3 Shapes","floor":39,"turns":8},{"damage":54,"enemies":"Spire Growth","floor":41,"turns":6},{"damage":23,"enemies":"3 Darklings","floor":44,"turns":5},{"damage":44,"enemies":"Maw","floor":45,"turns":8},{"damage":25,"enemies":"Transient","floor":47,"turns":5},{"damage":62,"enemies":"Time Eater","floor":50,"turns":4}],"seed_played":"946326592694282287","potions_obtained":[{"floor":1,"key":"Block Potion"},{"floor":4,"key":"FairyPotion"},{"floor":4,"key":"PowerPotion"},{"floor":5,"key":"Fire Potion"},{"floor":8,"key":"BloodPotion"},{"floor":16,"key":"Fire Potion"},{"floor":24,"key":"SpeedPotion"},{"floor":33,"key":"Block Potion"},{"floor":39,"key":"Strength Potion"},{"floor":44,"key":"Ancient Potion"},{"floor":45,"key":"Dexterity Potion"}],"is_trial":false,"path_per_floor":["M","M","$","?","M","R","E","M","T","E","R","$","?","E","R","B",null,"M","$","?","M","?","R","M","R","T","M","R","$","R","?","R","B",null,"M","$","?","T","M","R","M","R","T","M","M","$","M","$","R","B"],"character_chosen":"IRONCLAD","items_purchased":["Metallicize","Armaments+1","Shrug It Off+1","Flex+1","Finesse+1","SpeedPotion","SteroidPotion"],"campfire_rested":7,"item_purchase_floors":[19,29,36,36,46,46,46],"current_hp_per_floor":[80,80,80,80,78,78,66,58,65,44,44,44,44,55,81,32,87,85,85,85,61,61,61,45,45,45,14,41,41,68,68,90,58,90,53,53,53,53,29,56,12,39,39,26,47,47,32,32,59,0],"gold":32,"neow_bonus":"ONE_RARE_RELIC","is_prod":false,"is_daily":false,"chose_seed":false,"campfire_upgraded":4,"win_rate":0.0,"timestamp":1563237798,"path_taken":["M","M","$","?","M","R","E","?","T","E","R","?","?","E","R","BOSS","M","$","?","M","?","R","M","R","T","M","R","$","R","?","R","BOSS","M","$","?","?","M","R","M","R","T","M","?","$","M","$","R","BOSS"],"build_version":"2019-07-05","purchased_purges":2,"victory":false,"max_hp_per_floor":[80,80,80,80,80,80,80,80,87,87,87,87,87,87,87,87,87,87,87,87,90,90,90,90,90,90,90,90,90,90,90,90,90,90,90,90,90,90,90,90,90,90,90,90,93,93,93,93,93,93],"card_choices":[{"not_picked":["Fire Breathing","Sword Boomerang"],"picked":"Pommel Strike","floor":1},{"not_picked":["Iron Wave","Ghostly Armor"],"picked":"Cleave","floor":2},{"not_picked":["Thunderclap","Second Wind"],"picked":"Combust","floor":5},{"not_picked":["Clash","Wild Strike"],"picked":"Flex","floor":7},{"not_picked":["Inflame","Thunderclap"],"picked":"Demon Form","floor":8},{"not_picked":["Dark Embrace","Shrug It Off"],"picked":"Barricade","floor":10},{"not_picked":["Wild Strike","Burning Pact"],"picked":"Uppercut","floor":14},{"not_picked":["Exhume+1","Demon Form"],"picked":"Feed","floor":16},{"not_picked":["Infernal Blade+1","Dropkick"],"picked":"Inflame","floor":18},{"not_picked":["Iron Wave","Warcry+1"],"picked":"Clothesline","floor":21},{"not_picked":["Pommel Strike","Feel No Pain"],"picked":"Dropkick","floor":24},{"not_picked":["Perfected Strike","Body Slam","Thunderclap"],"picked":"SKIP","floor":27},{"not_picked":["Bludgeon","Demon Form"],"picked":"Dark Embrace","floor":33},{"not_picked":["Cleave+1","Iron Wave"],"picked":"Thunderclap","floor":35},{"not_picked":["Sentinel+1","Evolve"],"picked":"Anger+1","floor":39},{"not_picked":["Thunderclap","Perfected Strike+1","Pommel Strike+1"],"picked":"SKIP","floor":41},{"not_picked":["Warcry+1","Second Wind+1"],"picked":"Blood for Blood+1","floor":44},{"not_picked":["Armaments+1","Thunderclap"],"picked":"Second Wind+1","floor":45},{"not_picked":["Cleave+1","Body Slam"],"picked":"Limit Break+1","floor":47}],"player_experience":66684,"relics_obtained":[{"floor":7,"key":"Orichalcum"},{"floor":9,"key":"Strawberry"},{"floor":10,"key":"Pen Nib"},{"floor":14,"key":"Toxic Egg 2"},{"floor":26,"key":"Oddly Smooth Stone"},{"floor":38,"key":"Potion Belt"},{"floor":43,"key":"Boot"}],"event_choices":[{"damage_healed":0,"gold_gain":0,"player_choice":"Got Potions","damage_taken":0,"max_hp_gain":0,"max_hp_loss":0,"event_name":"Lab","floor":4,"gold_loss":0},{"damage_healed":0,"gold_gain":0,"player_choice":"Ignored","damage_taken":0,"max_hp_gain":0,"max_hp_loss":0,"event_name":"Liars Game","floor":13,"gold_loss":0},{"damage_healed":0,"gold_gain":0,"player_choice":"Stole Relic","damage_taken":0,"relics_obtained":["Sundial"],"max_hp_gain":0,"max_hp_loss":0,"event_name":"Addict","floor":20,"gold_loss":0,"cards_obtained":["Shame"]},{"damage_healed":0,"gold_gain":0,"player_choice":"Simplicity","damage_taken":0,"max_hp_gain":0,"max_hp_loss":0,"event_name":"Back to Basics","floor":22,"gold_loss":0,"cards_upgraded":["Strike_R","Strike_R","Strike_R","Defend_R","Defend_R","Defend_R","Defend_R"]},{"damage_healed":0,"gold_gain":0,"player_choice":"Obtain J.A.X.","damage_taken":0,"max_hp_gain":0,"max_hp_loss":0,"event_name":"Drug Dealer","floor":31,"gold_loss":0,"cards_obtained":["J.A.X."]},{"damage_healed":0,"gold_gain":0,"player_choice":"Ignored","damage_taken":0,"max_hp_gain":0,"max_hp_loss":0,"event_name":"Mysterious Sphere","floor":37,"gold_loss":0}],"is_beta":false,"boss_relics":[{"not_picked":["Runic Cube","Busted Crown"],"picked":"Black Blood"},{"not_picked":["Astrolabe","Coffee Dripper"],"picked":"Lizard Tail"}],"items_purged_floors":[12,19],"is_endless":false,"potions_floor_spawned":[1,5,8,16,24,33,39,44,45],"killed_by":"Time Eater","ascension_level":0}