{"gold_per_floor":[109,109,109,126,142,142,195,207,219,244,278,290,21,83,83,161,161,180,230,244,255,268,268,297,315,315,338,132,132,158,172,172,246,246,263,56,56,71,84,109,109,127,150,179,179,207,207,226,226,226,226,226,226,13,13],"floor_reached":55,"playtime":4659,"items_purged":["Rupture"],"score":1965,"play_id":"9fb70111-ca34-493c-a98c-466a0ff2d780","local_time":"20190502021933","is_ascension_mode":true,"campfire_choices":[{"data":"Bash","floor":6.0,"key":"SMITH"},{"data":"Inflame","floor":8.0,"key":"SMITH"},{"floor":15.0,"key":"REST"},{"data":"True Grit","floor":23.0,"key":"SMITH"},{"data":"Disarm","floor":29.0,"key":"SMITH"},{"data":"Demon Form","floor":32.0,"key":"SMITH"},{"data":"Offering","floor":41.0,"key":"SMITH"},{"floor":47.0,"key":"RECALL"},{"floor":49.0,"key":"REST"},{"data":"Offering","floor":53,"key":"SMITH"}],"neow_cost":"PERCENT_DAMAGE","seed_source_timestamp":168840057286423,"circlet_count":0,"master_deck":["AscendersBane","Bash+1","Sword Boomerang+1","Cleave","Inflame+1","Thunderclap","Clothesline","Carnage","Reaper","Second Wind","Battle Trance","Intimidate","Impervious","Disarm+1","Spot Weakness","Demon Form+1","True Grit+1","Battle Trance","Anger","Offering+1","Havoc","Offering+1","Armaments+1","Feed","Ghostly Armor","Shrug It Off","Sentinel","Enlightenment","Burning Pact","Power Through"],"special_seed":0,"relics":["Burning Blood","MawBank","Centennial Puzzle","Odd Mushroom","Self Forming Clay","Tiny Chest","Pandora\u0027s Box","Oddly Smooth Stone","Anchor","Bottled Lightning","Mark of Pain","Boot","Bottled Tornado","Strawberry","Meat on the Bone","Ornamental Fan","Bag of Marbles"],"potions_floor_usage":[],"damage_taken":[{"damage":3.0,"enemies":"Small Slimes","floor":1.0,"turns":4.0},{"damage":7.0,"enemies":"Jaw Worm","floor":4.0,"turns":5.0},{"damage":0.0,"enemies":"Cultist","floor":5.0,"turns":2.0},{"damage":8.0,"enemies":"Blue Slaver","floor":10.0,"turns":3.0},{"damage":9.0,"enemies":"The Mushroom Lair","floor":11.0,"turns":3.0},{"damage":21.0,"enemies":"Lagavulin","floor":14.0,"turns":6.0},{"damage":26.0,"enemies":"Slime Boss","floor":16.0,"turns":8.0},{"damage":40.0,"enemies":"Spheric Guardian","floor":18.0,"turns":6.0},{"damage":10.0,"enemies":"Shell Parasite","floor":20.0,"turns":4.0},{"damage":21.0,"enemies":"3 Cultists","floor":21.0,"turns":4.0},{"damage":26.0,"enemies":"Chosen and Byrds","floor":22.0,"turns":6.0},{"damage":37.0,"enemies":"Gremlin Leader","floor":24.0,"turns":6.0},{"damage":57.0,"enemies":"Centurion and Healer","floor":25.0,"turns":8.0},{"damage":23.0,"enemies":"Book of Stabbing","floor":30.0,"turns":5.0},{"damage":21.0,"enemies":"Snecko","floor":31.0,"turns":6.0},{"damage":46.0,"enemies":"Champ","floor":33.0,"turns":11.0},{"damage":15.0,"enemies":"Orb Walker","floor":35.0,"turns":4.0},{"damage":27.0,"enemies":"3 Darklings","floor":38.0,"turns":5.0},{"damage":37.0,"enemies":"Jaw Worm Horde","floor":39.0,"turns":4.0},{"damage":64.0,"enemies":"Giant Head","floor":40.0,"turns":6.0},{"damage":34.0,"enemies":"Maw","floor":42.0,"turns":6.0},{"damage":12.0,"enemies":"Reptomancer","floor":44.0,"turns":5.0},{"damage":29.0,"enemies":"Nemesis","floor":46.0,"turns":8.0},{"damage":39.0,"enemies":"Spire Growth","floor":48.0,"turns":6.0},{"damage":74,"enemies":"Awakened One","floor":50,"turns":14},{"damage":81,"enemies":"Donu and Deca","floor":51,"turns":9},{"damage":104,"enemies":"Shield and Spear","floor":55,"turns":6}],"seed_played":"7767515427821526256","potions_obtained":[{"floor":5.0,"key":"EssenceOfSteel"},{"floor":10.0,"key":"Explosive Potion"},{"floor":14.0,"key":"Block Potion"},{"floor":16.0,"key":"Energy Potion"},{"floor":21.0,"key":"PowerPotion"},{"floor":24.0,"key":"SteroidPotion"},{"floor":30.0,"key":"AttackPotion"},{"floor":48.0,"key":"SteroidPotion"}],"is_trial":false,"path_per_floor":["M","?","?","M","M","R","T","R","T","M","?","?","$","E","R","B",null,"M","?","M","M","M","R","E","M","T","T","$","R","E","M","R","B",null,"M","$","T","M","M","E","R","M","T","E","?","E","R","M","R","B","B",null,"R","$","E"],"character_chosen":"IRONCLAD","items_purchased":["Self Forming Clay","Offering","PowerPotion","Feed","Ghostly Armor","Bag of Marbles","Strength Potion"],"campfire_rested":2,"item_purchase_floors":[13,28,28,36,36,54,54],"current_hp_per_floor":[53,58,34,33,39,39,39,39,39,37,34,27,27,12,36,16,64,37,37,33,39,41,41,50,65,65,65,65,65,71,73,73,79,80,80,80,80,84,84,78,78,82,89,83,73,62,62,68,97,101,93,99,99,99,0],"gold":13,"neow_bonus":"REMOVE_TWO","is_prod":false,"is_daily":false,"chose_seed":false,"campfire_upgraded":7,"win_rate":0,"timestamp":1556777973,"path_taken":["M","?","?","M","M","R","?","R","T","?","?","?","$","E","R","BOSS","M","?","M","?","M","R","E","M","T","?","$","R","E","M","R","BOSS","M","$","?","M","M","E","R","M","T","E","?","E","R","M","R","BOSS","BOSS","R","$","E"],"build_version":"2019-01-23","purchased_purges":1,"victory":false,"max_hp_per_floor":[75,80,80,80,80,80,80,80,80,80,80,80,80,80,80,80,80,80,80,80,80,80,80,80,80,80,80,80,80,80,80,80,80,80,80,80,80,84,87,87,87,90,97,97,97,97,97,97,97,101,101,101,101,101,101],"card_choices":[{"not_picked":["Twin Strike","Blood for Blood"],"picked":"Sword Boomerang","floor":1.0},{"not_picked":["Sword Boomerang","Warcry"],"picked":"Cleave","floor":4.0},{"not_picked":["Body Slam","Infernal Blade"],"picked":"Inflame","floor":5.0},{"not_picked":["Flex","Power Through"],"picked":"Thunderclap","floor":10.0},{"not_picked":["Cleave","Heavy Blade"],"picked":"Clothesline","floor":11.0},{"not_picked":["Anger","Rage"],"picked":"Carnage","floor":14.0},{"not_picked":["Juggernaut","Demon Form"],"picked":"Reaper","floor":16.0},{"not_picked":["Pommel Strike+1","Warcry","Corruption"],"picked":"SKIP","floor":18.0},{"not_picked":["Wild Strike+1","Pummel"],"picked":"Spot Weakness","floor":20.0},{"not_picked":["Clothesline","Pummel"],"picked":"Demon Form","floor":21.0},{"not_picked":["Perfected Strike","Wild Strike"],"picked":"True Grit","floor":22.0},{"not_picked":["Twin Strike","Pommel Strike"],"picked":"Battle Trance","floor":24.0},{"not_picked":["Pommel Strike","Iron Wave"],"picked":"Anger","floor":25.0},{"not_picked":["Barricade","Clothesline+1","Inflame"],"picked":"SKIP","floor":30.0},{"not_picked":["Barricade","Clothesline+1","Inflame"],"picked":"SKIP","floor":30.0},{"not_picked":["Wild Strike","Rampage"],"picked":"Havoc","floor":31.0},{"not_picked":["Bludgeon","Juggernaut"],"picked":"Offering","floor":33.0},{"not_picked":["Warcry","Pommel Strike"],"picked":"Armaments+1","floor":35.0},{"not_picked":["Clash","Wild Strike"],"picked":"Shrug It Off","floor":38.0},{"not_picked":["True Grit","Rage","Pommel Strike"],"picked":"SKIP","floor":39.0},{"not_picked":["Headbutt+1","Armaments+1","Twin Strike+1"],"picked":"SKIP","floor":40.0},{"not_picked":["Anger+1","Spot Weakness+1"],"picked":"Sentinel","floor":42.0},{"not_picked":["Corruption","Perfected Strike","Clothesline"],"picked":"SKIP","floor":44.0},{"not_picked":["Purity","Trip"],"picked":"Enlightenment","floor":45.0},{"not_picked":["Wild Strike","Cleave"],"picked":"Burning Pact","floor":46.0},{"not_picked":["Rage","Pummel+1"],"picked":"Power Through","floor":48.0}],"player_experience":1098227,"relics_obtained":[{"floor":7.0,"key":"MawBank"},{"floor":9.0,"key":"Centennial Puzzle"},{"floor":11.0,"key":"Odd Mushroom"},{"floor":14.0,"key":"Tiny Chest"},{"floor":24.0,"key":"Oddly Smooth Stone"},{"floor":27.0,"key":"Anchor"},{"floor":30.0,"key":"Bottled Lightning"},{"floor":37.0,"key":"Boot"},{"floor":40.0,"key":"Bottled Tornado"},{"floor":43.0,"key":"Strawberry"},{"floor":44.0,"key":"Meat on the Bone"},{"floor":46.0,"key":"Ornamental Fan"}],"event_choices":[{"damage_healed":0.0,"max_hp_gain":5.0,"max_hp_loss":0.0,"gold_gain":0.0,"event_name":"Big Fish","player_choice":"Donut","floor":2.0,"gold_loss":0.0,"damage_taken":0.0},{"damage_healed":0.0,"max_hp_gain":0.0,"max_hp_loss":0.0,"gold_gain":0.0,"event_name":"Shining Light","player_choice":"Entered Light","floor":3.0,"gold_loss":0.0,"damage_taken":24.0,"cards_upgraded":["Defend_R","Sword Boomerang"]},{"damage_healed":0.0,"max_hp_gain":0.0,"max_hp_loss":0.0,"gold_gain":0.0,"event_name":"Mushrooms","player_choice":"Fought Mushrooms","floor":11.0,"gold_loss":0.0,"damage_taken":0.0},{"cards_removed":["Strike_R"],"damage_healed":0.0,"max_hp_gain":0.0,"max_hp_loss":0.0,"gold_gain":0.0,"event_name":"Golden Wing","player_choice":"Card Removal","floor":12.0,"gold_loss":0.0,"damage_taken":7.0},{"damage_healed":0.0,"max_hp_gain":0.0,"max_hp_loss":0.0,"gold_gain":50.0,"event_name":"Golden Shrine","player_choice":"Pray","floor":19.0,"gold_loss":0.0,"damage_taken":0.0},{"damage_healed":0.0,"max_hp_gain":0.0,"max_hp_loss":0.0,"gold_gain":0.0,"event_name":"SensoryStone","player_choice":"Memory 3","floor":45.0,"gold_loss":0.0,"damage_taken":10.0}],"is_beta":false,"boss_relics":[{"not_picked":["Ectoplasm","Black Blood"],"picked":"Pandora\u0027s Box"},{"not_picked":["Lizard Tail","Runic Cube"],"picked":"Mark of Pain"}],"items_purged_floors":[28],"is_endless":false,"potions_floor_spawned":[5,10,14,16,21,22,24,30,31,38,40,48],"killed_by":"Shield and Spear","ascension_level":20}