{"gold_per_floor":[116,116,116,126,143,143,174,190,271,299,140,140,166,166,166,237,237,255,12,25,40,40,40,65,65,65,93,105,143,205,247,259,343,355,384,410,475,537,561,573,612,638,650,672,144,160,177,202,202,202,202,202,202,77,106,106],"floor_reached":57,"playtime":3381,"items_purged":["Decay","Strike_R","Strike_R"],"score":2816,"play_id":"abdd3031-a879-4be5-a53c-47e12c6d4fba","local_time":"20190722002748","is_ascension_mode":true,"campfire_choices":[{"data":"Thunderclap","floor":6,"key":"SMITH"},{"floor":12,"key":"REST"},{"floor":15,"key":"REST"},{"data":"Demon Form","floor":25,"key":"SMITH"},{"data":"Demon Form","floor":32,"key":"SMITH"},{"data":"Disarm","floor":40,"key":"SMITH"},{"floor":49,"key":"RECALL"},{"data":"Heavy Blade","floor":53,"key":"SMITH"}],"neow_cost":"NONE","seed_source_timestamp":294562756691408,"circlet_count":0,"master_deck":["AscendersBane","Defend_R","Defend_R","Defend_R","Defend_R","Bash+1","Heavy Blade+1","Thunderclap+1","Blood for Blood","Demon Form+1","Evolve","Inflame","Perfected Strike","Reaper","Second Wind","Disarm+1","Reaper","Twin Strike","Pommel Strike","Flame Barrier","Shockwave","Demon Form+1"],"relics":["Burning Blood","Unceasing Top","Bag of Marbles","Blood Vial","Snecko Eye","Girya","Gremlin Horn","MawBank","Letter Opener","Strawberry","Busted Crown","Magic Flower","Turnip","Champion Belt","Bottled Tornado","Bronze Scales","Happy Flower","Lantern"],"potions_floor_usage":[10,16,29,31,39,41,56],"damage_taken":[{"damage":7,"enemies":"2 Louse","floor":1,"turns":4},{"damage":3,"enemies":"Small Slimes","floor":4,"turns":4},{"damage":9,"enemies":"Cultist","floor":5,"turns":4},{"damage":34,"enemies":"Gremlin Nob","floor":7,"turns":4},{"damage":15,"enemies":"Red Slaver","floor":8,"turns":3},{"damage":33,"enemies":"3 Sentries","floor":10,"turns":8},{"damage":30,"enemies":"Lagavulin","floor":13,"turns":7},{"damage":8,"enemies":"Slime Boss","floor":16,"turns":7},{"damage":42,"enemies":"3 Byrds","floor":18,"turns":5},{"damage":19,"enemies":"Spheric Guardian","floor":20,"turns":5},{"damage":12,"enemies":"Centurion and Healer","floor":21,"turns":7},{"damage":34,"enemies":"Book of Stabbing","floor":24,"turns":4},{"damage":15,"enemies":"Gremlin Leader","floor":27,"turns":4},{"damage":60,"enemies":"Slavers","floor":29,"turns":7},{"damage":36,"enemies":"Gremlin Leader","floor":31,"turns":5},{"damage":103,"enemies":"Automaton","floor":33,"turns":10},{"damage":19,"enemies":"3 Shapes","floor":35,"turns":6},{"damage":20,"enemies":"Orb Walker","floor":36,"turns":3},{"damage":77,"enemies":"2 Orb Walkers","floor":37,"turns":5},{"damage":35,"enemies":"Transient","floor":39,"turns":6},{"damage":70,"enemies":"Reptomancer","floor":41,"turns":7},{"damage":35,"enemies":"Spire Growth","floor":42,"turns":5},{"damage":32,"enemies":"Writhing Mass","floor":44,"turns":6},{"damage":7,"enemies":"Transient","floor":46,"turns":6},{"damage":0,"enemies":"Maw","floor":47,"turns":5},{"damage":50,"enemies":"Nemesis","floor":48,"turns":5},{"damage":60,"enemies":"Time Eater","floor":50,"turns":8},{"damage":59,"enemies":"Donu and Deca","floor":51,"turns":5},{"damage":76,"enemies":"Shield and Spear","floor":55,"turns":5},{"damage":157,"enemies":"The Heart","floor":56,"turns":9}],"seed_played":"4113675903777166960","potions_obtained":[{"floor":5,"key":"SpeedPotion"},{"floor":7,"key":"SpeedPotion"},{"floor":8,"key":"Dexterity Potion"},{"floor":24,"key":"Regen Potion"},{"floor":27,"key":"SteroidPotion"},{"floor":31,"key":"Energy Potion"},{"floor":36,"key":"FearPotion"},{"floor":39,"key":"Ancient Potion"},{"floor":44,"key":"BloodPotion"}],"is_trial":false,"path_per_floor":["M","?","?","M","M","R","E","M","T","E","$","R","E","?","R","B",null,"M","$","M","M","?","?","E","R","T","E","$","E","?","E","R","B",null,"M","M","?","?","M","R","E","M","T","M","$","M","M","E","R","B","B",null,"R","$","E","B",null],"character_chosen":"IRONCLAD","items_purchased":["Evolve","Disarm","Reaper","Bottled Tornado","Bronze Scales"],"campfire_rested":2,"item_purchase_floors":[11,19,19,45,45],"current_hp_per_floor":[74,74,74,77,74,74,46,37,37,10,10,34,10,10,34,34,70,57,57,66,82,82,82,69,69,69,82,82,78,78,89,89,50,79,88,75,44,36,89,89,89,89,89,89,89,89,89,89,89,89,89,89,89,89,89,66],"gold":106,"neow_bonus":"TEN_PERCENT_HP_BONUS","is_prod":false,"is_daily":false,"chose_seed":false,"campfire_upgraded":5,"win_rate":0,"timestamp":1563769668,"path_taken":["M","?","?","M","?","R","E","M","T","E","?","R","E","?","R","BOSS","M","$","?","M","?","?","E","R","T","E","$","E","?","E","R","BOSS","M","M","?","?","M","R","E","M","T","M","$","?","?","E","R","BOSS","BOSS","R","$","E","BOSS"],"build_version":"2019-07-17","purchased_purges":3,"victory":true,"max_hp_per_floor":[82,82,82,82,82,82,82,82,82,82,82,82,82,82,82,82,82,82,82,82,82,82,82,82,82,82,82,82,82,82,89,89,89,89,89,89,89,89,89,89,89,89,89,89,89,89,89,89,89,89,89,89,89,89,89,89],"card_choices":[{"not_picked":["Armaments","Warcry"],"picked":"Heavy Blade","floor":1},{"not_picked":["Clash","Flex","Seeing Red"],"picked":"SKIP","floor":4},{"not_picked":["Shrug It Off","Searing Blow"],"picked":"Thunderclap","floor":5},{"not_picked":["Clash","Clothesline"],"picked":"Blood for Blood","floor":7},{"not_picked":["Havoc","Heavy Blade","Rupture"],"picked":"SKIP","floor":8},{"not_picked":["Twin Strike","Cleave"],"picked":"Demon Form","floor":10},{"not_picked":["Heavy Blade","Ghostly Armor"],"picked":"Inflame","floor":13},{"not_picked":["Exhume","Berserk"],"picked":"Reaper","floor":16},{"not_picked":["Cleave","Thunderclap"],"picked":"Second Wind","floor":18},{"not_picked":["Iron Wave","Clothesline","Cleave"],"picked":"SKIP","floor":20},{"not_picked":["Body Slam","Sentinel","Intimidate"],"picked":"SKIP","floor":21},{"not_picked":["Perfected Strike","Whirlwind"],"picked":"Shockwave","floor":24},{"not_picked":["Rampage","Body Slam","Dropkick+1"],"picked":"SKIP","floor":27},{"not_picked":["Perfected Strike","Flex","Uppercut"],"picked":"SKIP","floor":29},{"not_picked":["Infernal Blade","Disarm"],"picked":"Demon Form","floor":31},{"not_picked":["Cleave"],"picked":"SKIP","floor":35},{"not_picked":["Clothesline+1"],"picked":"SKIP","floor":36},{"not_picked":["Armaments"],"picked":"SKIP","floor":39},{"not_picked":["Battle Trance"],"picked":"SKIP","floor":41},{"not_picked":["Warcry"],"picked":"SKIP","floor":42},{"not_picked":["Clash"],"picked":"SKIP","floor":44},{"not_picked":["Perfected Strike+1"],"picked":"SKIP","floor":46},{"not_picked":["Flex+1"],"picked":"SKIP","floor":47},{"not_picked":["Thunderclap"],"picked":"SKIP","floor":48},{"not_picked":["True Grit"],"picked":"SKIP","floor":55}],"player_experience":1630951,"relics_obtained":[{"floor":7,"key":"Unceasing Top"},{"floor":10,"key":"Bag of Marbles"},{"floor":13,"key":"Blood Vial"},{"floor":24,"key":"Girya"},{"floor":26,"key":"Gremlin Horn"},{"floor":27,"key":"MawBank"},{"floor":29,"key":"Letter Opener"},{"floor":31,"key":"Strawberry"},{"floor":37,"key":"Magic Flower"},{"floor":41,"key":"Turnip"},{"floor":43,"key":"Champion Belt"},{"floor":48,"key":"Happy Flower"},{"floor":55,"key":"Lantern"}],"event_choices":[{"damage_healed":0,"gold_gain":0,"player_choice":"Grow","damage_taken":0,"max_hp_gain":0,"max_hp_loss":0,"event_name":"Living Wall","floor":2,"gold_loss":0,"cards_upgraded":["Bash"]},{"damage_healed":0,"gold_gain":0,"player_choice":"Cursed","damage_taken":0,"max_hp_gain":0,"max_hp_loss":0,"event_name":"Wheel of Change","floor":3,"gold_loss":0,"cards_obtained":["Decay"]},{"damage_healed":0,"gold_gain":0,"cards_transformed":["Strike_R"],"player_choice":"Transformed","damage_taken":0,"max_hp_gain":0,"max_hp_loss":0,"event_name":"Transmorgrifier","floor":14,"gold_loss":0,"cards_obtained":["Perfected Strike"]},{"damage_healed":0,"gold_gain":0,"cards_transformed":["Strike_R","Strike_R"],"player_choice":"Became Test Subject","damage_taken":0,"max_hp_gain":0,"max_hp_loss":0,"event_name":"Drug Dealer","floor":22,"gold_loss":0,"cards_obtained":["Twin Strike","Pommel Strike"]},{"damage_healed":0,"gold_gain":0,"player_choice":"Read","damage_taken":0,"max_hp_gain":0,"max_hp_loss":0,"event_name":"The Library","floor":23,"gold_loss":0,"cards_obtained":["Flame Barrier"]},{"damage_healed":0,"gold_gain":50,"player_choice":"Stole From Cult","damage_taken":0,"max_hp_gain":0,"max_hp_loss":0,"event_name":"Nest","floor":30,"gold_loss":0},{"damage_healed":0,"gold_gain":0,"player_choice":"Fight","damage_taken":0,"max_hp_gain":0,"max_hp_loss":0,"event_name":"Mysterious Sphere","floor":37,"gold_loss":0},{"damage_healed":0,"gold_gain":50,"player_choice":"Touch","damage_taken":8,"max_hp_gain":0,"max_hp_loss":0,"event_name":"FaceTrader","floor":38,"gold_loss":0}],"is_beta":false,"boss_relics":[{"not_picked":["Philosopher\u0027s Stone","Orrery"],"picked":"Snecko Eye"},{"not_picked":["Sozu","White Beast Statue"],"picked":"Busted Crown"}],"items_purged_floors":[11,45,54],"is_endless":false,"potions_floor_spawned":[5,7,8,24,27,31,36,39,44,46],"ascension_level":20}