{"gold_per_floor":[118,118,43,58,73,100,100,132,132,32,32,52,52,78,78,183,183,200,212,12,12,112,112,112,122,122,122,122,194,194,109,109,210,210,220,220,240,254,0,0,33,33,59,59,76,88,102,122,122,122],"floor_reached":51,"playtime":3477,"items_purged":["Defend_G","Strike_G"],"score":732,"play_id":"910a2d58-2fd5-4cbf-9643-897c156815a3","local_time":"20180823171135","is_ascension_mode":true,"campfire_choices":[{"data":"Neutralize","floor":7,"key":"SMITH"},{"data":"Distraction","floor":11,"key":"SMITH"},{"data":"Distraction","floor":13,"key":"SMITH"},{"data":"Flechettes","floor":15,"key":"SMITH"},{"data":"Catalyst","floor":23,"key":"SMITH"},{"data":"Footwork","floor":28,"key":"SMITH"},{"data":"Bullet Time","floor":30,"key":"SMITH"},{"data":"Acrobatics","floor":32,"key":"SMITH"},{"floor":40,"key":"REST"},{"floor":44,"key":"REST"},{"floor":49,"key":"REST"}],"neow_cost":"NONE","seed_source_timestamp":651949648137882,"circlet_count":0,"master_deck":["Survivor","Neutralize+1","Deflect","Catalyst+1","Distraction+1","Flechettes+1","Distraction+1","Poisoned Stab","Bullet Time+1","Outmaneuver","Outmaneuver+1","Bouncing Flask","Slice","Slice","Quick Slash+1","Infinite Blades","Poisoned Stab+1","Dodge and Roll+1","Footwork+1","Acrobatics+1","Venomology","Distraction","Apotheosis","Finesse","Backflip+1","Deadly Poison+1","Cloak And Dagger","Well Laid Plans+1","Backflip+1"],"relics":["Ring of the Snake","Art of War","Meat on the Bone","Pantograph","Bag of Preparation","Matryoshka","Pandora\u0027s Box","TwistedFunnel","Pen Nib","Ancient Tea Set","Letter Opener","Bottled Lightning","Ninja Scroll","Fusion Hammer","Red Mask","Whetstone","War Paint"],"potions_floor_usage":[6,6,8,14,41,41,50,50],"damage_taken":[{"damage":10,"enemies":"Jaw Worm","floor":1,"turns":6},{"damage":1,"enemies":"Small Slimes","floor":4,"turns":5},{"damage":0,"enemies":"Cultist","floor":5,"turns":4},{"damage":32,"enemies":"3 Sentries","floor":6,"turns":14},{"damage":16,"enemies":"Gremlin Nob","floor":8,"turns":4},{"damage":2,"enemies":"Large Slime","floor":12,"turns":7},{"damage":7,"enemies":"3 Sentries","floor":14,"turns":12},{"damage":56,"enemies":"The Guardian","floor":16,"turns":22},{"damage":8,"enemies":"Chosen","floor":18,"turns":2},{"damage":1,"enemies":"3 Byrds","floor":19,"turns":5},{"damage":4,"enemies":"3 Cultists","floor":25,"turns":5},{"damage":59,"enemies":"Champ","floor":33,"turns":9},{"damage":0,"enemies":"3 Shapes","floor":35,"turns":3},{"damage":2,"enemies":"3 Darklings","floor":37,"turns":2},{"damage":21,"enemies":"Flame Bruiser 2 Orb","floor":38,"turns":3},{"damage":28,"enemies":"2 Orb Walkers","floor":41,"turns":3},{"damage":0,"enemies":"Sphere and 2 Shapes","floor":45,"turns":2},{"damage":1,"enemies":"Maw","floor":46,"turns":4},{"damage":23,"enemies":"Spire Growth","floor":47,"turns":4},{"damage":0,"enemies":"Sphere and 2 Shapes","floor":48,"turns":3},{"damage":23,"enemies":"Donu and Deca","floor":50,"turns":9}],"seed_played":"704347178143418122","potions_obtained":[{"floor":0,"key":"EssenceOfSteel"},{"floor":0,"key":"FearPotion"},{"floor":0,"key":"Regen Potion"},{"floor":8,"key":"Explosive Potion"},{"floor":14,"key":"Dexterity Potion"},{"floor":19,"key":"Weak Potion"},{"floor":25,"key":"Strength Potion"},{"floor":35,"key":"SmokeBomb"}],"is_trial":false,"path_per_floor":["M","?","$","M","M","E","R","E","T","$","R","M","R","E","R","B",null,"M","M","$","?","?","R","?","M","T","$","R","T","R","?","R","B",null,"M","?","M","M","?","R","E","$","T","R","M","M","M","M","R","B"],"character_chosen":"THE_SILENT","items_purchased":["TwistedFunnel"],"campfire_rested":3,"item_purchase_floors":[20],"current_hp_per_floor":[60,57,57,56,56,39,39,35,35,35,35,45,45,38,38,19,70,62,61,61,61,61,61,61,57,57,57,57,57,57,57,57,23,70,70,65,63,42,42,63,47,47,47,68,68,67,44,44,65,47],"gold":122,"neow_bonus":"THREE_SMALL_POTIONS","is_prod":false,"is_daily":false,"chose_seed":false,"campfire_upgraded":8,"win_rate":0,"timestamp":1535058695,"path_taken":["M","?","$","M","M","E","R","E","T","$","R","M","R","E","R","BOSS","M","M","$","?","?","R","?","?","T","?","R","?","R","?","R","BOSS","M","?","?","M","?","R","E","?","T","R","M","M","?","M","R","BOSS"],"build_version":"2018-08-16","purchased_purges":2,"victory":true,"max_hp_per_floor":[70,70,70,70,70,70,70,70,70,70,70,70,70,70,70,70,70,70,70,70,70,70,70,70,70,70,70,70,70,70,70,70,70,70,70,70,70,70,70,70,70,70,70,70,70,70,70,70,70,70],"card_choices":[{"not_picked":["Backflip","Acrobatics"],"picked":"Deflect","floor":1},{"not_picked":["Dagger Spray","Underhanded Strike","Corpse Explosion"],"picked":"SKIP","floor":4},{"not_picked":["Masterful Stab","Acrobatics"],"picked":"Catalyst","floor":5},{"not_picked":["Sucker Punch","Flying Knee"],"picked":"Distraction","floor":6},{"not_picked":["All Out Attack","Cloak And Dagger"],"picked":"Flechettes","floor":8},{"not_picked":["Deflect","Corpse Explosion"],"picked":"Distraction","floor":12},{"not_picked":["Terror","PiercingWail"],"picked":"Poisoned Stab","floor":14},{"not_picked":["Doppelganger","Corpse Explosion"],"picked":"Bullet Time","floor":16},{"not_picked":["Concentrate","Deflect"],"picked":"Dodge and Roll","floor":18},{"not_picked":["Flying Knee+1","Sucker Punch","Bane+1"],"picked":"SKIP","floor":19},{"not_picked":["Setup","Underhanded Strike"],"picked":"Acrobatics","floor":25},{"not_picked":["Grand Finale","Night Terror"],"picked":"Venomology","floor":33},{"not_picked":["Deflect","Masterful Stab"],"picked":"Distraction","floor":35},{"not_picked":["Mayhem","Bandage Up"],"picked":"Apotheosis","floor":36},{"not_picked":["Impatience","Jack Of All Trades"],"picked":"Finesse","floor":36},{"not_picked":["Dodge and Roll","Predator+1"],"picked":"Backflip+1","floor":37},{"not_picked":["Dagger Throw","Dagger Spray+1"],"picked":"Deadly Poison+1","floor":38},{"not_picked":["Sucker Punch","Blade Dance+1"],"picked":"Cloak And Dagger","floor":41},{"not_picked":["Sucker Punch+1","Flying Knee","Bane+1"],"picked":"SKIP","floor":45},{"not_picked":["Bullet Time","PiercingWail+1"],"picked":"Well Laid Plans+1","floor":46},{"not_picked":["PiercingWail+1","Riddle With Holes","Slice+1"],"picked":"SKIP","floor":47},{"not_picked":["Deadly Poison+1","Blade Dance+1"],"picked":"Backflip+1","floor":48}],"player_experience":167912,"relics_obtained":[{"floor":6,"key":"Meat on the Bone"},{"floor":8,"key":"Pantograph"},{"floor":9,"key":"Bag of Preparation"},{"floor":14,"key":"Matryoshka"},{"floor":26,"key":"Pen Nib"},{"floor":26,"key":"Ancient Tea Set"},{"floor":29,"key":"Letter Opener"},{"floor":29,"key":"Bottled Lightning"},{"floor":41,"key":"Whetstone"},{"floor":43,"key":"War Paint"}],"event_choices":[{"event_name":"Scrap Ooze","player_choice":"success","floor":2,"damage_taken":3},{"event_name":"Match and Keep!","player_choice":"0 cards matched","floor":21,"damage_taken":0},{"event_name":"Golden Shrine","player_choice":"Pray","floor":22,"damage_taken":0},{"event_name":"The Library","player_choice":"Read","floor":24,"damage_taken":0},{"event_name":"Addict","player_choice":"Obtained Relic","floor":31,"damage_taken":0},{"event_name":"SensoryStone","player_choice":"Memory 2","floor":36,"damage_taken":0},{"event_name":"Tomb of Lord Red Mask","player_choice":"Paid","floor":39,"damage_taken":0}],"is_beta":false,"boss_relics":[{"not_picked":["Empty Cage","Astrolabe"],"picked":"Pandora\u0027s Box"},{"not_picked":["Coffee Dripper","Philosopher\u0027s Stone"],"picked":"Fusion Hammer"}],"items_purged_floors":[3,10],"is_endless":false,"potions_floor_spawned":[4,5,8,14,19,25,35,45],"ascension_level":2}