{"gold_per_floor":[110,126,48,48,48,81,99,99,123,123,123,157,157,190,190,190],"floor_reached":16,"playtime":530,"items_purged":[],"score":282,"play_id":"4e5bdc32-8016-48d6-abc1-f71940bcf65a","local_time":"20190318134632","is_ascension_mode":true,"campfire_choices":[{"data":"Skewer","floor":8,"key":"SMITH"},{"data":"Neutralize","floor":10,"key":"SMITH"},{"floor":13,"key":"REST"},{"floor":15,"key":"REST"}],"neow_cost":"NONE","seed_source_timestamp":386810285916455,"circlet_count":0,"master_deck":["AscendersBane","Defend_G","Defend_G","Defend_G","Defend_G","Defend_G","Strike_G","Strike_G","Strike_G","Strike_G","Strike_G","Survivor","Neutralize+1","Poisoned Stab","Skewer+1","Night Terror","Crippling Poison","Infinite Blades"],"relics":["Ring of the Snake","NeowsBlessing","Potion Belt","Strawberry","Golden Idol","Boot","Lantern"],"potions_floor_usage":[14,16],"damage_taken":[{"damage":0,"enemies":"Cultist","floor":1,"turns":1},{"damage":0,"enemies":"Small Slimes","floor":2,"turns":1},{"damage":0,"enemies":"3 Sentries","floor":6,"turns":1},{"damage":3,"enemies":"Jaw Worm","floor":7,"turns":4},{"damage":48,"enemies":"Gremlin Nob","floor":12,"turns":6},{"damage":30,"enemies":"3 Sentries","floor":14,"turns":9},{"damage":24,"enemies":"Slime Boss","floor":16,"turns":7}],"seed_played":"-1238765492709023919","potions_obtained":[{"floor":12,"key":"SneckoOil"},{"floor":14,"key":"SteroidPotion"}],"is_trial":false,"path_per_floor":["M","M","$","?","$","E","M","R","T","R","?","E","R","E","R","B"],"character_chosen":"THE_SILENT","items_purchased":["Night Terror"],"campfire_rested":2,"item_purchase_floors":[3],"current_hp_per_floor":[59,59,59,64,64,64,61,61,68,68,68,20,41,11,32,8],"gold":190,"neow_bonus":"THREE_ENEMY_KILL","is_prod":false,"is_daily":false,"chose_seed":false,"campfire_upgraded":2,"win_rate":0,"timestamp":1552931192,"path_taken":["M","?","$","?","?","E","M","R","T","R","?","E","R","E","R","BOSS"],"build_version":"2019-01-23","purchased_purges":0,"victory":false,"max_hp_per_floor":[66,66,66,71,71,71,71,71,78,78,71,71,71,71,71,71],"card_choices":[{"not_picked":["Dodge and Roll","Terror"],"picked":"Poisoned Stab","floor":1},{"not_picked":["Outmaneuver","Bane"],"picked":"Skewer","floor":2},{"not_picked":["Distraction","Acrobatics"],"picked":"Crippling Poison","floor":6},{"not_picked":["Quick Slash","Poisoned Stab","Dagger Throw"],"picked":"SKIP","floor":7},{"not_picked":["Quick Slash","Poisoned Stab","Dagger Throw"],"picked":"SKIP","floor":7},{"not_picked":["Quick Slash","Poisoned Stab","Dagger Throw"],"picked":"SKIP","floor":7},{"not_picked":["Sucker Punch","Slice"],"picked":"Infinite Blades","floor":12},{"not_picked":["Setup","Slice","Quick Slash"],"picked":"SKIP","floor":14},{"not_picked":["Setup","Slice","Quick Slash"],"picked":"SKIP","floor":14}],"player_experience":939177,"relics_obtained":[{"floor":6,"key":"Potion Belt"},{"floor":9,"key":"Strawberry"},{"floor":12,"key":"Boot"},{"floor":14,"key":"Lantern"}],"event_choices":[{"damage_healed":0,"gold_gain":0,"player_choice":"Donut","damage_taken":0,"max_hp_gain":5,"max_hp_loss":0,"event_name":"Big Fish","floor":4,"gold_loss":0},{"damage_healed":0,"gold_gain":0,"player_choice":"Lose Max HP","damage_taken":0,"relics_obtained":["Golden Idol"],"max_hp_gain":0,"max_hp_loss":7,"event_name":"Golden Idol","floor":11,"gold_loss":0}],"is_beta":false,"boss_relics":[],"items_purged_floors":[],"is_endless":false,"potions_floor_spawned":[12,14],"killed_by":"Slime Boss","ascension_level":20}