{"gold_per_floor":[109,28,47,60,235,235,255,255,255,271,271,271,300,315,315,410,410,430,430,205,205],"floor_reached":21,"playtime":1197,"items_purged":["Strike_G"],"score":204,"play_id":"d2acd708-90c5-4e86-bbc1-342a7e268421","local_time":"20190708235018","is_ascension_mode":false,"campfire_choices":[{"data":"Accuracy","floor":6.0,"key":"SMITH"},{"data":"Blade Dance","floor":8.0,"key":"SMITH"},{"data":"Finisher","floor":12.0,"key":"SMITH"},{"data":"Burst","floor":15.0,"key":"SMITH"}],"neow_cost":"NONE","seed_source_timestamp":44638726316807,"circlet_count":0,"master_deck":["Strike_G","Strike_G","Strike_G","Defend_G","Defend_G","Defend_G","Defend_G","Defend_G","Survivor","Neutralize","Burst+1","Blade Dance+1","Accuracy+1","Finisher+1","Doubt","Deflect","Backflip","Terror","Night Terror","Backflip"],"special_seed":0,"relics":["Ring of the Snake","Paper Crane","Pantograph","Philosopher\u0027s Stone","Dream Catcher"],"potions_floor_usage":[],"damage_taken":[{"damage":0.0,"enemies":"Cultist","floor":1.0,"turns":5.0},{"damage":0.0,"enemies":"Jaw Worm","floor":3.0,"turns":7.0},{"damage":3.0,"enemies":"2 Louse","floor":4.0,"turns":3.0},{"damage":0.0,"enemies":"Red Slaver","floor":7.0,"turns":3.0},{"damage":0.0,"enemies":"2 Fungi Beasts","floor":10.0,"turns":1.0},{"damage":0.0,"enemies":"Gremlin Nob","floor":13.0,"turns":3.0},{"damage":8.0,"enemies":"3 Louse","floor":14.0,"turns":3.0},{"damage":48,"enemies":"Slime Boss","floor":16,"turns":17},{"damage":54,"enemies":"Spheric Guardian","floor":18,"turns":8},{"damage":8,"enemies":"3 Byrds","floor":21,"turns":1}],"seed_played":"7157924210090034221","potions_obtained":[{"floor":4.0,"key":"SmokeBomb"},{"floor":14.0,"key":"GhostInAJar"},{"floor":16,"key":"GamblersBrew"}],"is_trial":false,"path_per_floor":["M","$","M","M","?","R","M","R","T","M","?","R","E","M","R","B",null,"M","?","$","M"],"character_chosen":"THE_SILENT","items_purchased":["Accuracy","Dream Catcher"],"campfire_rested":0,"item_purchase_floors":[2,20],"current_hp_per_floor":[70,70,70,67,67,67,67,67,67,67,67,67,67,59,59,22,70,16,7,7,0],"gold":205,"neow_bonus":"ONE_RANDOM_RARE_CARD","is_prod":false,"is_daily":false,"chose_seed":false,"campfire_upgraded":4,"win_rate":0.0,"timestamp":1562644218,"path_taken":["M","?","M","M","?","R","M","R","T","M","?","R","E","M","R","BOSS","M","?","$","M"],"build_version":"2019-07-05","purchased_purges":1,"victory":false,"max_hp_per_floor":[70,70,70,70,70,70,70,70,70,70,70,70,70,70,70,70,70,70,70,70,70],"card_choices":[{"not_picked":["Acrobatics","Prepared"],"picked":"Blade Dance","floor":1.0},{"not_picked":["Riddle With Holes","Deadly Poison","Flechettes"],"picked":"SKIP","floor":3.0},{"not_picked":["Backflip","Acrobatics"],"picked":"Finisher","floor":4.0},{"not_picked":["Riddle With Holes","Endless Agony"],"picked":"Deflect","floor":7.0},{"not_picked":["Acrobatics","Tactician"],"picked":"Backflip","floor":10.0},{"not_picked":["Riddle With Holes","Outmaneuver","Venomology"],"picked":"SKIP","floor":13.0},{"not_picked":["Expertise","Dagger Spray"],"picked":"Terror","floor":14.0},{"not_picked":["Malaise","Unload"],"picked":"Night Terror","floor":16},{"not_picked":["PiercingWail","Dagger Spray+1"],"picked":"Backflip","floor":18}],"player_experience":30220,"relics_obtained":[{"floor":9.0,"key":"Paper Crane"},{"floor":13.0,"key":"Pantograph"}],"event_choices":[{"damage_healed":0.0,"max_hp_gain":0.0,"max_hp_loss":0.0,"gold_gain":175.0,"event_name":"Liars Game","player_choice":"AGREE","floor":5.0,"gold_loss":0.0,"damage_taken":0.0,"cards_obtained":["Doubt"]},{"cards_removed":["Strike_G"],"damage_healed":0.0,"max_hp_gain":0.0,"max_hp_loss":0.0,"gold_gain":0.0,"event_name":"Wheel of Change","player_choice":"Card Removal","floor":11.0,"gold_loss":0.0,"damage_taken":0.0},{"damage_healed":0,"gold_gain":0,"player_choice":"Stopped","damage_taken":9,"max_hp_gain":0,"max_hp_loss":0,"event_name":"Cursed Tome","floor":19,"gold_loss":0}],"is_beta":false,"boss_relics":[{"not_picked":["Lizard Tail","Eternal Feather"],"picked":"Philosopher\u0027s Stone"}],"items_purged_floors":[20],"is_endless":false,"potions_floor_spawned":[4,14,16],"killed_by":"3 Byrds","ascension_level":0}