{"gold_per_floor":[112,122,122,122,138,173,173,200,227,227,241,270,280,280],"floor_reached":14,"playtime":810,"items_purged":[],"score":105,"play_id":"39652435-a1fa-44ff-b692-b062d1499f6c","local_time":"20180820141648","is_ascension_mode":true,"campfire_choices":[{"data":"Entrench","floor":7,"key":"SMITH"},{"floor":10,"key":"REST"}],"neow_cost":"","seed_source_timestamp":384914878899067,"circlet_count":0,"master_deck":["Strike_R","Strike_R","Strike_R","Defend_R","Defend_R","Defend_R","Defend_R","Bash","Rupture","Armaments","Entrench+1","Cleave","Heavy Blade","Metallicize","Demon Form","Heavy Blade"],"relics":["Burning Blood","Strawberry","Boot","Centennial Puzzle","Odd Mushroom"],"potions_floor_usage":[14,14],"damage_taken":[{"damage":1,"enemies":"2 Louse","floor":1,"turns":3},{"damage":4,"enemies":"Small Slimes","floor":2,"turns":4},{"damage":1,"enemies":"Jaw Worm","floor":5,"turns":6},{"damage":30,"enemies":"3 Sentries","floor":6,"turns":10},{"damage":56,"enemies":"Lagavulin","floor":8,"turns":12},{"damage":10,"enemies":"Looter","floor":11,"turns":3},{"damage":25,"floor":12,"turns":5},{"damage":7,"enemies":"Blue Slaver","floor":13,"turns":6},{"damage":27,"enemies":"Gremlin Nob","floor":14,"turns":4}],"seed_played":"3433070165212160398","potions_obtained":[{"floor":1,"key":"Fire Potion"},{"floor":6,"key":"AttackPotion"},{"floor":13,"key":"GamblersBrew"}],"is_trial":false,"path_per_floor":["M","M","?","?","M","E","R","E","T","R","M","?","M"],"character_chosen":"IRONCLAD","items_purchased":[],"campfire_rested":1,"item_purchase_floors":[],"current_hp_per_floor":[80,80,80,73,78,61,61,11,11,37,33,14,13,0],"gold":280,"neow_bonus":"","is_prod":false,"is_daily":false,"chose_seed":false,"campfire_upgraded":1,"win_rate":0,"timestamp":1534789008,"path_taken":["M","M","?","?","M","E","R","E","T","R","M","?","M","E"],"build_version":"2018-08-16","purchased_purges":0,"victory":false,"max_hp_per_floor":[80,80,80,80,80,87,87,87,87,87,87,87,87,87],"card_choices":[{"not_picked":["Headbutt","Warcry"],"picked":"Rupture","floor":1},{"not_picked":["Pommel Strike","Clash"],"picked":"Armaments","floor":2},{"not_picked":["Perfected Strike","True Grit"],"picked":"Cleave","floor":5},{"not_picked":["Perfected Strike","True Grit"],"picked":"Heavy Blade","floor":6},{"not_picked":["Twin Strike","Wild Strike"],"picked":"Metallicize","floor":8},{"not_picked":["Clothesline","Wild Strike","Thunderclap"],"picked":"SKIP","floor":11},{"not_picked":["Cleave","Headbutt"],"picked":"Demon Form","floor":12},{"not_picked":["Dropkick","Thunderclap"],"picked":"Heavy Blade","floor":13}],"player_experience":71967,"relics_obtained":[{"floor":6,"key":"Strawberry"},{"floor":8,"key":"Boot"},{"floor":9,"key":"Centennial Puzzle"},{"floor":12,"key":"Odd Mushroom"}],"event_choices":[{"event_name":"Living Wall","player_choice":"Change","floor":3,"damage_taken":0},{"event_name":"Golden Wing","player_choice":"Card Removal","floor":4,"damage_taken":0},{"event_name":"Mushrooms","player_choice":"Fought Mushrooms","floor":12,"damage_taken":0}],"is_beta":false,"boss_relics":[],"items_purged_floors":[],"is_endless":false,"potions_floor_spawned":[1,6,13],"killed_by":"Gremlin Nob","ascension_level":1}