{"gold_per_floor":[118,132,112,123,223,223,238,102,149,166,201,215,215,245,245,324,324,336,172,183,183,183,183,216,17,41,51,85,85,100,114,114,114],"floor_reached":33,"playtime":2109,"items_purged":["Strike_B","Strike_B","Strike_B"],"score":621,"play_id":"7a022d68-e48d-4dda-bad4-9abf209b3e5b","local_time":"20180920213809","is_ascension_mode":true,"campfire_choices":[{"data":"Consume","floor":6,"key":"SMITH"},{"data":"Hologram","floor":13,"key":"SMITH"},{"data":"Electrodynamics","floor":15,"key":"SMITH"},{"data":"Zap","floor":23,"key":"SMITH"},{"data":"Recycle","floor":29,"key":"SMITH"},{"data":"Redo","floor":32,"key":"SMITH"}],"neow_cost":"NONE","seed_source_timestamp":676539272858385,"circlet_count":0,"master_deck":["Defend_B","Defend_B","Defend_B","Defend_B","Zap+1","Dualcast","AscendersBane","Buffer","Beam Cell","Consume+1","Glacier","Cold Snap","Hologram+1","Rebound","FTL","Electrodynamics+1","All For One","Redo+1","Go for the Eyes","Coolheaded","Ball Lightning","Reinforced Body","Finesse","Steam","Recycle+1","Turbo+1","Steam+1"],"relics":["Cracked Core","Anchor","Lantern","Smiling Mask","Inserter","MutagenicStrength","Happy Flower","Strawberry","Red Mask"],"potions_floor_usage":[14,24,27,28,30],"damage_taken":[{"damage":3,"enemies":"2 Louse","floor":1,"turns":4},{"damage":0,"enemies":"Cultist","floor":2,"turns":3},{"damage":0,"enemies":"Small Slimes","floor":4,"turns":4},{"damage":5,"enemies":"Blue Slaver","floor":7,"turns":4},{"damage":0,"enemies":"Red Slaver","floor":10,"turns":5},{"damage":0,"enemies":"Lagavulin","floor":11,"turns":7},{"damage":0,"enemies":"3 Louse","floor":12,"turns":5},{"damage":5,"enemies":"3 Sentries","floor":14,"turns":13},{"damage":8,"enemies":"Slime Boss","floor":16,"turns":10},{"damage":0,"enemies":"Chosen","floor":18,"turns":3},{"damage":15,"enemies":"2 Thieves","floor":20,"turns":4},{"damage":0,"enemies":"Gremlin Leader","floor":24,"turns":5},{"damage":0,"enemies":"Cultist and Chosen","floor":27,"turns":4},{"damage":0,"enemies":"Masked Bandits","floor":28,"turns":2},{"damage":6,"enemies":"Snake Plant","floor":30,"turns":4},{"damage":8,"enemies":"Shelled Parasite and Fungi","floor":31,"turns":4},{"damage":64,"enemies":"Automaton","floor":33,"turns":6}],"seed_played":"-4380928020322013671","potions_obtained":[{"floor":1,"key":"SteroidPotion"},{"floor":3,"key":"LiquidBronze"},{"floor":7,"key":"SkillPotion"},{"floor":11,"key":"Weak Potion"},{"floor":16,"key":"SteroidPotion"},{"floor":18,"key":"PowerPotion"},{"floor":24,"key":"SkillPotion"},{"floor":27,"key":"Poison Potion"}],"is_trial":false,"path_per_floor":["M","M","?","M","?","R","M","$","T","M","E","M","R","E","R","B",null,"M","$","M","?","?","R","E","$","T","M","?","R","M","M","R"],"character_chosen":"DEFECT","items_purchased":["Hologram","Go for the Eyes","Coolheaded","Reinforced Body","Finesse"],"campfire_rested":0,"item_purchase_floors":[8,19,19,25,25],"current_hp_per_floor":[61,61,61,61,61,61,56,56,56,56,56,56,56,51,51,43,64,64,64,49,49,49,49,49,49,56,56,56,56,50,42,42,0],"gold":114,"neow_bonus":"TRANSFORM_CARD","is_prod":false,"is_daily":false,"chose_seed":false,"campfire_upgraded":6,"win_rate":0,"timestamp":1537493889,"path_taken":["M","M","?","M","?","R","M","$","T","?","E","M","R","E","R","BOSS","M","$","M","?","?","R","E","$","T","M","?","R","M","M","R","BOSS"],"build_version":"2018-09-06","purchased_purges":3,"victory":false,"max_hp_per_floor":[71,71,71,71,71,71,71,71,71,71,71,71,71,71,71,71,71,71,71,71,71,71,71,71,71,78,78,78,78,78,78,78,78],"card_choices":[{"not_picked":["Barrage","Static Discharge"],"picked":"Beam Cell","floor":1},{"not_picked":["Double Energy","Hello World"],"picked":"Consume","floor":2},{"not_picked":["Hologram","Rebound"],"picked":"Glacier","floor":4},{"not_picked":["Doom and Gloom","Rebound"],"picked":"Cold Snap","floor":7},{"not_picked":["Coolheaded","Steam"],"picked":"Rebound","floor":10},{"not_picked":["Gash","Beam Cell","Biased Cognition"],"picked":"SKIP","floor":11},{"not_picked":["Hologram","Turbo"],"picked":"FTL","floor":12},{"not_picked":["Fusion","FTL"],"picked":"Electrodynamics","floor":14},{"not_picked":["Thunder Strike","Fission"],"picked":"All For One","floor":16},{"not_picked":["Beam Cell","Compile Driver"],"picked":"Redo","floor":18},{"not_picked":["Recycle","Coolheaded"],"picked":"Ball Lightning","floor":20},{"not_picked":["Stack","Leap","Heatsinks"],"picked":"SKIP","floor":24},{"not_picked":["Multi-Cast","Capacitor"],"picked":"Steam","floor":27},{"not_picked":["Turbo","Go for the Eyes+1"],"picked":"Recycle","floor":28},{"not_picked":["Beam Cell","Conserve Battery"],"picked":"Turbo+1","floor":30},{"not_picked":["Fusion+1","Barrage"],"picked":"Steam+1","floor":31}],"player_experience":493773,"relics_obtained":[{"floor":9,"key":"Anchor"},{"floor":11,"key":"Lantern"},{"floor":14,"key":"Smiling Mask"},{"floor":24,"key":"Happy Flower"},{"floor":26,"key":"Strawberry"},{"floor":28,"key":"Red Mask"}],"event_choices":[{"event_name":"The Woman in Blue","player_choice":"Bought 1 Potion","floor":3,"damage_taken":0},{"event_name":"Wheel of Change","player_choice":"Gold","floor":5,"damage_taken":0},{"event_name":"Drug Dealer","player_choice":"Inject Mutagens","floor":21,"damage_taken":0},{"event_name":"Ghosts","player_choice":"Ignored","floor":22,"damage_taken":0},{"event_name":"Masked Bandits","player_choice":"Fought Bandits","floor":28,"damage_taken":0}],"is_beta":false,"boss_relics":[{"not_picked":["Calling Bell","Philosopher\u0027s Stone"],"picked":"Inserter"}],"items_purged_floors":[8,19,25],"is_endless":false,"potions_floor_spawned":[1,7,11,12,16,18,24,27],"killed_by":"Automaton","ascension_level":18}