{"gold_per_floor":[115,125,138,213,232,232,257,128,207,207,221,221,233,251,251,251],"floor_reached":16,"playtime":1046,"items_purged":["Strike_G"],"score":109,"play_id":"30199064-9038-434d-9fc6-0017d91ea38d","local_time":"20190709125538","is_ascension_mode":true,"campfire_choices":[{"data":"Neutralize","floor":6.0,"key":"SMITH"},{"floor":10.0,"key":"REST"},{"floor":15.0,"key":"REST"}],"neow_cost":"NONE","seed_source_timestamp":92008859709352,"circlet_count":0,"master_deck":["Strike_G","Strike_G","Strike_G","Defend_G","Defend_G","Defend_G","Defend_G","Defend_G","Survivor","Neutralize+1","Finesse","Choke","Backflip","Acrobatics","Blade Dance","Prepared"],"special_seed":0,"relics":["Ring of the Snake","Ice Cream","Darkstone Periapt"],"potions_floor_usage":[16,16],"damage_taken":[{"damage":0.0,"enemies":"Cultist","floor":1.0,"turns":5.0},{"damage":0.0,"enemies":"Jaw Worm","floor":2.0,"turns":5.0},{"damage":0.0,"enemies":"2 Louse","floor":3.0,"turns":4.0},{"damage":3.0,"enemies":"2 Fungi Beasts","floor":5.0,"turns":4.0},{"damage":30.0,"enemies":"3 Sentries","floor":7.0,"turns":14.0},{"damage":14.0,"enemies":"3 Louse","floor":11.0,"turns":5.0},{"damage":7.0,"enemies":"Looter","floor":13.0,"turns":3.0},{"damage":7.0,"enemies":"Red Slaver","floor":14.0,"turns":4.0},{"damage":39,"enemies":"Hexaghost","floor":16,"turns":15}],"seed_played":"-8584510959177591076","potions_obtained":[{"floor":7.0,"key":"PowerPotion"},{"floor":13.0,"key":"Dexterity Potion"}],"is_trial":false,"path_per_floor":["M","M","M","?","M","R","E","$","T","R","M","?","M","M","R","B"],"character_chosen":"THE_SILENT","items_purchased":["Blade Dance"],"campfire_rested":2,"item_purchase_floors":[8],"current_hp_per_floor":[70,70,70,59,56,56,26,26,26,47,33,26,19,12,33,0],"gold":251,"neow_bonus":"RANDOM_COLORLESS","is_prod":false,"is_daily":false,"chose_seed":false,"campfire_upgraded":1,"win_rate":0,"timestamp":1562691338,"path_taken":["M","?","M","?","M","R","E","$","T","R","M","?","M","M","R","BOSS"],"build_version":"2019-07-05","purchased_purges":1,"victory":false,"max_hp_per_floor":[70,70,70,70,70,70,70,70,70,70,70,70,70,70,70,70],"card_choices":[{"not_picked":["Slice","Leg Sweep","Underhanded Strike"],"picked":"SKIP","floor":1.0},{"not_picked":["Sucker Punch","Prepared","Outmaneuver"],"picked":"SKIP","floor":2.0},{"not_picked":["Bane","Underhanded Strike"],"picked":"Choke","floor":3.0},{"not_picked":["Bane","Deflect"],"picked":"Backflip","floor":5.0},{"not_picked":["Deadly Poison","Slice"],"picked":"Acrobatics","floor":7.0},{"not_picked":["Dagger Spray","Masterful Stab","Bane"],"picked":"SKIP","floor":11.0},{"not_picked":["Dodge and Roll","Deadly Poison"],"picked":"Prepared","floor":13.0},{"not_picked":["Poisoned Stab","Flying Knee","Leg Sweep"],"picked":"SKIP","floor":14.0}],"player_experience":46017,"relics_obtained":[{"floor":7.0,"key":"Ice Cream"},{"floor":9.0,"key":"Darkstone Periapt"}],"event_choices":[{"damage_healed":0.0,"max_hp_gain":0.0,"max_hp_loss":0.0,"gold_gain":75.0,"event_name":"World of Goop","player_choice":"Gather Gold","floor":4.0,"gold_loss":0.0,"damage_taken":11.0},{"cards_removed":["Strike_G"],"damage_healed":0.0,"max_hp_gain":0.0,"max_hp_loss":0.0,"gold_gain":0.0,"event_name":"Golden Wing","player_choice":"Card Removal","floor":12.0,"gold_loss":0.0,"damage_taken":7.0}],"is_beta":false,"boss_relics":[],"items_purged_floors":[8],"is_endless":false,"potions_floor_spawned":[3,7,13],"killed_by":"Hexaghost","ascension_level":1}