{"gold_per_floor":[112,122,135,85,102,137,137,166,239,252,281,49,49,64,64,161,161,172,186,9,28,127,127],"floor_reached":23,"playtime":1526,"items_purged":["Strike_B","Strike_B"],"score":233,"play_id":"4ab9d851-9cde-409b-8a1d-d1547cfa94df","local_time":"20180820133016","is_ascension_mode":true,"campfire_choices":[{"floor":7,"key":"REST"},{"floor":13,"key":"REST"},{"floor":15,"key":"REST"}],"neow_cost":"NONE","seed_source_timestamp":381402284499756,"circlet_count":0,"master_deck":["Strike_B","Defend_B","Defend_B","Defend_B","Defend_B","Zap","Dualcast","Ball Lightning","Tempest","Coolheaded","Coolheaded","Static Discharge","White Noise","Double Energy","Buffer","Self Repair","Buffer","Heatsinks+1","Defragment","Aggregate+1"],"relics":["Cracked Core","Bag of Preparation","Pen Nib","StoneCalendar","Kunai","Odd Mushroom","Snecko Eye"],"potions_floor_usage":[6],"damage_taken":[{"damage":7,"enemies":"2 Louse","floor":1,"turns":4},{"damage":0,"enemies":"Cultist","floor":2,"turns":3},{"damage":0,"enemies":"Small Slimes","floor":3,"turns":2},{"damage":5,"enemies":"Blue Slaver","floor":5,"turns":4},{"damage":31,"enemies":"3 Sentries","floor":6,"turns":7},{"damage":23,"enemies":"Gremlin Nob","floor":8,"turns":4},{"damage":8,"enemies":"Large Slime","floor":10,"turns":4},{"damage":10,"floor":11,"turns":4},{"damage":0,"enemies":"Exordium Wildlife","floor":14,"turns":2},{"damage":21,"enemies":"The Guardian","floor":16,"turns":10},{"damage":6,"enemies":"Chosen","floor":18,"turns":3},{"damage":6,"enemies":"Shell Parasite","floor":19,"turns":9},{"damage":9,"enemies":"Snecko","floor":21,"turns":7},{"damage":80,"enemies":"Gremlin Leader","floor":23,"turns":6}],"seed_played":"3704365769875753473","potions_obtained":[{"floor":5,"key":"PowerPotion"},{"floor":6,"key":"SteroidPotion"},{"floor":8,"key":"Swift Potion"},{"floor":10,"key":"SkillPotion"},{"floor":16,"key":"SpeedPotion"}],"is_trial":false,"path_per_floor":["M","M","M","?","M","E","R","E","T","M","?","$","R","M","R","B",null,"M","M","$","M","?"],"character_chosen":"DEFECT","items_purchased":["Buffer","Defragment"],"campfire_rested":3,"item_purchase_floors":[12,20],"current_hp_per_floor":[68,68,68,68,63,32,54,31,31,23,13,13,35,35,57,43,75,75,75,75,73,73,0],"gold":127,"neow_bonus":"RANDOM_COMMON_RELIC","is_prod":false,"is_daily":false,"chose_seed":false,"campfire_upgraded":0,"win_rate":0,"timestamp":1534786216,"path_taken":["M","M","M","?","M","E","R","E","T","M","?","$","R","M","R","BOSS","M","M","$","M","?","E"],"build_version":"2018-08-16","purchased_purges":2,"victory":false,"max_hp_per_floor":[75,75,75,75,75,75,75,75,75,75,75,75,75,75,75,75,75,75,75,75,75,75,75],"card_choices":[{"not_picked":["Redo","Barrage"],"picked":"Ball Lightning","floor":1},{"not_picked":["Streamline","Hello World"],"picked":"Tempest","floor":2},{"not_picked":["Gash","Melter"],"picked":"Coolheaded","floor":3},{"not_picked":["Steam Power","Hologram"],"picked":"Coolheaded","floor":5},{"not_picked":["Hello World","Steam"],"picked":"Static Discharge","floor":6},{"not_picked":["Streamline","Redo"],"picked":"White Noise","floor":8},{"not_picked":["Barrage","Static Discharge","Streamline"],"picked":"SKIP","floor":10},{"not_picked":["Hologram","Chaos"],"picked":"Double Energy","floor":11},{"not_picked":["Hologram","Consume"],"picked":"Self Repair","floor":14},{"not_picked":["Core Surge","Meteor Strike"],"picked":"Buffer","floor":16},{"not_picked":["Consume","Static Discharge","Scrape"],"picked":"SKIP","floor":18},{"not_picked":["Sweeping Beam","Scrape"],"picked":"Heatsinks+1","floor":19},{"not_picked":["Redo","Leap"],"picked":"Aggregate+1","floor":21}],"player_experience":68552,"relics_obtained":[{"floor":6,"key":"Pen Nib"},{"floor":8,"key":"StoneCalendar"},{"floor":9,"key":"Kunai"},{"floor":11,"key":"Odd Mushroom"}],"event_choices":[{"event_name":"The Cleric","player_choice":"Card Removal","floor":4,"damage_taken":0},{"event_name":"Mushrooms","player_choice":"Fought Mushrooms","floor":11,"damage_taken":0},{"event_name":"Nest","player_choice":"Stole From Cult","floor":22,"damage_taken":0}],"is_beta":false,"boss_relics":[{"not_picked":["Inserter","Coffee Dripper"],"picked":"Snecko Eye"}],"items_purged_floors":[12,20],"is_endless":false,"potions_floor_spawned":[5,6,8,10,16,21],"killed_by":"Gremlin Leader","ascension_level":3}