{"gold_per_floor":[119,24,24,44,64,64,76,105,105,105,132,143,157,170,170,272,272,290,290,389,389,389,415,415,430,430,430],"floor_reached":27,"playtime":1501,"items_purged":[],"score":280,"play_id":"80ee0063-3b57-47ce-b2ea-7ae881c43361","local_time":"20190702112021","is_ascension_mode":true,"campfire_choices":[{"data":"Searing Blow","floor":6,"key":"SMITH"},{"floor":10,"key":"RECALL"},{"floor":15,"key":"REST"},{"floor":24,"key":"REST"}],"neow_cost":"NONE","seed_source_timestamp":134202197194999,"circlet_count":0,"master_deck":["Strike_R","Strike_R","Strike_R","Strike_R","Strike_R","Defend_R","Defend_R","Defend_R","Bash","Fire Breathing","Searing Blow+1","Armaments","Cleave","Pommel Strike","Demon Form","Iron Wave","Uppercut","Shrug It Off","Fire Breathing","Shrug It Off","Anger","Limit Break","Evolve","Heavy Blade"],"relics":["Burning Blood","Prayer Wheel","Turnip","Mango","Ancient Tea Set","Runic Cube","Girya"],"potions_floor_usage":[11,16,16,25],"damage_taken":[{"damage":11,"enemies":"Small Slimes","floor":1,"turns":4},{"damage":6,"enemies":"Cultist","floor":4,"turns":4},{"damage":18,"enemies":"2 Louse","floor":5,"turns":3},{"damage":18,"enemies":"Large Slime","floor":7,"turns":7},{"damage":28,"enemies":"Gremlin Nob","floor":8,"turns":4},{"damage":39,"enemies":"Lagavulin","floor":11,"turns":8},{"damage":0,"enemies":"3 Louse","floor":12,"turns":2},{"damage":10,"enemies":"Lots of Slimes","floor":13,"turns":3},{"damage":9,"enemies":"Blue Slaver","floor":14,"turns":5},{"damage":39,"enemies":"The Guardian","floor":16,"turns":13},{"damage":26,"enemies":"Shell Parasite","floor":18,"turns":5},{"damage":63,"enemies":"Gremlin Leader","floor":23,"turns":7},{"damage":24,"enemies":"Spheric Guardian","floor":25,"turns":5},{"damage":56,"enemies":"Book of Stabbing","floor":27,"turns":6}],"seed_played":"1025146836143867363","potions_obtained":[{"floor":4,"key":"Dexterity Potion"},{"floor":7,"key":"Block Potion"},{"floor":12,"key":"SpeedPotion"},{"floor":13,"key":"SpeedPotion"},{"floor":23,"key":"Ancient Potion"}],"is_trial":false,"path_per_floor":["M","$","?","M","M","R","M","E","T","R","E","M","M","M","R","B",null,"M","?","?","?","?","E","R","M","T","E"],"character_chosen":"IRONCLAD","items_purchased":["Bandage Up"],"campfire_rested":2,"item_purchase_floors":[2],"current_hp_per_floor":[83,83,83,83,71,71,59,37,51,51,18,24,20,17,47,14,102,82,61,61,96,96,39,71,53,53,0],"gold":430,"neow_bonus":"TEN_PERCENT_HP_BONUS","is_prod":false,"is_daily":false,"chose_seed":false,"campfire_upgraded":1,"win_rate":0,"timestamp":1562080821,"path_taken":["M","$","?","M","M","R","M","E","T","R","E","?","M","M","R","BOSS","M","?","?","?","?","E","R","?","T","E"],"build_version":"2019-07-01","purchased_purges":0,"victory":false,"max_hp_per_floor":[88,88,88,88,88,88,88,88,102,102,102,102,102,102,102,102,102,102,107,107,107,107,107,107,107,107,107],"card_choices":[{"not_picked":["Headbutt","Perfected Strike","Sword Boomerang"],"picked":"SKIP","floor":1},{"not_picked":["Sword Boomerang","Dual Wield"],"picked":"Fire Breathing","floor":4},{"not_picked":["Spot Weakness","Rage"],"picked":"Searing Blow","floor":4},{"not_picked":["Clash","Pummel"],"picked":"Armaments","floor":5},{"not_picked":["Rampage","Corruption"],"picked":"Cleave","floor":5},{"not_picked":["Armaments","Spot Weakness"],"picked":"Pommel Strike","floor":7},{"not_picked":["Clothesline","True Grit"],"picked":"Demon Form","floor":7},{"not_picked":["Pommel Strike","Sword Boomerang"],"picked":"Iron Wave","floor":8},{"not_picked":["Seeing Red","Entrench"],"picked":"Uppercut","floor":11},{"not_picked":["Carnage","Twin Strike"],"picked":"Shrug It Off","floor":12},{"not_picked":["Perfected Strike","Rage"],"picked":"Fire Breathing","floor":12},{"not_picked":["Corruption","Perfected Strike"],"picked":"Shrug It Off","floor":13},{"not_picked":["Warcry","Havoc","Perfected Strike"],"picked":"SKIP","floor":13},{"not_picked":["Twin Strike","Dropkick"],"picked":"Anger","floor":14},{"not_picked":["True Grit","Havoc","Burning Pact"],"picked":"SKIP","floor":14},{"not_picked":["Reaper","Brutality"],"picked":"Limit Break","floor":16},{"not_picked":["Iron Wave+1","Clash"],"picked":"Evolve","floor":18},{"not_picked":["True Grit","Twin Strike","Headbutt"],"picked":"SKIP","floor":18},{"not_picked":["Twin Strike+1","Bloodletting"],"picked":"Heavy Blade","floor":23},{"not_picked":["Fire Breathing","Twin Strike","Sword Boomerang+1"],"picked":"SKIP","floor":25},{"not_picked":["Blood for Blood+1","Sword Boomerang","Entrench"],"picked":"SKIP","floor":25}],"player_experience":157479,"relics_obtained":[{"floor":8,"key":"Turnip"},{"floor":9,"key":"Mango"},{"floor":11,"key":"Ancient Tea Set"},{"floor":23,"key":"Girya"}],"event_choices":[{"cards_removed":["Bandage Up"],"damage_healed":0,"gold_gain":0,"player_choice":"Gave Card","damage_taken":0,"relics_obtained":["Prayer Wheel"],"max_hp_gain":0,"max_hp_loss":0,"event_name":"WeMeetAgain","floor":3,"gold_loss":0},{"damage_healed":0,"gold_gain":0,"player_choice":"Shed Blood","damage_taken":26,"max_hp_gain":5,"max_hp_loss":0,"event_name":"Forgotten Altar","floor":19,"gold_loss":0},{"damage_healed":0,"gold_gain":99,"player_choice":"Stole From Cult","damage_taken":0,"max_hp_gain":0,"max_hp_loss":0,"event_name":"Nest","floor":20,"gold_loss":0},{"damage_healed":35,"gold_gain":0,"player_choice":"Heal","damage_taken":0,"max_hp_gain":0,"max_hp_loss":0,"event_name":"The Library","floor":21,"gold_loss":0},{"cards_removed":["Defend_R"],"damage_healed":0,"gold_gain":0,"player_choice":"Purged","damage_taken":0,"max_hp_gain":0,"max_hp_loss":0,"event_name":"Purifier","floor":22,"gold_loss":0}],"is_beta":false,"boss_relics":[{"not_picked":["Astrolabe","Snecko Eye"],"picked":"Runic Cube"}],"items_purged_floors":[],"is_endless":false,"potions_floor_spawned":[4,7,12,13,14,23],"killed_by":"Book of Stabbing","ascension_level":1}