{"gold_per_floor":[213,232,249,5,5,5,40,40,40,65,101,125,137,180,192,278,290,318,430,442,58,38,38,72,72,98,118,152,163,189,199,199,276,276,286,286,39,58,77,105,105,121,148,148,181,227,227,252,252,252,252,252,252,25,54,54],"floor_reached":57,"playtime":6764,"items_purged":["Strike_B","Strike_B","Pain","Strike_B"],"score":3478,"play_id":"08d51d36-50b0-4b1e-bf58-d99cdfeae2b1","local_time":"20190505025955","is_ascension_mode":true,"campfire_choices":[{"data":"Static Discharge","floor":6.0,"key":"SMITH"},{"floor":13.0,"key":"REST"},{"data":"Buffer","floor":15.0,"key":"SMITH"},{"floor":23.0,"key":"REST"},{"floor":25.0,"key":"REST"},{"floor":32.0,"key":"RECALL"},{"floor":49.0,"key":"REST"},{"floor":53.0,"key":"REST"}],"neow_cost":"NONE","seed_source_timestamp":85900804587752,"circlet_count":0,"master_deck":["AscendersBane","Defend_B","Defend_B","Defend_B","Defend_B","Zap","Dualcast","Static Discharge+1","Defragment","Ball Lightning","Buffer+1","Doom and Gloom","Hologram+1","Chill+1","Genetic Algorithm+1","Fission+1","Coolheaded+1","Ghostly+1","Ghostly+1","Ghostly+1","Undo+1","Buffer","Redo+1","Coolheaded+1","Static Discharge","Hologram+1","Creative AI","Capacitor","Turbo+1","Redo+1","Redo+1","Creative AI","Self Repair","Dark Shackles+1","Loop","Loop","PanicButton+1"],"special_seed":0,"relics":["Cracked Core","Orichalcum","Toxic Egg 2","MawBank","Odd Mushroom","Fusion Hammer","Nunchaku","Shuriken","PreservedInsect","Mummified Hand","Smiling Mask","Vajra","Mercury Hourglass","Runic Pyramid","WarpedTongs","Happy Flower","Bronze Scales","Pen Nib","Bag of Preparation","Emotion Chip","Cables","Gambling Chip"],"potions_floor_usage":[56],"damage_taken":[{"damage":2.0,"enemies":"Jaw Worm","floor":1.0,"turns":3.0},{"damage":4.0,"enemies":"Small Slimes","floor":2.0,"turns":3.0},{"damage":6.0,"enemies":"2 Louse","floor":3.0,"turns":3.0},{"damage":20.0,"enemies":"Gremlin Nob","floor":7.0,"turns":4.0},{"damage":14.0,"enemies":"Lagavulin","floor":10.0,"turns":6.0},{"damage":9.0,"enemies":"The Mushroom Lair","floor":11.0,"turns":3.0},{"damage":3.0,"enemies":"Blue Slaver","floor":12.0,"turns":3.0},{"damage":1.0,"enemies":"3 Sentries","floor":14.0,"turns":5.0},{"damage":0.0,"enemies":"Slime Boss","floor":16.0,"turns":9.0},{"damage":0.0,"enemies":"Spheric Guardian","floor":18.0,"turns":4.0},{"damage":18.0,"enemies":"Colosseum Slavers","floor":19.0,"turns":3.0},{"damage":20.0,"enemies":"Colosseum Nobs","floor":19.0,"turns":5.0},{"damage":4.0,"enemies":"Book of Stabbing","floor":24.0,"turns":6.0},{"damage":0.0,"enemies":"Shell Parasite","floor":27.0,"turns":6.0},{"damage":0.0,"enemies":"Gremlin Leader","floor":28.0,"turns":7.0},{"damage":0.0,"enemies":"Sentry and Sphere","floor":29.0,"turns":6.0},{"damage":0.0,"enemies":"Book of Stabbing","floor":30.0,"turns":7.0},{"damage":0.0,"enemies":"3 Cultists","floor":31.0,"turns":6.0},{"damage":0.0,"enemies":"Automaton","floor":33.0,"turns":14.0},{"damage":0.0,"enemies":"3 Darklings","floor":35.0,"turns":7.0},{"damage":0.0,"enemies":"3 Shapes","floor":38.0,"turns":4.0},{"damage":0.0,"enemies":"3 Darklings","floor":39.0,"turns":6.0},{"damage":0.0,"enemies":"Giant Head","floor":40.0,"turns":9.0},{"damage":0.0,"enemies":"Spire Growth","floor":42.0,"turns":7.0},{"damage":0.0,"enemies":"Nemesis","floor":45.0,"turns":7.0},{"damage":0.0,"enemies":"2 Orb Walkers","floor":46.0,"turns":4.0},{"damage":0.0,"enemies":"Giant Head","floor":48.0,"turns":6.0},{"damage":0.0,"enemies":"Donu and Deca","floor":50.0,"turns":10.0},{"damage":0.0,"enemies":"Awakened One","floor":51.0,"turns":10.0},{"damage":19.0,"enemies":"Shield and Spear","floor":55.0,"turns":5.0},{"damage":22,"enemies":"The Heart","floor":56,"turns":8}],"seed_played":"-9093312620380644886","potions_obtained":[{"floor":1.0,"key":"Swift Potion"},{"floor":2.0,"key":"Energy Potion"},{"floor":30.0,"key":"SkillPotion"},{"floor":31.0,"key":"Weak Potion"},{"floor":33.0,"key":"Ancient Potion"}],"is_trial":false,"path_per_floor":["M","M","M","$","?","R","E","?","T","E","?","M","R","E","R","B",null,"M","?","?","$","?","R","E","R","T","M","E","M","E","M","R","B",null,"M","?","$","M","M","E","?","M","T","?","E","?","?","E","R","B","B",null,"R","$","E","B",null],"character_chosen":"DEFECT","items_purchased":["Orichalcum","PreservedInsect","Undo+1","PowerPotion","Turbo+1","Happy Flower","Loop","PanicButton+1"],"campfire_rested":5,"item_purchase_floors":[4,21,21,21,37,37,54,54],"current_hp_per_floor":[62,58,52,52,52,52,32,32,32,18,9,6,27,26,26,26,60,60,22,22,22,22,32,28,35,35,35,35,35,35,35,35,35,35,35,35,35,35,35,35,35,35,35,33,33,33,23,33,33,33,33,33,33,33,28,6],"gold":54,"neow_bonus":"HUNDRED_GOLD","is_prod":false,"is_daily":false,"chose_seed":false,"campfire_upgraded":2,"win_rate":0,"timestamp":1557039595,"path_taken":["M","M","M","$","?","R","E","?","T","E","?","M","R","E","R","BOSS","M","?","?","$","?","R","E","R","T","?","E","M","E","M","R","BOSS","M","?","$","M","?","E","?","M","T","?","E","?","?","E","R","BOSS","BOSS","R","$","E","BOSS"],"build_version":"2019-01-23","purchased_purges":4,"victory":true,"max_hp_per_floor":[71,71,71,71,71,71,71,71,71,71,71,71,71,71,71,71,71,71,71,35,35,35,35,35,35,35,35,35,35,35,35,35,35,35,35,35,35,35,35,35,35,35,35,33,33,33,33,33,33,33,33,33,33,33,33,33],"card_choices":[{"not_picked":["Storm","Barrage"],"picked":"Static Discharge","floor":1.0},{"not_picked":["Hologram","Go for the Eyes"],"picked":"Defragment","floor":2.0},{"not_picked":["Stack","Steam"],"picked":"Compile Driver","floor":3.0},{"not_picked":["Redo","Scrape"],"picked":"Ball Lightning","floor":7.0},{"not_picked":["Melter","Ball Lightning"],"picked":"Doom and Gloom","floor":10.0},{"not_picked":["Force Field+1","Creative AI"],"picked":"Hologram+1","floor":11.0},{"not_picked":["Gash","Sweeping Beam"],"picked":"Chill+1","floor":12.0},{"not_picked":["Coolheaded+1","Fusion+1"],"picked":"Genetic Algorithm+1","floor":14.0},{"not_picked":["Buffer","Hyperbeam"],"picked":"Fission+1","floor":16.0},{"not_picked":["Leap+1","Compile Driver"],"picked":"Coolheaded+1","floor":18.0},{"not_picked":["Cold Snap+1","Stack+1"],"picked":"Buffer","floor":24.0},{"not_picked":["Ball Lightning","Lockon+1","Rip and Tear"],"picked":"SKIP","floor":27.0},{"not_picked":["Fusion+1","Compile Driver"],"picked":"Redo+1","floor":28.0},{"not_picked":["Rebound","Redo+1"],"picked":"Coolheaded+1","floor":29.0},{"not_picked":["Undo+1","Aggregate+1"],"picked":"Static Discharge","floor":30.0},{"not_picked":["Steam+1","Stack+1"],"picked":"Hologram+1","floor":31.0},{"not_picked":["Thunder Strike","Seek+1"],"picked":"Creative AI","floor":33.0},{"not_picked":["Stack+1","Doom and Gloom"],"picked":"Capacitor","floor":35.0},{"not_picked":["Barrage","Ball Lightning+1"],"picked":"Redo+1","floor":38.0},{"not_picked":["Beam Cell","Coolheaded+1"],"picked":"Redo+1","floor":39.0},{"not_picked":["Stack+1","Gash"],"picked":"Creative AI","floor":40.0},{"not_picked":["Steam+1","Reinforced Body+1","Conserve Battery+1"],"picked":"SKIP","floor":42.0},{"not_picked":["Leap+1","Storm"],"picked":"Self Repair","floor":45.0},{"not_picked":["Blind+1","Flash of Steel"],"picked":"Dark Shackles+1","floor":47.0},{"not_picked":["Conserve Battery+1","Rainbow+1"],"picked":"Loop","floor":48.0},{"not_picked":["Self Repair+1","Compile Driver","Hologram+1"],"picked":"SKIP","floor":55.0}],"player_experience":1212702,"relics_obtained":[{"floor":7.0,"key":"Toxic Egg 2"},{"floor":10.0,"key":"MawBank"},{"floor":11.0,"key":"Odd Mushroom"},{"floor":19.0,"key":"Nunchaku"},{"floor":19.0,"key":"Shuriken"},{"floor":24.0,"key":"Mummified Hand"},{"floor":26.0,"key":"Smiling Mask"},{"floor":28.0,"key":"Vajra"},{"floor":30.0,"key":"Mercury Hourglass"},{"floor":40.0,"key":"Bronze Scales"},{"floor":43.0,"key":"Pen Nib"},{"floor":45.0,"key":"Bag of Preparation"},{"floor":46.0,"key":"Emotion Chip"},{"floor":48.0,"key":"Cables"},{"floor":55.0,"key":"Gambling Chip"}],"event_choices":[{"damage_healed":0.0,"max_hp_gain":0.0,"max_hp_loss":0.0,"gold_gain":0.0,"event_name":"The Cleric","player_choice":"Leave","floor":5.0,"gold_loss":0.0,"damage_taken":0.0},{"damage_healed":0.0,"max_hp_gain":0.0,"max_hp_loss":0.0,"gold_gain":0.0,"cards_transformed":["Strike_B"],"event_name":"Living Wall","player_choice":"Change","floor":8.0,"gold_loss":0.0,"damage_taken":0.0,"cards_obtained":["Buffer"]},{"damage_healed":0.0,"max_hp_gain":0.0,"max_hp_loss":0.0,"gold_gain":0.0,"event_name":"Mushrooms","player_choice":"Fought Mushrooms","floor":11.0,"gold_loss":0.0,"damage_taken":0.0},{"damage_healed":0.0,"max_hp_gain":0.0,"max_hp_loss":0.0,"gold_gain":0.0,"event_name":"Colosseum","player_choice":"Fight","floor":19.0,"gold_loss":0.0,"damage_taken":0.0},{"damage_healed":0.0,"max_hp_gain":0.0,"max_hp_loss":0.0,"gold_gain":0.0,"event_name":"Colosseum","player_choice":"Fought Nobs","floor":19.0,"gold_loss":0.0,"damage_taken":0.0},{"damage_healed":0.0,"max_hp_gain":0.0,"max_hp_loss":36.0,"gold_gain":0.0,"event_name":"Ghosts","player_choice":"Became a Ghost","floor":20.0,"gold_loss":0.0,"damage_taken":0.0,"cards_obtained":["Ghostly","Ghostly","Ghostly"]},{"damage_healed":0.0,"max_hp_gain":0.0,"max_hp_loss":0.0,"gold_gain":0.0,"event_name":"The Woman in Blue","player_choice":"Bought 1 Potion","floor":22.0,"gold_loss":0.0,"damage_taken":0.0},{"damage_healed":0.0,"max_hp_gain":0.0,"max_hp_loss":0.0,"gold_gain":0.0,"event_name":"Accursed Blacksmith","player_choice":"Rummage","floor":36.0,"gold_loss":0.0,"damage_taken":0.0,"relics_obtained":["WarpedTongs"],"cards_obtained":["Pain"]},{"cards_removed":["Compile Driver"],"damage_healed":0.0,"max_hp_gain":0.0,"max_hp_loss":0.0,"gold_gain":0.0,"event_name":"Falling","player_choice":"Removed Attack","floor":41.0,"gold_loss":0.0,"damage_taken":0.0},{"damage_healed":0.0,"max_hp_gain":0.0,"max_hp_loss":2.0,"gold_gain":0.0,"event_name":"Winding Halls","player_choice":"Max HP","floor":44.0,"gold_loss":0.0,"damage_taken":0.0},{"damage_healed":0.0,"max_hp_gain":0.0,"max_hp_loss":0.0,"gold_gain":0.0,"event_name":"Mysterious Sphere","player_choice":"Fight","floor":46.0,"gold_loss":0.0,"damage_taken":0.0},{"damage_healed":0.0,"max_hp_gain":0.0,"max_hp_loss":0.0,"gold_gain":0.0,"event_name":"SensoryStone","player_choice":"Memory 3","floor":47.0,"gold_loss":0.0,"damage_taken":10.0}],"is_beta":false,"boss_relics":[{"not_picked":["Inserter","Calling Bell"],"picked":"Fusion Hammer"},{"not_picked":["Empty Cage","Black Star"],"picked":"Runic Pyramid"}],"items_purged_floors":[4,21,37,54],"is_endless":false,"potions_floor_spawned":[1,2,10,11,24,27,30,31,33,35,38,46,48],"ascension_level":20}