{"gold_per_floor":[117,34,34,184,195,225,225,257,257,257,318,348,359,434,434,507,507,517,537,225,225],"floor_reached":21,"playtime":710,"items_purged":["Doubt"],"score":440,"play_id":"9ac3b105-98f4-4f8f-9550-6f94b6c58274","local_time":"20190503003904","is_ascension_mode":true,"campfire_choices":[{"data":"Defragment","floor":10.0,"key":"SMITH"},{"data":"Rip and Tear","floor":15.0,"key":"SMITH"}],"neow_cost":"NONE","seed_source_timestamp":253159901213949,"circlet_count":0,"master_deck":["AscendersBane","Strike_B","Strike_B","Strike_B","Strike_B","Defend_B","Defend_B","Defend_B","Defend_B","Zap","Dualcast","Sweeping Beam+1","Rip and Tear+1","Glacier","Coolheaded","Defragment+1","Echo Form","Genetic Algorithm","Reinforced Body","Loop"],"special_seed":0,"relics":["Cracked Core","NeowsBlessing","Gremlin Horn","Mercury Hourglass","PreservedInsect","Pen Nib","Singing Bowl","Symbiotic Virus","Cursed Key","Omamori"],"potions_floor_usage":[],"damage_taken":[{"damage":0.0,"enemies":"Small Slimes","floor":1.0,"turns":1.0},{"damage":0.0,"enemies":"2 Louse","floor":5.0,"turns":1.0},{"damage":0.0,"enemies":"3 Sentries","floor":6.0,"turns":1.0},{"damage":20.0,"enemies":"Gremlin Nob","floor":8.0,"turns":4.0},{"damage":0.0,"enemies":"Gremlin Nob","floor":11.0,"turns":3.0},{"damage":7.0,"enemies":"Lagavulin","floor":12.0,"turns":6.0},{"damage":2.0,"enemies":"Jaw Worm","floor":13.0,"turns":4.0},{"damage":7.0,"enemies":"The Guardian","floor":16.0,"turns":10.0},{"damage":23.0,"enemies":"Shell Parasite","floor":18.0,"turns":3.0},{"damage":21,"enemies":"Chosen","floor":19,"turns":6},{"damage":25,"enemies":"Colosseum Slavers","floor":21,"turns":2}],"seed_played":"-7093836772385238575","potions_obtained":[{"floor":6.0,"key":"FocusPotion"},{"floor":8.0,"key":"Poison Potion"},{"floor":11.0,"key":"SpeedPotion"},{"floor":12.0,"key":"SneckoOil"},{"floor":13.0,"key":"Regen Potion"}],"is_trial":false,"path_per_floor":["M","$","?","?","M","E","T","E","T","R","?","E","M","?","R","B",null,"M","M","$","?"],"character_chosen":"DEFECT","items_purchased":["Rip and Tear","Loop","Omamori"],"campfire_rested":0,"item_purchase_floors":[2,20,20],"current_hp_per_floor":[64,64,64,64,64,64,64,44,44,44,46,41,41,30,30,38,67,44,23,23,0],"gold":225,"neow_bonus":"THREE_ENEMY_KILL","is_prod":false,"is_daily":false,"chose_seed":false,"campfire_upgraded":2,"win_rate":0,"timestamp":1556858344,"path_taken":["M","$","?","?","M","E","?","E","T","R","?","E","M","?","R","BOSS","M","M","$","?"],"build_version":"2019-01-23","purchased_purges":1,"victory":false,"max_hp_per_floor":[71,71,71,71,71,71,71,71,71,71,73,75,77,77,77,77,77,77,77,77,77],"card_choices":[{"not_picked":["Coolheaded","Streamline"],"picked":"Sweeping Beam","floor":1.0},{"not_picked":["Sweeping Beam","Cold Snap"],"picked":"Glacier","floor":5.0},{"not_picked":["Sweeping Beam","Leap"],"picked":"Coolheaded","floor":6.0},{"not_picked":["Fission","Leap"],"picked":"Defragment","floor":8.0},{"not_picked":["Gash","Coolheaded","Stack"],"picked":"Singing Bowl","floor":11.0},{"not_picked":["Gash","Skim","Streamline"],"picked":"Singing Bowl","floor":12.0},{"not_picked":["Beam Cell","Redo","Rip and Tear"],"picked":"Singing Bowl","floor":13.0},{"not_picked":["Creative AI","Electrodynamics"],"picked":"Echo Form","floor":16.0},{"not_picked":["Stack","Static Discharge"],"picked":"Genetic Algorithm","floor":18.0},{"not_picked":["Streamline","Cold Snap+1"],"picked":"Reinforced Body","floor":19}],"player_experience":1140059,"relics_obtained":[{"floor":6.0,"key":"Gremlin Horn"},{"floor":7.0,"key":"Mercury Hourglass"},{"floor":8.0,"key":"PreservedInsect"},{"floor":9.0,"key":"Pen Nib"},{"floor":12.0,"key":"Symbiotic Virus"}],"event_choices":[{"damage_healed":0.0,"max_hp_gain":0.0,"max_hp_loss":0.0,"gold_gain":0.0,"event_name":"Living Wall","player_choice":"Grow","floor":3.0,"gold_loss":0.0,"damage_taken":0.0,"cards_upgraded":["Sweeping Beam"]},{"damage_healed":0.0,"max_hp_gain":0.0,"max_hp_loss":0.0,"gold_gain":150.0,"event_name":"Liars Game","player_choice":"AGREE","floor":4.0,"gold_loss":0.0,"damage_taken":0.0,"cards_obtained":["Doubt"]},{"damage_healed":0.0,"max_hp_gain":0.0,"max_hp_loss":0.0,"gold_gain":30.0,"event_name":"Dead Adventurer","player_choice":"Searched \u00273\u0027 times","floor":11.0,"gold_loss":0.0,"damage_taken":0.0,"relics_obtained":["Singing Bowl"]},{"damage_healed":0.0,"max_hp_gain":0.0,"max_hp_loss":0.0,"gold_gain":75.0,"event_name":"World of Goop","player_choice":"Gather Gold","floor":14.0,"gold_loss":0.0,"damage_taken":11.0},{"damage_healed":0,"gold_gain":0,"player_choice":"Fight","damage_taken":0,"max_hp_gain":0,"max_hp_loss":0,"event_name":"Colosseum","floor":21,"gold_loss":0}],"is_beta":false,"boss_relics":[{"not_picked":["Philosopher\u0027s Stone","Velvet Choker"],"picked":"Cursed Key"}],"items_purged_floors":[20],"is_endless":false,"potions_floor_spawned":[6,8,11,12,13],"killed_by":"Colosseum Slavers","ascension_level":20}