{"gold_per_floor":[117,136,150,161,179,179,212,231,231,231],"floor_reached":10,"playtime":476,"items_purged":[],"score":79,"play_id":"983fec12-094b-41da-9eec-4d7928ba6007","local_time":"20190722024102","is_ascension_mode":true,"campfire_choices":[{"floor":6,"key":"REST"}],"neow_cost":"NONE","seed_source_timestamp":5699432068200,"circlet_count":0,"master_deck":["Strike_B","Strike_B","Strike_B","Strike_B","Defend_B","Defend_B","Defend_B","Defend_B","Zap","Dualcast","Storm","Redo","Self Repair","Defragment","Coolheaded","Tempest","Ball Lightning"],"relics":["Cracked Core","Smiling Mask","Matryoshka"],"potions_floor_usage":[7,7,8,10],"damage_taken":[{"damage":12,"enemies":"Small Slimes","floor":1,"turns":3},{"damage":7,"enemies":"Jaw Worm","floor":2,"turns":3},{"damage":7,"enemies":"2 Louse","floor":3,"turns":4},{"damage":45,"enemies":"Gremlin Gang","floor":4,"turns":6},{"damage":5,"enemies":"Large Slime","floor":5,"turns":7},{"damage":25,"enemies":"3 Sentries","floor":7,"turns":7},{"damage":9,"enemies":"Looter","floor":8,"turns":3},{"damage":22,"enemies":"Exordium Wildlife","floor":10,"turns":2}],"seed_played":"2148242250900082545","potions_obtained":[{"floor":4,"key":"Weak Potion"},{"floor":5,"key":"Poison Potion"},{"floor":7,"key":"SpeedPotion"},{"floor":8,"key":"SteroidPotion"}],"is_trial":false,"path_per_floor":["M","M","M","M","M","R","E","M","T","M"],"character_chosen":"DEFECT","items_purchased":[],"campfire_rested":1,"item_purchase_floors":[],"current_hp_per_floor":[63,56,56,18,20,42,24,22,22,0],"gold":231,"neow_bonus":"THREE_CARDS","is_prod":false,"is_daily":false,"chose_seed":false,"campfire_upgraded":0,"win_rate":0,"timestamp":1563777662,"path_taken":["M","M","M","M","M","R","E","M","T","M"],"build_version":"2019-07-17","purchased_purges":0,"victory":false,"max_hp_per_floor":[75,75,75,75,75,75,75,75,75,75],"card_choices":[{"not_picked":["Go for the Eyes","Conserve Battery"],"picked":"Storm","floor":0},{"not_picked":["Streamline","Stack"],"picked":"Redo","floor":1},{"not_picked":["Barrage","Cold Snap"],"picked":"Self Repair","floor":2},{"not_picked":["Rebound","Gash"],"picked":"Defragment","floor":3},{"not_picked":["Streamline","Conserve Battery"],"picked":"Coolheaded","floor":4},{"not_picked":["Stack","Redo"],"picked":"Tempest","floor":5},{"not_picked":["Gash","Stack"],"picked":"Ball Lightning","floor":7},{"not_picked":["Gash","Steam","Turbo"],"picked":"SKIP","floor":8}],"player_experience":284178,"relics_obtained":[{"floor":7,"key":"Smiling Mask"},{"floor":9,"key":"Matryoshka"}],"event_choices":[],"is_beta":false,"boss_relics":[],"items_purged_floors":[],"is_endless":false,"potions_floor_spawned":[4,5,7,8],"killed_by":"Exordium Wildlife","ascension_level":2}