{"gold_per_floor":[118,137,137,137,148,181,181,181],"floor_reached":8,"playtime":18378,"items_purged":[],"score":56,"play_id":"ea9dc660-ba02-4450-a3ee-67395b6fe2c1","local_time":"20190710203725","is_ascension_mode":false,"campfire_choices":[{"floor":7,"key":"REST"}],"neow_cost":"NONE","seed_source_timestamp":189009616833740,"circlet_count":0,"master_deck":["Strike_B","Strike_B","Strike_B","Defend_B","Defend_B","Defend_B","Defend_B","Zap","Dualcast","Coolheaded","Creative AI","Zap","Skim","Seek"],"relics":["Cracked Core","NeowsBlessing","Bottled Lightning"],"potions_floor_usage":[8],"damage_taken":[{"damage":0,"enemies":"Small Slimes","floor":1,"turns":1},{"damage":0,"enemies":"Cultist","floor":2,"turns":1},{"damage":0,"enemies":"2 Louse","floor":5,"turns":1},{"damage":50,"enemies":"3 Sentries","floor":6,"turns":9},{"damage":48,"enemies":"Gremlin Nob","floor":8,"turns":4}],"seed_played":"-454823423270456724","potions_obtained":[{"floor":1,"key":"Explosive Potion"},{"floor":2,"key":"GamblersBrew"}],"is_trial":false,"path_per_floor":["M","M","?","?","M","E","R","E"],"character_chosen":"DEFECT","items_purchased":[],"campfire_rested":1,"item_purchase_floors":[],"current_hp_per_floor":[75,75,75,75,75,25,47,0],"gold":181,"neow_bonus":"THREE_ENEMY_KILL","is_prod":false,"is_daily":false,"chose_seed":false,"campfire_upgraded":0,"win_rate":0.0,"timestamp":1562805445,"path_taken":["M","M","?","?","M","E","R","E"],"build_version":"2019-07-05","purchased_purges":0,"victory":false,"max_hp_per_floor":[75,75,75,75,75,75,75,75],"card_choices":[{"not_picked":["Beam Cell","Undo","Reinforced Body"],"picked":"SKIP","floor":1},{"not_picked":["Beam Cell","Genetic Algorithm"],"picked":"Coolheaded","floor":2},{"not_picked":["Rebound","Compile Driver"],"picked":"Skim","floor":5},{"not_picked":["Streamline","Redo"],"picked":"Seek","floor":6}],"player_experience":64749,"relics_obtained":[{"floor":6,"key":"Bottled Lightning"}],"event_choices":[{"cards_removed":["Strike_B"],"damage_healed":0,"gold_gain":0,"player_choice":"Forget","damage_taken":0,"max_hp_gain":0,"max_hp_loss":0,"event_name":"Living Wall","floor":3,"gold_loss":0},{"damage_healed":0,"gold_gain":0,"player_choice":"2 cards matched","damage_taken":0,"max_hp_gain":0,"max_hp_loss":0,"event_name":"Match and Keep!","floor":4,"gold_loss":0,"cards_obtained":["Creative AI","Zap"]}],"is_beta":false,"boss_relics":[],"items_purged_floors":[],"is_endless":false,"potions_floor_spawned":[1,2],"killed_by":"Gremlin Nob","ascension_level":0}