{"gold_per_floor":[113,127,145,220,220,249,174,174,174,189,189,201,212,76,76,174,174,191,191,66,66,66,66,91,91,91,108,108,127,127,141,141,239,239,257,257,0,16,16,16,16,30,80,80,80,80,134,152,152,152],"floor_reached":51,"playtime":2694,"items_purged":["Strike_B","Strike_B","Writhe"],"score":805,"play_id":"1b058a70-c2a5-467c-bc52-0da21be4e8fd","local_time":"20180821200237","is_ascension_mode":true,"campfire_choices":[{"data":"Defragment","floor":8,"key":"SMITH"},{"data":"Zap","floor":11,"key":"SMITH"},{"floor":15,"key":"REST"},{"data":"Conserve Battery","floor":23,"key":"SMITH"},{"data":"Undo","floor":25,"key":"SMITH"},{"floor":30,"key":"REST"},{"floor":32,"key":"REST"},{"data":"White Noise","floor":40,"key":"SMITH"},{"data":"Heatsinks","floor":44,"key":"SMITH"},{"data":"Undo","floor":46,"key":"SMITH"},{"data":"Static Discharge","floor":49,"key":"SMITH"}],"neow_cost":"","seed_source_timestamp":490177221053832,"circlet_count":0,"master_deck":["Zap+1","Dualcast","Undo+1","Defragment+1","Ball Lightning","Undo+1","Heatsinks+1","Static Discharge+1","Machine Learning","Ball Lightning","Ball Lightning","Steam Power","Lockon","Conserve Battery+1","Electrodynamics","White Noise+1","Glacier+1","Recycle+1","Defragment+1","Writhe","Leap"],"relics":["Cracked Core","Oddly Smooth Stone","Gambling Chip","Singing Bowl","Pandora\u0027s Box","Question Card","Pear","Regal Pillow","Darkstone Periapt","Philosopher\u0027s Stone","Mummified Hand","Mercury Hourglass","Orichalcum","Thread and Needle"],"potions_floor_usage":[29],"damage_taken":[{"damage":2,"enemies":"Jaw Worm","floor":1,"turns":4},{"damage":7,"enemies":"Small Slimes","floor":2,"turns":4},{"damage":3,"enemies":"2 Louse","floor":3,"turns":3},{"damage":8,"enemies":"Lagavulin","floor":6,"turns":7},{"damage":3,"enemies":"2 Fungi Beasts","floor":10,"turns":4},{"damage":0,"enemies":"Exordium Wildlife","floor":12,"turns":4},{"damage":4,"enemies":"Large Slime","floor":13,"turns":4},{"damage":23,"enemies":"Slime Boss","floor":16,"turns":7},{"damage":13,"enemies":"Shell Parasite","floor":18,"turns":5},{"damage":31,"enemies":"Book of Stabbing","floor":24,"turns":6},{"damage":33,"enemies":"2 Thieves","floor":27,"turns":3},{"damage":6,"enemies":"Centurion and Healer","floor":29,"turns":5},{"damage":13,"enemies":"Snake Plant","floor":31,"turns":5},{"damage":49,"enemies":"Collector","floor":33,"turns":8},{"damage":6,"enemies":"Flame Bruiser 1 Orb","floor":35,"turns":4},{"damage":0,"enemies":"Orb Walker","floor":38,"turns":4},{"damage":0,"enemies":"3 Darklings","floor":42,"turns":3},{"damage":0,"floor":47,"turns":2},{"damage":0,"enemies":"Flame Bruiser 2 Orb","floor":48,"turns":3},{"damage":14,"enemies":"Donu and Deca","floor":50,"turns":8}],"seed_played":"8658624064805561873","potions_obtained":[{"floor":1,"key":"Dexterity Potion"},{"floor":2,"key":"Dexterity Potion"},{"floor":10,"key":"Swift Potion"},{"floor":18,"key":"Fruit Juice"},{"floor":29,"key":"Poison Potion"},{"floor":38,"key":"Dexterity Potion"}],"is_trial":false,"path_per_floor":["M","M","M","?","T","E","$","R","T","M","R","M","M","$","R","B",null,"M","?","$","?","?","R","E","R","T","M","T","M","R","M","R","B",null,"M","?","$","M","?","R","T","M","T","R","?","R","?","M","R","B"],"character_chosen":"DEFECT","items_purchased":["Static Discharge","Mummified Hand"],"campfire_rested":3,"item_purchase_floors":[14,37],"current_hp_per_floor":[73,66,63,52,52,44,44,44,44,43,43,45,41,41,64,41,79,68,68,68,68,68,68,47,47,47,16,16,15,59,48,93,46,102,96,96,96,96,96,96,96,96,96,96,108,108,108,110,110,96],"gold":152,"neow_bonus":"","is_prod":false,"is_daily":false,"chose_seed":false,"campfire_upgraded":8,"win_rate":0,"timestamp":1534896157,"path_taken":["M","M","M","?","?","E","$","R","T","M","R","M","M","$","R","BOSS","M","?","$","?","?","R","E","R","T","M","?","M","R","M","R","BOSS","M","?","?","?","?","R","?","M","T","R","?","R","?","M","R","BOSS"],"build_version":"2018-08-16","purchased_purges":3,"victory":true,"max_hp_per_floor":[75,75,75,75,75,75,75,75,75,77,77,79,79,79,79,79,79,81,81,81,81,81,81,91,91,91,93,93,98,98,100,100,102,102,102,102,102,102,102,102,102,102,102,102,108,108,108,110,110,110],"card_choices":[{"not_picked":["Fusion","Cold Snap"],"picked":"Undo","floor":1},{"not_picked":["Redo","Self Repair"],"picked":"Defragment","floor":2},{"not_picked":["Genetic Algorithm","Sweeping Beam"],"picked":"Ball Lightning","floor":3},{"not_picked":["Self Repair","Fission"],"picked":"Undo","floor":6},{"not_picked":["Gash","Cold Snap","Melter"],"picked":"Singing Bowl","floor":10},{"not_picked":["Beam Cell","Doom and Gloom","Storm"],"picked":"Singing Bowl","floor":12},{"not_picked":["Beam Cell","Barrage"],"picked":"Heatsinks","floor":13},{"not_picked":["All For One","Meteor Strike"],"picked":"Machine Learning","floor":16},{"not_picked":["Cold Snap","Stack","Chaos"],"picked":"Singing Bowl","floor":18},{"not_picked":["Force Field","Streamline","Ball Lightning"],"picked":"Electrodynamics","floor":24},{"not_picked":["Streamline","Rebound","Gash","Rip and Tear"],"picked":"Singing Bowl","floor":27},{"not_picked":["Sweeping Beam","Cold Snap+1","Barrage"],"picked":"White Noise","floor":29},{"not_picked":["Static Discharge","Barrage","Hello World","Hologram+1"],"picked":"Singing Bowl","floor":31},{"not_picked":["Biased Cognition","Multi-Cast","Meteor Strike","Core Surge"],"picked":"Singing Bowl","floor":33},{"not_picked":["Auto Shields","Consume+1","Sunder+1"],"picked":"Glacier+1","floor":35},{"not_picked":["Barrage","Heatsinks+1","Doom and Gloom"],"picked":"Recycle+1","floor":38},{"not_picked":["BootSequence+1","Hologram","Scrape+1"],"picked":"Defragment+1","floor":42},{"not_picked":["Self Repair+1","Darkness+1","Beam Cell+1"],"picked":"Leap","floor":47},{"not_picked":["Recycle","Genetic Algorithm+1","FTL+1","Streamline"],"picked":"Singing Bowl","floor":48}],"player_experience":116958,"relics_obtained":[{"floor":5,"key":"Oddly Smooth Stone"},{"floor":6,"key":"Gambling Chip"},{"floor":9,"key":"Singing Bowl"},{"floor":24,"key":"Pear"},{"floor":26,"key":"Regal Pillow"},{"floor":28,"key":"Darkstone Periapt"},{"floor":41,"key":"Mercury Hourglass"},{"floor":43,"key":"Orichalcum"},{"floor":47,"key":"Thread and Needle"}],"event_choices":[{"event_name":"World of Goop","player_choice":"Gather Gold","floor":4,"damage_taken":0},{"event_name":"The Mausoleum","player_choice":"Yes","floor":19,"damage_taken":0},{"event_name":"The Woman in Blue","player_choice":"Bought 0 Potions","floor":21,"damage_taken":0},{"event_name":"Drug Dealer","player_choice":"Ignored","floor":22,"damage_taken":0},{"event_name":"Tomb of Lord Red Mask","player_choice":"Ignored","floor":36,"damage_taken":0},{"event_name":"Falling","player_choice":"Removed Attack","floor":39,"damage_taken":0},{"event_name":"Winding Halls","player_choice":"Writhe","floor":45,"damage_taken":0},{"event_name":"Mysterious Sphere","player_choice":"Fight","floor":47,"damage_taken":0}],"is_beta":false,"boss_relics":[{"not_picked":["Fusion Hammer","Coffee Dripper"],"picked":"Pandora\u0027s Box"},{"not_picked":["Snecko Eye","Orrery"],"picked":"Philosopher\u0027s Stone"}],"items_purged_floors":[7,14,20],"is_endless":false,"potions_floor_spawned":[1,2,10,18,29,38,42,48],"ascension_level":3}