{"gold_per_floor":[110,110,121,137,149,149,183,194,194,194,223,148,23,39,39,115,115,126,126,126,137,156,156,183,196,223,235,137,167,179,191,203,293,305,335,360,13,31,43,70,70,70,70,96,111,139,156,167,167,167,167,167,167,25,56,56],"floor_reached":57,"playtime":5185,"items_purged":["Strike_B"],"score":3202,"play_id":"114777a8-8314-407d-8386-1b394d89da53","local_time":"20190603115210","is_ascension_mode":true,"campfire_choices":[{"data":"Defragment","floor":6,"key":"SMITH"},{"data":"Fission","floor":10,"key":"SMITH"},{"data":"Loop","floor":15,"key":"SMITH"},{"data":"Biased Cognition","floor":23,"key":"SMITH"},{"data":"Coolheaded","floor":27,"key":"SMITH"},{"data":"Coolheaded","floor":30,"key":"SMITH"},{"data":"Hologram","floor":32,"key":"SMITH"},{"floor":41,"key":"RECALL"},{"data":"Coolheaded","floor":49,"key":"SMITH"},{"data":"Heatsinks","floor":53,"key":"SMITH"}],"neow_cost":"NONE","seed_source_timestamp":1610176880631661,"circlet_count":0,"master_deck":["AscendersBane","Defend_B","Defend_B","Defend_B","Defend_B+1","Zap","Dualcast","Machine Learning","Static Discharge+1","Defragment+1","Glacier","Self Repair","Ball Lightning","Fission+1","Loop+1","Doom and Gloom","Coolheaded+1","Coolheaded+1","Biased Cognition+1","Genetic Algorithm","Genetic Algorithm","Hologram+1","Self Repair+1","Glacier","Chill","Echo Form","Chaos+1","Coolheaded","Loop+1","Glacier","White Noise+1","Heatsinks+1","Electrodynamics","Consume+1","Coolheaded+1","Defragment"],"relics":["Cracked Core","Happy Flower","Dream Catcher","Coffee Dripper","Calipers","MawBank","Inserter","Frozen Eye","Omamori","Bag of Preparation","Orichalcum","Art of War","Bronze Scales"],"potions_floor_usage":[24,33,40,56,56],"damage_taken":[{"damage":4,"enemies":"2 Louse","floor":1,"turns":4},{"damage":1,"enemies":"Cultist","floor":3,"turns":3},{"damage":1,"enemies":"Small Slimes","floor":4,"turns":3},{"damage":7,"enemies":"Looter","floor":5,"turns":3},{"damage":8,"enemies":"3 Sentries","floor":7,"turns":12},{"damage":25,"enemies":"Gremlin Gang","floor":8,"turns":3},{"damage":2,"enemies":"Lagavulin","floor":11,"turns":7},{"damage":7,"enemies":"Exordium Wildlife","floor":14,"turns":3},{"damage":0,"enemies":"Hexaghost","floor":16,"turns":8},{"damage":4,"enemies":"3 Byrds","floor":18,"turns":3},{"damage":7,"enemies":"Chosen","floor":21,"turns":4},{"damage":9,"enemies":"Centurion and Healer","floor":22,"turns":8},{"damage":29,"enemies":"Slavers","floor":24,"turns":4},{"damage":3,"enemies":"Snecko","floor":25,"turns":6},{"damage":0,"enemies":"Cultist and Chosen","floor":29,"turns":9},{"damage":0,"enemies":"Champ","floor":33,"turns":17},{"damage":56,"enemies":"3 Darklings","floor":35,"turns":8},{"damage":41,"enemies":"3 Shapes","floor":36,"turns":5},{"damage":3,"enemies":"Transient","floor":38,"turns":6},{"damage":0,"enemies":"Maw","floor":39,"turns":14},{"damage":6,"enemies":"Reptomancer","floor":40,"turns":9},{"damage":0,"enemies":"Giant Head","floor":44,"turns":12},{"damage":8,"enemies":"3 Darklings","floor":45,"turns":8},{"damage":26,"enemies":"Nemesis","floor":46,"turns":11},{"damage":16,"enemies":"4 Shapes","floor":47,"turns":8},{"damage":0,"enemies":"Maw","floor":48,"turns":7},{"damage":12,"enemies":"Donu and Deca","floor":50,"turns":13},{"damage":30,"enemies":"Awakened One","floor":51,"turns":23},{"damage":50,"enemies":"Shield and Spear","floor":55,"turns":11},{"damage":0,"enemies":"The Heart","floor":56,"turns":10}],"seed_played":"3044842394979913783","potions_obtained":[{"floor":1,"key":"SteroidPotion"},{"floor":5,"key":"PowerPotion"},{"floor":8,"key":"Energy Potion"},{"floor":21,"key":"Fire Potion"},{"floor":22,"key":"FocusPotion"},{"floor":24,"key":"PowerPotion"},{"floor":29,"key":"PowerPotion"},{"floor":35,"key":"PowerPotion"},{"floor":46,"key":"EssenceOfSteel"}],"is_trial":false,"path_per_floor":["M","?","M","M","M","R","E","M","T","R","E","?","$","M","R","B",null,"M","?","?","M","M","R","E","M","T","R","?","M","R","$","R","B",null,"M","M","$","M","M","E","R","?","T","E","M","E","M","M","R","B","B",null,"R","$","E","B",null],"character_chosen":"DEFECT","items_purchased":["Doom and Gloom","Coolheaded","Coolheaded","Frozen Eye","Defragment","SkillPotion"],"campfire_rested":0,"item_purchase_floors":[13,13,37,37,54,54],"current_hp_per_floor":[60,60,59,58,51,51,50,32,32,32,37,37,37,37,37,44,64,67,67,67,60,58,58,46,60,60,60,60,71,71,71,71,71,71,49,18,18,49,71,71,71,71,71,71,71,71,71,71,71,71,71,71,71,71,55,65],"gold":56,"neow_bonus":"ONE_RANDOM_RARE_CARD","is_prod":false,"is_daily":false,"chose_seed":false,"campfire_upgraded":9,"win_rate":0,"timestamp":1559577130,"path_taken":["M","?","M","M","?","R","E","?","T","R","E","?","$","M","R","BOSS","M","?","?","M","?","R","E","M","T","R","?","M","R","$","R","BOSS","M","M","$","M","?","E","R","?","T","E","M","E","M","M","R","BOSS","BOSS","R","$","E","BOSS"],"build_version":"2019-01-23","purchased_purges":1,"victory":true,"max_hp_per_floor":[71,71,71,71,71,71,71,71,71,71,71,71,71,71,71,71,71,71,71,71,71,71,71,71,71,71,71,71,71,71,71,71,71,71,71,71,71,71,71,71,71,71,71,71,71,71,71,71,71,71,71,71,71,71,71,71],"card_choices":[{"not_picked":["Leap","Compile Driver"],"picked":"Static Discharge","floor":1},{"not_picked":["Consume","Cold Snap"],"picked":"Defragment","floor":3},{"not_picked":["Force Field","Redo"],"picked":"Glacier","floor":4},{"not_picked":["Hologram","Darkness"],"picked":"Self Repair","floor":5},{"not_picked":["Cold Snap","Streamline"],"picked":"Ball Lightning","floor":7},{"not_picked":["Coolheaded","Heatsinks"],"picked":"Fission","floor":8},{"not_picked":["Redo","Lockon"],"picked":"Loop","floor":11},{"not_picked":["Auto Shields","Leap"],"picked":"Coolheaded","floor":14},{"not_picked":["Buffer","Reboot"],"picked":"Biased Cognition","floor":16},{"not_picked":["Leap","Stack"],"picked":"Genetic Algorithm","floor":18},{"not_picked":["Conserve Battery","Beam Cell"],"picked":"Hologram","floor":21},{"not_picked":["Reinforced Body","Cold Snap"],"picked":"Self Repair+1","floor":22},{"not_picked":["Cold Snap","Conserve Battery","Compile Driver"],"picked":"SKIP","floor":24},{"not_picked":["Rebound","Conserve Battery"],"picked":"Glacier","floor":25},{"not_picked":["FTL","Gash"],"picked":"Chill","floor":29},{"not_picked":["Fission","Reboot"],"picked":"Echo Form","floor":33},{"not_picked":["Ball Lightning+1","Steam+1"],"picked":"Chaos+1","floor":35},{"not_picked":["Compile Driver","Gash+1","Beam Cell"],"picked":"SKIP","floor":36},{"not_picked":["Sweeping Beam","Aggregate+1"],"picked":"Loop+1","floor":38},{"not_picked":["Gash","Ball Lightning"],"picked":"Glacier","floor":39},{"not_picked":["Lockon","Streamline"],"picked":"White Noise+1","floor":40},{"not_picked":["White Noise","Cold Snap","Ball Lightning"],"picked":"SKIP","floor":44},{"not_picked":["Rebound","Steam+1"],"picked":"Heatsinks","floor":45},{"not_picked":["Hologram","Streamline"],"picked":"Electrodynamics","floor":46},{"not_picked":["Barrage+1","Cold Snap+1"],"picked":"Consume+1","floor":47},{"not_picked":["Hologram","Self Repair+1"],"picked":"Coolheaded","floor":48},{"not_picked":["Streamline","Cold Snap+1","Steam"],"picked":"SKIP","floor":55}],"player_experience":1491058,"relics_obtained":[{"floor":7,"key":"Happy Flower"},{"floor":11,"key":"Dream Catcher"},{"floor":24,"key":"Calipers"},{"floor":26,"key":"MawBank"},{"floor":40,"key":"Omamori"},{"floor":43,"key":"Bag of Preparation"},{"floor":44,"key":"Orichalcum"},{"floor":46,"key":"Art of War"},{"floor":55,"key":"Bronze Scales"}],"event_choices":[{"damage_healed":0,"gold_gain":0,"player_choice":"Upgraded","damage_taken":0,"max_hp_gain":0,"max_hp_loss":0,"event_name":"Upgrade Shrine","floor":2,"gold_loss":0,"cards_upgraded":["Static Discharge"]},{"cards_removed":["Strike_B"],"damage_healed":0,"gold_gain":0,"player_choice":"Card Removal","damage_taken":0,"max_hp_gain":0,"max_hp_loss":0,"event_name":"The Cleric","floor":12,"gold_loss":75},{"damage_healed":0,"gold_gain":0,"player_choice":"Read","damage_taken":0,"max_hp_gain":0,"max_hp_loss":0,"event_name":"The Library","floor":19,"gold_loss":0,"cards_obtained":["Genetic Algorithm"]},{"cards_removed":["Strike_B"],"damage_healed":0,"gold_gain":0,"player_choice":"Offered Basic","damage_taken":0,"max_hp_gain":0,"max_hp_loss":0,"event_name":"Bonfire Elementals","floor":20,"gold_loss":0},{"cards_removed":["Strike_B"],"damage_healed":0,"gold_gain":0,"player_choice":"Upgrade and Remove","damage_taken":0,"max_hp_gain":0,"max_hp_loss":0,"event_name":"Designer","floor":28,"gold_loss":110,"cards_upgraded":["Defend_B"]},{"damage_healed":0,"gold_gain":0,"player_choice":"Ignored","damage_taken":0,"max_hp_gain":0,"max_hp_loss":0,"event_name":"SecretPortal","floor":42,"gold_loss":0}],"is_beta":false,"boss_relics":[{"not_picked":["Philosopher\u0027s Stone","Calling Bell"],"picked":"Coffee Dripper"},{"not_picked":["Pandora\u0027s Box","Lizard Tail"],"picked":"Inserter"}],"items_purged_floors":[37],"is_endless":false,"potions_floor_spawned":[1,5,8,11,21,22,24,29,35,36,39,46],"ascension_level":20}