{"gold_per_floor":[112,127,18,18,36,36,55,55,55,55,96,115,156,171,171,260,260,273,288,311,0,0],"floor_reached":22,"playtime":1114,"items_purged":["Strike_B"],"score":386,"play_id":"7c59413a-872c-4945-aa37-ee5b6ace7140","local_time":"20180925115141","is_ascension_mode":true,"campfire_choices":[{"data":"Defragment","floor":6,"key":"SMITH"},{"data":"Defragment","floor":8,"key":"SMITH"},{"floor":10,"key":"REST"},{"data":"Hologram","floor":15,"key":"SMITH"}],"neow_cost":"NONE","seed_source_timestamp":1074377860992214,"circlet_count":0,"master_deck":["Strike_B","Strike_B","Defend_B","Defend_B","Defend_B","Defend_B","Zap","Dualcast","AscendersBane","Ball Lightning","Leap","Glacier","Ball Lightning","Defragment+1","Defragment+1","Hologram+1","Coolheaded","Turbo","Doom and Gloom","Creative AI","Conserve Battery","Glacier","Conserve Battery"],"relics":["Cracked Core","Golden Idol","Pear","Boot","Vajra","Inserter","Art of War"],"potions_floor_usage":[7,13,13,19,19,22],"damage_taken":[{"damage":5,"enemies":"2 Louse","floor":1,"turns":2},{"damage":7,"enemies":"Jaw Worm","floor":2,"turns":3},{"damage":0,"enemies":"Cultist","floor":5,"turns":4},{"damage":12,"enemies":"Lots of Slimes","floor":7,"turns":3},{"damage":15,"enemies":"Lagavulin","floor":11,"turns":5},{"damage":0,"enemies":"Large Slime","floor":12,"turns":3},{"damage":11,"enemies":"3 Sentries","floor":13,"turns":7},{"damage":9,"enemies":"Exordium Wildlife","floor":14,"turns":4},{"damage":38,"enemies":"Slime Boss","floor":16,"turns":8},{"damage":28,"enemies":"3 Byrds","floor":18,"turns":5},{"damage":2,"enemies":"Chosen","floor":19,"turns":6},{"damage":30,"enemies":"Snake Plant","floor":20,"turns":7},{"damage":17,"enemies":"3 Cultists","floor":22,"turns":6}],"seed_played":"-3251545843854233838","potions_obtained":[{"floor":2,"key":"Regen Potion"},{"floor":5,"key":"Poison Potion"},{"floor":11,"key":"Energy Potion"},{"floor":14,"key":"GamblersBrew"},{"floor":16,"key":"Regen Potion"},{"floor":18,"key":"Weak Potion"},{"floor":20,"key":"AttackPotion"}],"is_trial":false,"path_per_floor":["M","M","$","?","M","R","M","R","T","R","E","M","E","M","R","B",null,"M","M","M","$"],"character_chosen":"DEFECT","items_purchased":["Glacier","Ball Lightning","Art of War","Conserve Battery"],"campfire_rested":1,"item_purchase_floors":[3,3,21,21],"current_hp_per_floor":[59,52,52,52,52,52,40,40,50,72,57,57,61,52,52,14,59,31,44,14,14,0],"gold":0,"neow_bonus":"REMOVE_CARD","is_prod":false,"is_daily":false,"chose_seed":false,"campfire_upgraded":3,"win_rate":0,"timestamp":1537890701,"path_taken":["M","M","$","?","M","R","?","R","T","R","E","M","E","M","R","BOSS","M","?","M","$","M"],"build_version":"2018-09-20","purchased_purges":1,"victory":false,"max_hp_per_floor":[71,71,71,64,64,64,64,64,74,74,74,74,74,74,74,74,74,74,74,74,74,74],"card_choices":[{"not_picked":["Go for the Eyes","Barrage"],"picked":"Ball Lightning","floor":1},{"not_picked":["Chill","Steam"],"picked":"Leap","floor":2},{"not_picked":["Conserve Battery","White Noise"],"picked":"Defragment","floor":5},{"not_picked":["Loop","FTL"],"picked":"Defragment","floor":7},{"not_picked":["Melter","Gash"],"picked":"Hologram","floor":11},{"not_picked":["White Noise","Barrage"],"picked":"Coolheaded","floor":12},{"not_picked":["Ball Lightning","Beam Cell"],"picked":"Turbo","floor":13},{"not_picked":["Ball Lightning","Turbo"],"picked":"Doom and Gloom","floor":14},{"not_picked":["Meteor Strike","Hyperbeam"],"picked":"Creative AI","floor":16},{"not_picked":["Leap","Force Field"],"picked":"Conserve Battery","floor":18},{"not_picked":["Ball Lightning+1","Conserve Battery"],"picked":"Glacier","floor":19},{"not_picked":["Defragment","Cold Snap","Redo"],"picked":"SKIP","floor":20}],"player_experience":536360,"relics_obtained":[{"floor":9,"key":"Pear"},{"floor":11,"key":"Boot"},{"floor":13,"key":"Vajra"}],"event_choices":[{"event_name":"Golden Idol","player_choice":"Lose Max HP","floor":4,"damage_taken":0}],"is_beta":false,"boss_relics":[{"not_picked":["White Beast Statue","Pandora\u0027s Box"],"picked":"Inserter"}],"items_purged_floors":[21],"is_endless":false,"potions_floor_spawned":[2,5,11,14,16,18,20],"killed_by":"3 Cultists","ascension_level":19}