{"gold_per_floor":[112,123,123,137,59,86,106,131,154,165,165,192,192,192,192,297,297,316,336,367,57,57,87,87,110,192,210,222,222,252,265,265,360,360,370,388,388,87,87,87,309,309,333,351,385,385,430,4,4,4],"floor_reached":51,"playtime":2771,"items_purged":["Strike_R","Strike_R"],"score":891,"play_id":"8be0dbfa-e646-43aa-b309-27da77329b1d","local_time":"20190722204315","is_ascension_mode":true,"campfire_choices":[{"data":"Clothesline","floor":13,"key":"SMITH"},{"data":"Sword Boomerang","floor":15,"key":"SMITH"},{"floor":24,"key":"REST"},{"floor":29,"key":"REST"},{"data":"Sword Boomerang","floor":32,"key":"SMITH"},{"data":"Offering","floor":40,"key":"SMITH"},{"data":"Shrug It Off","floor":46,"key":"SMITH"},{"floor":49,"key":"REST"}],"neow_cost":"NONE","seed_source_timestamp":33372986900587,"circlet_count":0,"master_deck":["Defend_R","Defend_R","Defend_R","Defend_R","Bash+1","Shrug It Off+1","Clothesline+1","Anger","Inflame+1","Anger","Spot Weakness","Sword Boomerang+1","Sword Boomerang+1","Impervious","Dual Wield+1","Shrug It Off","Warcry+1","Immolate","Offering+1","Pummel+1","Havoc+1","Good Instincts","Madness","Madness","True Grit+1","Reaper"],"relics":["Burning Blood","Ginger","Red Skull","Bag of Preparation","Bronze Scales","Empty Cage","Red Mask","Incense Burner","Ancient Tea Set","PreservedInsect","The Courier","Paper Frog","Busted Crown","Gambling Chip","Lantern","Meat on the Bone","Girya","Vajra","Medical Kit"],"potions_floor_usage":[6,8,12,16,20,20,31,35,50,50,50,50],"damage_taken":[{"damage":6,"enemies":"Cultist","floor":1,"turns":4},{"damage":7,"enemies":"Small Slimes","floor":2,"turns":3},{"damage":1,"enemies":"2 Louse","floor":4,"turns":3},{"damage":6,"enemies":"Gremlin Nob","floor":6,"turns":3},{"damage":14,"enemies":"Large Slime","floor":7,"turns":5},{"damage":20,"enemies":"3 Sentries","floor":8,"turns":5},{"damage":3,"enemies":"Blue Slaver","floor":10,"turns":3},{"damage":6,"enemies":"Lagavulin","floor":12,"turns":2},{"damage":36,"enemies":"Hexaghost","floor":16,"turns":7},{"damage":25,"enemies":"2 Thieves","floor":18,"turns":3},{"damage":1,"enemies":"3 Byrds","floor":19,"turns":3},{"damage":36,"enemies":"Masked Bandits","floor":20,"turns":3},{"damage":12,"enemies":"Gremlin Leader","floor":23,"turns":5},{"damage":27,"enemies":"Sentry and Sphere","floor":27,"turns":6},{"damage":18,"enemies":"Shelled Parasite and Fungi","floor":28,"turns":4},{"damage":5,"enemies":"Book of Stabbing","floor":30,"turns":2},{"damage":14,"enemies":"Snecko","floor":31,"turns":4},{"damage":37,"enemies":"Champ","floor":33,"turns":10},{"damage":13,"enemies":"3 Darklings","floor":35,"turns":3},{"damage":9,"enemies":"3 Shapes","floor":36,"turns":4},{"damage":6,"enemies":"Sphere and 2 Shapes","floor":44,"turns":3},{"damage":1,"enemies":"Reptomancer","floor":45,"turns":2},{"damage":20,"enemies":"2 Orb Walkers","floor":47,"turns":3},{"damage":11,"enemies":"Donu and Deca","floor":50,"turns":6}],"seed_played":"75109846697176527","potions_obtained":[{"floor":3,"key":"Fire Potion"},{"floor":3,"key":"Ancient Potion"},{"floor":3,"key":"SpeedPotion"},{"floor":6,"key":"SkillPotion"},{"floor":7,"key":"AttackPotion"},{"floor":10,"key":"Dexterity Potion"},{"floor":12,"key":"EntropicBrew"},{"floor":18,"key":"Poison Potion"},{"floor":23,"key":"Explosive Potion"},{"floor":28,"key":"Strength Potion"},{"floor":30,"key":"Dexterity Potion"},{"floor":31,"key":"Fruit Juice"},{"floor":35,"key":"SkillPotion"},{"floor":47,"key":"Fire Potion"}],"is_trial":false,"path_per_floor":["M","M","?","M","$","E","M","E","T","M","?","E","R","?","R","B",null,"M","M","?","$","?","E","R","T","T","M","M","R","E","M","R","B",null,"M","M","?","$","?","R","?","?","T","M","E","R","?","$","R","B",null],"character_chosen":"IRONCLAD","items_purchased":["Inflame","Incense Burner","Gambling Chip","Reaper","Vajra","Medical Kit"],"campfire_rested":3,"item_purchase_floors":[5,21,38,48,48,48],"current_hp_per_floor":[80,79,79,80,80,80,72,58,58,61,66,66,66,66,66,36,85,66,71,41,41,41,35,60,60,60,39,27,52,53,50,50,19,90,83,80,70,70,70,70,70,59,59,59,64,64,62,62,89,84],"gold":4,"neow_bonus":"UPGRADE_CARD","is_prod":false,"is_daily":false,"chose_seed":false,"campfire_upgraded":5,"win_rate":0,"timestamp":1563820995,"path_taken":["M","?","?","M","$","E","?","E","T","M","?","E","R","?","R","BOSS","M","M","?","$","?","E","R","?","T","M","?","R","E","M","R","BOSS","M","M","?","$","?","R","?","?","T","M","E","R","?","$","R","BOSS"],"build_version":"2019-07-17","purchased_purges":2,"victory":true,"max_hp_per_floor":[80,80,80,80,80,80,80,80,80,80,85,85,85,85,85,85,85,85,85,85,85,85,85,85,85,85,85,85,85,85,90,90,90,90,90,90,90,90,90,90,90,90,90,90,90,90,90,90,90,90],"card_choices":[{"not_picked":["Ghostly Armor","Havoc"],"picked":"Shrug It Off","floor":1},{"not_picked":["Body Slam","Reckless Charge"],"picked":"Clothesline","floor":2},{"not_picked":["Twin Strike","Clash"],"picked":"Anger","floor":4},{"not_picked":["Dual Wield","Thunderclap"],"picked":"Anger","floor":6},{"not_picked":["Clash","Body Slam"],"picked":"Spot Weakness","floor":7},{"not_picked":["Flex","Anger","Clash"],"picked":"SKIP","floor":8},{"not_picked":["Demon Form","Thunderclap"],"picked":"Sword Boomerang","floor":10},{"not_picked":["Carnage","Brutality"],"picked":"Sword Boomerang","floor":12},{"not_picked":["Exhume","Limit Break"],"picked":"Impervious","floor":16},{"not_picked":["Feel No Pain","Heavy Blade"],"picked":"Dual Wield+1","floor":18},{"not_picked":["Metallicize+1","Rampage"],"picked":"Shrug It Off","floor":19},{"not_picked":["True Grit","Intimidate+1"],"picked":"Warcry+1","floor":20},{"not_picked":["Thunderclap","Reckless Charge","Infernal Blade"],"picked":"SKIP","floor":23},{"not_picked":["Clothesline","Pommel Strike"],"picked":"Immolate","floor":27},{"not_picked":["Whirlwind","Dropkick","Warcry+1"],"picked":"SKIP","floor":28},{"not_picked":["Sword Boomerang+1","Battle Trance"],"picked":"Offering","floor":30},{"not_picked":["Body Slam","Anger","Thunderclap"],"picked":"SKIP","floor":31},{"not_picked":[],"picked":"Pummel+1","floor":35},{"not_picked":[],"picked":"Havoc+1","floor":36},{"not_picked":[],"picked":"Good Instincts","floor":37},{"not_picked":["Armaments"],"picked":"SKIP","floor":44},{"not_picked":[],"picked":"True Grit+1","floor":45}],"player_experience":567513,"relics_obtained":[{"floor":6,"key":"Ginger"},{"floor":8,"key":"Red Skull"},{"floor":9,"key":"Bag of Preparation"},{"floor":12,"key":"Bronze Scales"},{"floor":20,"key":"Red Mask"},{"floor":23,"key":"Ancient Tea Set"},{"floor":25,"key":"PreservedInsect"},{"floor":26,"key":"The Courier"},{"floor":30,"key":"Paper Frog"},{"floor":43,"key":"Lantern"},{"floor":45,"key":"Meat on the Bone"},{"floor":47,"key":"Girya"}],"event_choices":[{"damage_healed":0,"gold_gain":0,"player_choice":"Got Potions","damage_taken":0,"max_hp_gain":0,"max_hp_loss":0,"event_name":"Lab","floor":3,"gold_loss":0},{"damage_healed":0,"gold_gain":0,"player_choice":"Donut","damage_taken":0,"max_hp_gain":5,"max_hp_loss":0,"event_name":"Big Fish","floor":11,"gold_loss":0},{"damage_healed":0,"gold_gain":0,"player_choice":"Grow","damage_taken":0,"max_hp_gain":0,"max_hp_loss":0,"event_name":"Living Wall","floor":14,"gold_loss":0,"cards_upgraded":["Inflame"]},{"damage_healed":0,"gold_gain":0,"player_choice":"Fought Bandits","damage_taken":0,"max_hp_gain":0,"max_hp_loss":0,"event_name":"Masked Bandits","floor":20,"gold_loss":0},{"damage_healed":0,"gold_gain":0,"player_choice":"Ignored","damage_taken":0,"max_hp_gain":0,"max_hp_loss":0,"event_name":"Ghosts","floor":22,"gold_loss":0},{"damage_healed":0,"gold_gain":0,"player_choice":"Memory 3","damage_taken":10,"max_hp_gain":0,"max_hp_loss":0,"event_name":"SensoryStone","floor":37,"gold_loss":0},{"cards_removed":["Strike_R"],"damage_healed":0,"gold_gain":0,"player_choice":"Removed Attack","damage_taken":0,"max_hp_gain":0,"max_hp_loss":0,"event_name":"Falling","floor":39,"gold_loss":0},{"damage_healed":0,"gold_gain":222,"player_choice":"Wore Mask","damage_taken":0,"max_hp_gain":0,"max_hp_loss":0,"event_name":"Tomb of Lord Red Mask","floor":41,"gold_loss":0},{"damage_healed":0,"gold_gain":0,"player_choice":"Embrace Madness","damage_taken":11,"max_hp_gain":0,"max_hp_loss":0,"event_name":"Winding Halls","floor":42,"gold_loss":0,"cards_obtained":["Madness","Madness"]},{"damage_healed":0,"gold_gain":0,"player_choice":"Fight","damage_taken":0,"max_hp_gain":0,"max_hp_loss":0,"event_name":"Mysterious Sphere","floor":47,"gold_loss":0}],"is_beta":false,"boss_relics":[{"not_picked":["Black Blood","Coffee Dripper"],"picked":"Empty Cage"},{"not_picked":["White Beast Statue","Orrery"],"picked":"Busted Crown"}],"items_purged_floors":[38,48],"is_endless":false,"potions_floor_spawned":[6,7,10,12,18,23,28,30,31,35,47],"ascension_level":3}