{"gold_per_floor":[219,66,80,94,111,142,142,196,196,196,215,241,259,274,274,375,375,393,393,2,21,32,32,58,70,70,0,0,33,33,45,45,148,148,168,185,195,212,267,267,300,327,327,327,48,48,48,64,64,64,64,64,16,45,45],"floor_reached":55,"playtime":3779,"items_purged":[],"score":785,"play_id":"82f67106-1788-48ed-af27-8d7b682321d3","local_time":"20190710024143","is_ascension_mode":true,"campfire_choices":[{"floor":7.0,"key":"RECALL"},{"data":"Catalyst","floor":10.0,"key":"SMITH"},{"floor":15.0,"key":"DIG"},{"floor":23,"key":"DIG"},{"floor":28,"key":"DIG"},{"floor":32,"key":"REST"},{"floor":40,"key":"DIG"},{"floor":44,"key":"DIG"},{"floor":46,"key":"DIG"},{"floor":49,"key":"DIG"},{"floor":52,"key":"DIG"}],"neow_cost":"NONE","seed_source_timestamp":0,"circlet_count":0,"master_deck":["Strike_G+1","Strike_G+1","Strike_G+1","Strike_G+1","Strike_G+1","Defend_G+1","Defend_G+1","Defend_G+1","Defend_G+1","Defend_G+1","Survivor","Neutralize+1","Blur","Noxious Fumes","Catalyst+1","Dash","Cloak And Dagger","Sucker Punch+1","Catalyst","Cloak And Dagger","Poisoned Stab","PiercingWail","Backflip","Envenom","Footwork+1","Calculated Gamble","Poisoned Stab+1","PiercingWail","After Image","Crippling Poison+1","Decay","Adrenaline","Parasite","PiercingWail","Terror+1","Tools of the Trade+1","Envenom+1","Poisoned Stab+1","Malaise"],"special_seed":0,"relics":["Ring of the Snake","Oddly Smooth Stone","Mercury Hourglass","Shovel","Blue Candle","Eternal Feather","TheAbacus","Orichalcum","Bird Faced Urn","Happy Flower","Centennial Puzzle","Frozen Egg 2","Fusion Hammer","Ginger","Boot","Gremlin Horn","Bronze Scales","Question Card","Art of War","Blood Vial","Bag of Preparation","Whetstone","Mummified Hand","Bottled Tornado"],"potions_floor_usage":[24,24,25,29,33,41,50,54,55],"damage_taken":[{"damage":0.0,"enemies":"Jaw Worm","floor":1.0,"turns":5.0},{"damage":0.0,"enemies":"Small Slimes","floor":3.0,"turns":4.0},{"damage":1.0,"enemies":"Cultist","floor":4.0,"turns":4.0},{"damage":6.0,"enemies":"3 Louse","floor":5.0,"turns":4.0},{"damage":8.0,"enemies":"3 Sentries","floor":6.0,"turns":10.0},{"damage":0.0,"enemies":"Blue Slaver","floor":11.0,"turns":4.0},{"damage":27.0,"enemies":"Gremlin Nob","floor":12.0,"turns":6.0},{"damage":0.0,"enemies":"Looter","floor":13.0,"turns":2.0},{"damage":0.0,"enemies":"Lots of Slimes","floor":14.0,"turns":3.0},{"damage":6.0,"enemies":"Hexaghost","floor":16.0,"turns":7.0},{"damage":0,"enemies":"Shell Parasite","floor":18,"turns":8},{"damage":0,"enemies":"Spheric Guardian","floor":21,"turns":6},{"damage":0,"enemies":"Centurion and Healer","floor":22,"turns":9},{"damage":3,"enemies":"Book of Stabbing","floor":24,"turns":8},{"damage":5,"enemies":"Snecko","floor":25,"turns":4},{"damage":49,"enemies":"Slavers","floor":29,"turns":7},{"damage":11,"enemies":"Sentry and Sphere","floor":31,"turns":6},{"damage":18,"enemies":"Automaton","floor":33,"turns":9},{"damage":4,"enemies":"3 Shapes","floor":35,"turns":6},{"damage":3,"enemies":"Orb Walker","floor":36,"turns":4},{"damage":1,"enemies":"Writhing Mass","floor":37,"turns":5},{"damage":2,"enemies":"Jaw Worm Horde","floor":38,"turns":4},{"damage":23,"enemies":"2 Orb Walkers","floor":39,"turns":6},{"damage":24,"enemies":"Giant Head","floor":41,"turns":9},{"damage":1,"enemies":"Transient","floor":48,"turns":5},{"damage":24,"enemies":"Awakened One","floor":50,"turns":13},{"damage":26,"enemies":"Shield and Spear","floor":54,"turns":7},{"damage":64,"enemies":"The Heart","floor":55,"turns":6}],"seed_played":"-8245439110373692838","potions_obtained":[{"floor":4.0,"key":"Weak Potion"},{"floor":6.0,"key":"SpeedPotion"},{"floor":12.0,"key":"Poison Potion"},{"floor":14.0,"key":"Regen Potion"},{"floor":16.0,"key":"PowerPotion"},{"floor":21,"key":"GhostInAJar"},{"floor":22,"key":"Explosive Potion"},{"floor":24,"key":"Regen Potion"},{"floor":29,"key":"FearPotion"},{"floor":36,"key":"FearPotion"},{"floor":37,"key":"GamblersBrew"},{"floor":48,"key":"Energy Potion"}],"is_trial":false,"path_per_floor":["M","$","M","M","M","E","R","?","T","R","M","E","M","M","R","B",null,"M","?","$","M","M","R","E","M","T","?","R","E","?","M","R","B",null,"M","M","M","M","?","R","E","T","T","R","$","R","?","M","R","B",null,"R","$","E","B"],"character_chosen":"THE_SILENT","items_purchased":["Noxious Fumes","Catalyst","TheAbacus","Orichalcum","Calculated Gamble","Blood Vial","Envenom+1","Energy Potion"],"campfire_rested":1,"item_purchase_floors":[2,2,20,20,20,45,45,53],"current_hp_per_floor":[70,70,70,69,63,55,55,55,55,55,55,28,28,28,28,37,70,70,70,70,70,70,70,67,70,70,70,70,27,27,22,61,47,70,69,66,69,70,47,68,48,48,48,69,69,70,63,70,70,52,70,70,70,50,0],"gold":45,"neow_bonus":"HUNDRED_GOLD","is_prod":false,"is_daily":false,"chose_seed":false,"campfire_upgraded":1,"win_rate":0,"timestamp":1562740903,"path_taken":["M","$","M","M","M","E","R","?","T","R","M","E","M","M","R","BOSS","M","?","$","M","M","R","E","M","T","?","R","E","?","M","R","BOSS","M","M","M","M","?","R","E","?","T","R","$","R","?","?","R","BOSS","R","$","E","BOSS"],"build_version":"2019-07-05","purchased_purges":0,"victory":false,"max_hp_per_floor":[70,70,70,70,70,70,70,70,70,70,70,70,70,70,70,70,70,70,70,70,70,70,70,70,70,70,70,70,70,70,70,70,70,70,70,70,70,70,70,70,70,70,70,70,70,70,70,70,70,70,70,70,70,70,70],"card_choices":[{"not_picked":["Prepared","Distraction"],"picked":"Blur","floor":1.0},{"not_picked":["Setup","Terror"],"picked":"Dash","floor":3.0},{"not_picked":["Slice","Flechettes"],"picked":"Cloak And Dagger","floor":4.0},{"not_picked":["Backflip","Escape Plan"],"picked":"Sucker Punch","floor":5.0},{"not_picked":["Blur","Endless Agony"],"picked":"Catalyst","floor":6.0},{"not_picked":["Well Laid Plans","Flying Knee"],"picked":"Cloak And Dagger","floor":11.0},{"not_picked":["Dash","A Thousand Cuts"],"picked":"Poisoned Stab","floor":12.0},{"not_picked":["Acrobatics","Dodge and Roll"],"picked":"PiercingWail","floor":13.0},{"not_picked":["Quick Slash","Masterful Stab"],"picked":"Backflip","floor":14.0},{"not_picked":["Night Terror","Venomology"],"picked":"Envenom","floor":16.0},{"not_picked":["Poisoned Stab+1","Sucker Punch"],"picked":"Footwork+1","floor":18},{"not_picked":["Choke","Deflect","Accuracy"],"picked":"SKIP","floor":21},{"not_picked":["Deadly Poison","Dagger Spray"],"picked":"Poisoned Stab+1","floor":22},{"not_picked":["Calculated Gamble","Outmaneuver"],"picked":"PiercingWail","floor":24},{"not_picked":["Predator+1","Masterful Stab+1"],"picked":"After Image","floor":25},{"not_picked":["Deadly Poison+1","Blade Dance"],"picked":"Crippling Poison+1","floor":29},{"not_picked":["Expertise","Predator","Deadly Poison"],"picked":"SKIP","floor":31},{"not_picked":["Malaise","Venomology"],"picked":"Adrenaline","floor":33},{"not_picked":["Outmaneuver+1","Riddle With Holes","Dagger Spray+1"],"picked":"SKIP","floor":35},{"not_picked":["Underhanded Strike","Caltrops+1","Masterful Stab+1"],"picked":"SKIP","floor":36},{"not_picked":["Prepared","Tactician+1"],"picked":"PiercingWail","floor":37},{"not_picked":["Blade Dance","Outmaneuver+1"],"picked":"Terror+1","floor":38},{"not_picked":["Bane","Cloak And Dagger+1"],"picked":"Tools of the Trade+1","floor":41},{"not_picked":["Skewer+1","Dodge and Roll+1","Acrobatics+1"],"picked":"Poisoned Stab+1","floor":48},{"not_picked":["Reflex+1","Prepared","Tools of the Trade+1"],"picked":"Malaise","floor":54}],"player_experience":212977,"relics_obtained":[{"floor":6.0,"key":"Oddly Smooth Stone"},{"floor":9.0,"key":"Mercury Hourglass"},{"floor":12.0,"key":"Shovel"},{"floor":15.0,"key":"Blue Candle"},{"floor":23,"key":"Bird Faced Urn"},{"floor":24,"key":"Happy Flower"},{"floor":28,"key":"Centennial Puzzle"},{"floor":29,"key":"Frozen Egg 2"},{"floor":39,"key":"Ginger"},{"floor":40,"key":"Boot"},{"floor":41,"key":"Gremlin Horn"},{"floor":42,"key":"Bronze Scales"},{"floor":43,"key":"Question Card"},{"floor":44,"key":"Art of War"},{"floor":46,"key":"Bag of Preparation"},{"floor":49,"key":"Whetstone"},{"floor":52,"key":"Mummified Hand"},{"floor":54,"key":"Bottled Tornado"}],"event_choices":[{"damage_healed":0.0,"max_hp_gain":0.0,"max_hp_loss":0.0,"gold_gain":54.0,"event_name":"Golden Wing","player_choice":"Gained Gold","floor":8.0,"gold_loss":0.0,"damage_taken":0.0},{"damage_healed":0,"gold_gain":0,"player_choice":"Simplicity","damage_taken":0,"max_hp_gain":0,"max_hp_loss":0,"event_name":"Back to Basics","floor":19,"gold_loss":0,"cards_upgraded":["Strike_G","Strike_G","Strike_G","Strike_G","Strike_G","Defend_G","Defend_G","Defend_G","Defend_G","Defend_G"]},{"damage_healed":0,"gold_gain":0,"player_choice":"Paid Fearfully","damage_taken":0,"max_hp_gain":0,"max_hp_loss":0,"event_name":"Masked Bandits","floor":27,"gold_loss":70},{"damage_healed":0,"gold_gain":0,"player_choice":"Smashed Altar","damage_taken":0,"max_hp_gain":0,"max_hp_loss":0,"event_name":"Forgotten Altar","floor":30,"gold_loss":0,"cards_obtained":["Decay"]},{"damage_healed":0,"gold_gain":0,"player_choice":"Fight","damage_taken":0,"max_hp_gain":0,"max_hp_loss":0,"event_name":"Mysterious Sphere","floor":39,"gold_loss":0},{"damage_healed":0,"gold_gain":0,"player_choice":"Damaged","damage_taken":7,"max_hp_gain":0,"max_hp_loss":0,"event_name":"Wheel of Change","floor":47,"gold_loss":0}],"is_beta":false,"boss_relics":[{"not_picked":["Snecko Eye","Empty Cage"],"picked":"Eternal Feather"},{"not_picked":["Cursed Key","HoveringKite"],"picked":"Fusion Hammer"}],"items_purged_floors":[],"is_endless":false,"potions_floor_spawned":[4,6,12,14,16,21,22,24,29,36,37,48],"killed_by":"The Heart","ascension_level":1}