{"gold_per_floor":[117,134,152,152,4,4,36,36,36,46,46,71,92,105,105,209,209,226,226,226,226,238,238,251,251,323,342,354,21,21,32,32,127,127,140,140,160,84,101,101,116,0,54,5,19,19,19,19,19,19],"floor_reached":50,"playtime":1885,"items_purged":[],"score":502,"play_id":"16736e50-99fc-4617-9a2d-ca36cbc265d6","local_time":"20190715175536","is_ascension_mode":false,"campfire_choices":[{"data":"Infernal Blade","floor":6,"key":"SMITH"},{"data":"Double Tap","floor":8,"key":"SMITH"},{"data":"Iron Wave","floor":15,"key":"SMITH"},{"floor":23,"key":"REST"},{"floor":32,"key":"REST"},{"data":"Metamorphosis","floor":40,"key":"SMITH"},{"data":"Searing Blow+1","floor":49,"key":"SMITH"}],"neow_cost":"PERCENT_DAMAGE","seed_source_timestamp":36827359668830,"circlet_count":0,"master_deck":["Strike_R","Strike_R","Strike_R","Strike_R","Defend_R","Defend_R","Defend_R","Bash","Double Tap+1","Cleave","Anger","Infernal Blade+1","Fire Breathing","Uppercut","Entrench","Iron Wave+1","Spot Weakness","Immolate+1","Whirlwind+1","Flash of Steel","Armaments+1","Twin Strike+1","Writhe","Metamorphosis+1","Rage","Impervious","Cleave+1","Feel No Pain","Seeing Red","Second Wind+1","Searing Blow+2","Good Instincts"],"relics":["Black Blood","PreservedInsect","Dodecahedron","Gremlin Horn","Juzu Bracelet","Happy Flower","Odd Mushroom","Mark of Pain","Nilry\u0027s Codex","Potion Belt","Bottled Lightning","Whetstone","Red Mask","Anchor","Kunai"],"potions_floor_usage":[12,16,22,22,33,35,45,50],"damage_taken":[{"damage":1,"enemies":"Cultist","floor":1,"turns":3},{"damage":5,"enemies":"2 Louse","floor":2,"turns":3},{"damage":2,"enemies":"Small Slimes","floor":3,"turns":3},{"damage":12,"enemies":"3 Sentries","floor":7,"turns":5},{"damage":12,"enemies":"Blue Slaver","floor":10,"turns":2},{"damage":0,"enemies":"Gremlin Nob","floor":12,"turns":2},{"damage":16,"enemies":"The Mushroom Lair","floor":13,"turns":3},{"damage":9,"enemies":"3 Louse","floor":14,"turns":4},{"damage":37,"enemies":"The Guardian","floor":16,"turns":8},{"damage":15,"enemies":"2 Thieves","floor":18,"turns":2},{"damage":0,"enemies":"Shell Parasite","floor":22,"turns":2},{"damage":10,"enemies":"Snecko","floor":24,"turns":3},{"damage":0,"enemies":"Sentry and Sphere","floor":27,"turns":3},{"damage":19,"enemies":"Chosen and Byrds","floor":28,"turns":5},{"damage":11,"enemies":"Snecko","floor":31,"turns":5},{"damage":25,"enemies":"Collector","floor":33,"turns":7},{"damage":9,"enemies":"3 Darklings","floor":35,"turns":2},{"damage":34,"enemies":"Orb Walker","floor":37,"turns":4},{"damage":13,"enemies":"Sphere and 2 Shapes","floor":39,"turns":3},{"damage":72,"enemies":"Spire Growth","floor":41,"turns":6},{"damage":0,"enemies":"Jaw Worm Horde","floor":45,"turns":2},{"damage":76,"enemies":"Donu and Deca","floor":50,"turns":5}],"seed_played":"-3861540347236850376","potions_obtained":[{"floor":3,"key":"FairyPotion"},{"floor":10,"key":"BloodPotion"},{"floor":12,"key":"Regen Potion"},{"floor":13,"key":"Fire Potion"},{"floor":16,"key":"Block Potion"},{"floor":22,"key":"FearPotion"},{"floor":33,"key":"Explosive Potion"},{"floor":41,"key":"FearPotion"}],"is_trial":false,"path_per_floor":["M","M","M","?","$","R","E","R","T","M","?","E","?","M","R","B",null,"M","?","?","?","M","R","M","?","T","M","M","$","$","M","R","B",null,"M","?","M","$","M","R","M","?","T","$","M","?","?","T","R","B"],"character_chosen":"IRONCLAD","items_purchased":["PreservedInsect","Metamorphosis","Whetstone","Seeing Red","Strength Potion"],"campfire_rested":2,"item_purchase_floors":[5,29,29,38,44],"current_hp_per_floor":[61,62,66,66,66,66,60,60,60,54,42,68,58,55,55,39,80,71,56,40,24,30,55,51,51,51,57,44,44,44,39,64,45,85,85,85,61,61,58,58,18,18,18,18,28,28,74,74,74,0],"gold":19,"neow_bonus":"THREE_RARE_CARDS","is_prod":false,"is_daily":false,"chose_seed":false,"campfire_upgraded":5,"win_rate":0.0,"timestamp":1563227736,"path_taken":["M","M","?","?","$","R","E","R","T","M","?","E","?","M","R","BOSS","M","?","?","?","M","R","M","?","T","M","M","?","$","M","R","BOSS","M","?","M","$","M","R","M","?","T","?","M","?","?","?","R","BOSS"],"build_version":"2019-07-05","purchased_purges":0,"victory":false,"max_hp_per_floor":[80,80,80,80,80,80,80,80,80,80,80,80,80,80,80,80,80,80,85,85,85,85,85,85,85,85,85,85,85,85,85,85,85,85,85,85,85,85,85,85,85,85,85,85,85,85,74,74,74,74],"card_choices":[{"not_picked":["Impervious","Dark Embrace"],"picked":"Double Tap","floor":0},{"not_picked":["Warcry","Wild Strike"],"picked":"Cleave","floor":1},{"not_picked":["Wild Strike","Sword Boomerang"],"picked":"Anger","floor":2},{"not_picked":["Shockwave","Intimidate"],"picked":"Infernal Blade","floor":3},{"not_picked":["Power Through","Offering"],"picked":"Uppercut","floor":7},{"not_picked":["Intimidate","Wild Strike"],"picked":"Entrench","floor":10},{"not_picked":["Clash","Hemokinesis"],"picked":"Iron Wave","floor":12},{"not_picked":["Dropkick","Wild Strike"],"picked":"Spot Weakness","floor":13},{"not_picked":["Pommel Strike","Anger","Clash"],"picked":"SKIP","floor":14},{"not_picked":["Barricade","Reaper"],"picked":"Immolate","floor":16},{"not_picked":["Iron Wave","True Grit"],"picked":"Whirlwind","floor":18},{"not_picked":["Flame Barrier","Uppercut"],"picked":"Armaments+1","floor":22},{"not_picked":["Rupture","Bloodletting"],"picked":"Twin Strike+1","floor":24},{"not_picked":["Cleave","Armaments+1","Clothesline"],"picked":"SKIP","floor":27},{"not_picked":["Corruption","Pommel Strike","True Grit"],"picked":"SKIP","floor":28},{"not_picked":["Blood for Blood","Iron Wave"],"picked":"Rage","floor":31},{"not_picked":["Brutality","Berserk"],"picked":"Impervious","floor":33},{"not_picked":["Warcry+1","Wild Strike+1"],"picked":"Cleave+1","floor":35},{"not_picked":["Pummel+1","Hemokinesis"],"picked":"Feel No Pain","floor":37},{"not_picked":["Body Slam+1","Anger"],"picked":"Second Wind+1","floor":39},{"not_picked":["Armaments","Twin Strike+1","Headbutt"],"picked":"SKIP","floor":41},{"not_picked":["Cleave","Shrug It Off"],"picked":"Searing Blow+1","floor":45},{"not_picked":["Purity","Panacea"],"picked":"Good Instincts","floor":46}],"player_experience":58893,"relics_obtained":[{"floor":7,"key":"Dodecahedron"},{"floor":9,"key":"Gremlin Horn"},{"floor":12,"key":"Happy Flower"},{"floor":13,"key":"Odd Mushroom"},{"floor":21,"key":"Nilry\u0027s Codex"},{"floor":26,"key":"Bottled Lightning"},{"floor":43,"key":"Anchor"},{"floor":48,"key":"Kunai"}],"event_choices":[{"damage_healed":0,"gold_gain":0,"cards_transformed":["Strike_R"],"player_choice":"Change","damage_taken":0,"max_hp_gain":0,"max_hp_loss":0,"event_name":"Living Wall","floor":4,"gold_loss":0,"cards_obtained":["Fire Breathing"]},{"damage_healed":0,"gold_gain":0,"player_choice":"Success","damage_taken":12,"relics_obtained":["Juzu Bracelet"],"max_hp_gain":0,"max_hp_loss":0,"event_name":"Scrap Ooze","floor":11,"gold_loss":0},{"damage_healed":0,"gold_gain":0,"player_choice":"Fought Mushrooms","damage_taken":0,"max_hp_gain":0,"max_hp_loss":0,"event_name":"Mushrooms","floor":13,"gold_loss":0},{"damage_healed":0,"gold_gain":0,"player_choice":"Shed Blood","damage_taken":20,"max_hp_gain":5,"max_hp_loss":0,"event_name":"Forgotten Altar","floor":19,"gold_loss":0},{"damage_healed":0,"gold_gain":0,"player_choice":"CARD ","damage_taken":16,"max_hp_gain":0,"max_hp_loss":0,"event_name":"Knowing Skull","floor":20,"potions_obtained":[],"gold_loss":0,"cards_obtained":["Flash of Steel"]},{"damage_healed":0,"gold_gain":0,"player_choice":"Obtained Book","damage_taken":16,"max_hp_gain":0,"max_hp_loss":0,"event_name":"Cursed Tome","floor":21,"gold_loss":0},{"damage_healed":0,"gold_gain":0,"player_choice":"Opened","damage_taken":0,"relics_obtained":["Potion Belt"],"max_hp_gain":0,"max_hp_loss":0,"event_name":"The Mausoleum","floor":25,"gold_loss":0,"cards_obtained":["Writhe"]},{"cards_removed":["Defend_R"],"damage_healed":0,"gold_gain":0,"player_choice":"Removed Skill","damage_taken":0,"max_hp_gain":0,"max_hp_loss":0,"event_name":"Falling","floor":36,"gold_loss":0},{"damage_healed":0,"gold_gain":0,"player_choice":"Paid","damage_taken":0,"relics_obtained":["Red Mask"],"max_hp_gain":0,"max_hp_loss":0,"event_name":"Tomb of Lord Red Mask","floor":42,"gold_loss":116},{"damage_healed":0,"gold_gain":0,"player_choice":"Memory 1","damage_taken":0,"max_hp_gain":0,"max_hp_loss":0,"event_name":"SensoryStone","floor":46,"gold_loss":0},{"damage_healed":74,"gold_gain":0,"player_choice":"Heal","damage_taken":0,"max_hp_gain":0,"max_hp_loss":11,"event_name":"The Moai Head","floor":47,"gold_loss":0}],"is_beta":false,"boss_relics":[{"not_picked":["Sozu","Lizard Tail"],"picked":"Mark of Pain"},{"not_picked":["Empty Cage","Runic Pyramid"],"picked":"Black Blood"}],"items_purged_floors":[],"is_endless":false,"potions_floor_spawned":[3,10,12,13,14,16,18,22,33,41],"killed_by":"Donu and Deca","ascension_level":0}