{"gold_per_floor":[119,30,105,125,136,136,171,171,219,219,219,219,219,237,237,310,310,323,323,334,362,380,380,50,75,75,94,94,94,94,108,108,181,181,194,206,22,38,49,49,77,77,123,345,361,361,380,393,393,393,393],"floor_reached":51,"playtime":3854,"items_purged":["Pain","Strike_G"],"score":1444,"play_id":"2ff5a3d5-27e1-4d90-b85e-0292df5a0ec2","local_time":"20190502210731","is_ascension_mode":true,"campfire_choices":[{"data":"Neutralize","floor":6,"key":"SMITH"},{"data":"Dagger Spray","floor":8,"key":"SMITH"},{"floor":10,"key":"REST"},{"floor":15,"key":"REST"},{"floor":23,"key":"REST"},{"data":"Cloak And Dagger","floor":28,"key":"SMITH"},{"data":"Well Laid Plans","floor":30,"key":"SMITH"},{"floor":32,"key":"REST"},{"data":"After Image","floor":40,"key":"SMITH"},{"floor":46,"key":"RECALL"},{"floor":49,"key":"REST"}],"neow_cost":"NONE","seed_source_timestamp":237355805736943,"circlet_count":0,"master_deck":["AscendersBane","Defend_G","Defend_G","Defend_G","Defend_G","Defend_G","Strike_G","Strike_G","Survivor","Neutralize+1","Footwork","Dagger Spray+1","Dagger Throw","After Image+1","Corpse Explosion","Backflip","PiercingWail","Calculated Gamble","Footwork","Well Laid Plans+1","Cloak And Dagger+1","After Image","Dodge and Roll+1","Malaise","Backflip","Infinite Blades","Backflip"],"relics":["Ring of the Snake","Bronze Scales","Ancient Tea Set","Bag of Marbles","Empty Cage","WarpedTongs","Red Mask","ClockworkSouvenir","Turnip","Kunai","Busted Crown","Potion Belt"],"potions_floor_usage":[1,7,16,33,35,41],"damage_taken":[{"damage":4,"enemies":"Jaw Worm","floor":1,"turns":6},{"damage":0,"enemies":"2 Louse","floor":4,"turns":4},{"damage":0,"enemies":"Small Slimes","floor":5,"turns":3},{"damage":22,"enemies":"Gremlin Nob","floor":7,"turns":4},{"damage":0,"enemies":"2 Fungi Beasts","floor":14,"turns":2},{"damage":13,"enemies":"Hexaghost","floor":16,"turns":12},{"damage":17,"enemies":"Spheric Guardian","floor":18,"turns":6},{"damage":1,"enemies":"3 Byrds","floor":20,"turns":2},{"damage":12,"enemies":"Masked Bandits","floor":21,"turns":3},{"damage":9,"enemies":"Centurion and Healer","floor":22,"turns":8},{"damage":12,"enemies":"Book of Stabbing","floor":25,"turns":7},{"damage":0,"enemies":"Chosen and Byrds","floor":27,"turns":7},{"damage":0,"enemies":"Snake Plant","floor":31,"turns":5},{"damage":0,"enemies":"Champ","floor":33,"turns":20},{"damage":0,"enemies":"Orb Walker","floor":35,"turns":4},{"damage":0,"enemies":"3 Shapes","floor":36,"turns":7},{"damage":14,"enemies":"Writhing Mass","floor":38,"turns":10},{"damage":7,"enemies":"4 Shapes","floor":39,"turns":9},{"damage":21,"enemies":"Reptomancer","floor":41,"turns":10},{"damage":0,"enemies":"Spire Growth","floor":45,"turns":7},{"damage":0,"enemies":"Writhing Mass","floor":47,"turns":9},{"damage":0,"enemies":"3 Darklings","floor":48,"turns":6},{"damage":13,"enemies":"Donu and Deca","floor":50,"turns":16},{"damage":9,"enemies":"Time Eater","floor":51,"turns":3}],"seed_played":"-1579835788456669025","potions_obtained":[{"floor":0,"key":"Strength Potion"},{"floor":0,"key":"AttackPotion"},{"floor":1,"key":"Swift Potion"},{"floor":14,"key":"GhostInAJar"},{"floor":18,"key":"FearPotion"},{"floor":22,"key":"Fire Potion"},{"floor":31,"key":"AttackPotion"},{"floor":33,"key":"Fire Potion"},{"floor":36,"key":"Dexterity Potion"},{"floor":38,"key":"PowerPotion"},{"floor":45,"key":"AttackPotion"}],"is_trial":false,"path_per_floor":["M","$","?","M","M","R","E","R","T","R","?","?","?","M","R","B",null,"M","?","M","?","M","R","$","E","T","M","R","?","R","M","R","B",null,"M","M","$","M","M","R","E","?","T","?","M","R","M","M","R","B","B"],"character_chosen":"THE_SILENT","items_purchased":["Footwork","Well Laid Plans","ClockworkSouvenir","GhostInAJar"],"campfire_rested":5,"item_purchase_floors":[2,24,24,37],"current_hp_per_floor":[55,55,44,44,44,44,22,22,22,41,6,6,6,6,25,12,53,36,36,35,23,14,33,33,21,21,21,21,21,21,21,40,40,60,60,60,60,46,39,39,18,18,18,18,18,18,18,18,37,24,15],"gold":393,"neow_bonus":"THREE_SMALL_POTIONS","is_prod":false,"is_daily":false,"chose_seed":false,"campfire_upgraded":5,"win_rate":0,"timestamp":1556845651,"path_taken":["M","$","?","M","M","R","E","R","T","R","?","?","?","M","R","BOSS","M","?","?","?","M","R","$","E","T","M","R","?","R","M","R","BOSS","M","M","$","?","M","R","E","?","T","?","M","R","M","M","R","BOSS","BOSS"],"build_version":"2019-01-23","purchased_purges":2,"victory":false,"max_hp_per_floor":[66,66,66,66,66,66,66,66,66,66,66,66,66,66,66,66,66,66,66,66,66,66,66,66,66,66,66,66,66,66,66,66,66,66,66,66,66,66,66,66,66,66,66,66,66,66,66,66,66,66,66],"card_choices":[{"not_picked":["Prepared","Cloak And Dagger"],"picked":"Poisoned Stab","floor":1},{"not_picked":["Acrobatics","Reflex"],"picked":"Dagger Spray","floor":4},{"not_picked":["Expertise","Outmaneuver"],"picked":"Dagger Throw","floor":5},{"not_picked":["Backstab","Concentrate"],"picked":"After Image","floor":7},{"not_picked":["Slice","Quick Slash","Bane"],"picked":"SKIP","floor":14},{"not_picked":["Adrenaline","Phantasmal Killer"],"picked":"Corpse Explosion","floor":16},{"not_picked":["Choke","Sucker Punch+1"],"picked":"Backflip","floor":18},{"not_picked":["Acrobatics","Dagger Throw"],"picked":"PiercingWail","floor":20},{"not_picked":["Cloak And Dagger","Blade Dance+1"],"picked":"Calculated Gamble","floor":21},{"not_picked":["Bane","Dagger Spray"],"picked":"Footwork","floor":22},{"not_picked":["Finisher","Corpse Explosion","Poisoned Stab"],"picked":"SKIP","floor":25},{"not_picked":["Crippling Poison","Heel Hook"],"picked":"Cloak And Dagger","floor":27},{"not_picked":["Prepared","Sucker Punch+1"],"picked":"Dodge and Roll+1","floor":31},{"not_picked":["Doppelganger","Tools of the Trade"],"picked":"Malaise","floor":33},{"not_picked":[],"picked":"Backflip","floor":35},{"not_picked":["Deflect"],"picked":"SKIP","floor":36},{"not_picked":["Finisher"],"picked":"SKIP","floor":38},{"not_picked":["Dagger Spray+1"],"picked":"SKIP","floor":39},{"not_picked":[],"picked":"Infinite Blades","floor":41},{"not_picked":[],"picked":"Backflip","floor":45},{"not_picked":["Prepared"],"picked":"SKIP","floor":47},{"not_picked":["Tactician"],"picked":"SKIP","floor":48}],"player_experience":1128362,"relics_obtained":[{"floor":7,"key":"Bronze Scales"},{"floor":9,"key":"Ancient Tea Set"},{"floor":21,"key":"Red Mask"},{"floor":25,"key":"Turnip"},{"floor":26,"key":"Kunai"},{"floor":41,"key":"Potion Belt"}],"event_choices":[{"damage_healed":0,"gold_gain":75,"player_choice":"Gather Gold","damage_taken":11,"max_hp_gain":0,"max_hp_loss":0,"event_name":"World of Goop","floor":3,"gold_loss":0},{"damage_healed":0,"gold_gain":0,"player_choice":"Success","damage_taken":35,"relics_obtained":["Bag of Marbles"],"max_hp_gain":0,"max_hp_loss":0,"event_name":"Scrap Ooze","floor":11,"gold_loss":0},{"damage_healed":0,"gold_gain":0,"player_choice":"Ignored","damage_taken":0,"max_hp_gain":0,"max_hp_loss":0,"event_name":"Golden Wing","floor":12,"gold_loss":0},{"damage_healed":0,"gold_gain":0,"player_choice":"Ignored","damage_taken":0,"max_hp_gain":0,"max_hp_loss":0,"event_name":"Liars Game","floor":13,"gold_loss":0},{"damage_healed":0,"gold_gain":0,"player_choice":"Rummage","damage_taken":0,"relics_obtained":["WarpedTongs"],"max_hp_gain":0,"max_hp_loss":0,"event_name":"Accursed Blacksmith","floor":19,"gold_loss":0,"cards_obtained":["Pain"]},{"damage_healed":0,"gold_gain":0,"player_choice":"Fought Bandits","damage_taken":0,"max_hp_gain":0,"max_hp_loss":0,"event_name":"Masked Bandits","floor":21,"gold_loss":0},{"damage_healed":0,"gold_gain":0,"player_choice":"Copied","damage_taken":0,"max_hp_gain":0,"max_hp_loss":0,"event_name":"Duplicator","floor":29,"gold_loss":0,"cards_obtained":["After Image"]},{"cards_removed":["Poisoned Stab"],"damage_healed":0,"gold_gain":0,"player_choice":"Removed Attack","damage_taken":0,"max_hp_gain":0,"max_hp_loss":0,"event_name":"Falling","floor":42,"gold_loss":0},{"damage_healed":0,"gold_gain":222,"player_choice":"Wore Mask","damage_taken":0,"max_hp_gain":0,"max_hp_loss":0,"event_name":"Tomb of Lord Red Mask","floor":44,"gold_loss":0}],"is_beta":false,"boss_relics":[{"not_picked":["HoveringKite","Black Star"],"picked":"Empty Cage"},{"not_picked":["Astrolabe","Orrery"],"picked":"Busted Crown"}],"items_purged_floors":[24,37],"is_endless":false,"potions_floor_spawned":[1,5,14,18,20,22,31,33,36,38,45],"killed_by":"Time Eater","ascension_level":20}