{"gold_per_floor":[219,236,247,265,265,300,28,54,54,4,69,86,86,20,20,119,119,137,154,41,55,55,55],"floor_reached":23,"playtime":1317,"items_purged":["Strike_R","Defend_R","Defend_R"],"score":246,"play_id":"1506738b-ad57-4e63-823d-70213709a4f1","local_time":"20190721125548","is_ascension_mode":true,"campfire_choices":[{"floor":13.0,"key":"REST"},{"floor":15.0,"key":"REST"}],"neow_cost":"NONE","seed_source_timestamp":0,"circlet_count":0,"master_deck":["Defend_R","Defend_R","Bash","Sword Boomerang","Armaments","Flex+1","Reaper","Sword Boomerang","Juggernaut","Body Slam","Flex","Heavy Blade","Feel No Pain","Feel No Pain","Intimidate","Impervious","Burning Pact","Sever Soul","Infernal Blade","Bite","Bite","Bite","Bite","Bite"],"special_seed":0,"relics":["Burning Blood","Smiling Mask","Vajra","The Courier","Bird Faced Urn","Runic Cube"],"potions_floor_usage":[23,23],"damage_taken":[{"damage":4.0,"enemies":"Jaw Worm","floor":1.0,"turns":4.0},{"damage":7.0,"enemies":"Small Slimes","floor":2.0,"turns":3.0},{"damage":10.0,"enemies":"2 Louse","floor":3.0,"turns":3.0},{"damage":21.0,"enemies":"Exordium Wildlife","floor":4.0,"turns":4.0},{"damage":47.0,"enemies":"3 Sentries","floor":6.0,"turns":9.0},{"damage":16.0,"enemies":"Gremlin Nob","floor":8.0,"turns":4.0},{"damage":30.0,"enemies":"3 Sentries","floor":11.0,"turns":7.0},{"damage":14.0,"enemies":"3 Louse","floor":12.0,"turns":2.0},{"damage":47.0,"enemies":"Slime Boss","floor":16.0,"turns":11.0},{"damage":46.0,"enemies":"3 Byrds","floor":18.0,"turns":7.0},{"damage":25.0,"enemies":"Spheric Guardian","floor":19.0,"turns":6.0},{"damage":26.0,"enemies":"Snecko","floor":21.0,"turns":5.0},{"damage":64,"enemies":"Book of Stabbing","floor":23,"turns":5}],"seed_played":"-5504220092460833538","potions_obtained":[{"floor":2.0,"key":"LiquidBronze"},{"floor":4.0,"key":"Dexterity Potion"},{"floor":8.0,"key":"Fruit Juice"},{"floor":11.0,"key":"Dexterity Potion"},{"floor":12.0,"key":"Energy Potion"},{"floor":18.0,"key":"Swift Potion"},{"floor":21.0,"key":"Regen Potion"}],"is_trial":false,"path_per_floor":["M","M","M","M","?","E","$","E","T","$","?","M","R","$","R","B",null,"M","M","$","M","?","E"],"character_chosen":"IRONCLAD","items_purchased":["Juggernaut","Body Slam","Flex","Intimidate","Infernal Blade"],"campfire_rested":2,"item_purchase_floors":[7,7,7,14,20],"current_hp_per_floor":[80,79,75,60,44,27,27,29,29,29,28,20,45,45,70,44,85,56,48,48,32,32,0],"gold":55,"neow_bonus":"HUNDRED_GOLD","is_prod":false,"is_daily":false,"chose_seed":false,"campfire_upgraded":0,"win_rate":0,"timestamp":1563728148,"path_taken":["M","M","M","M","?","E","$","E","T","$","?","M","R","$","R","BOSS","M","M","$","M","?","E"],"build_version":"2019-07-17","purchased_purges":3,"victory":false,"max_hp_per_floor":[80,80,80,80,80,80,80,80,80,80,85,85,85,85,85,85,85,85,85,85,85,59,59],"card_choices":[{"not_picked":["Perfected Strike","Clash"],"picked":"Sword Boomerang","floor":1.0},{"not_picked":["Clothesline","Twin Strike"],"picked":"Armaments","floor":2.0},{"not_picked":["Thunderclap","Clothesline"],"picked":"Flex","floor":3.0},{"not_picked":["Twin Strike","Seeing Red"],"picked":"Reaper","floor":4.0},{"not_picked":["Twin Strike","Rage"],"picked":"Sword Boomerang","floor":6.0},{"not_picked":["Shrug It Off","Power Through"],"picked":"Heavy Blade","floor":8.0},{"not_picked":["Perfected Strike","Seeing Red"],"picked":"Feel No Pain","floor":11.0},{"not_picked":["Clothesline","Twin Strike"],"picked":"Feel No Pain","floor":12.0},{"not_picked":["Exhume","Barricade"],"picked":"Impervious","floor":16.0},{"not_picked":["Warcry","Clothesline+1"],"picked":"Burning Pact","floor":18.0},{"not_picked":["Thunderclap","Pommel Strike"],"picked":"Sever Soul","floor":19.0},{"not_picked":["Clash","Perfected Strike","Thunderclap"],"picked":"SKIP","floor":21.0}],"player_experience":277290,"relics_obtained":[{"floor":6.0,"key":"Smiling Mask"},{"floor":8.0,"key":"Vajra"},{"floor":9.0,"key":"The Courier"},{"floor":11.0,"key":"Bird Faced Urn"}],"event_choices":[{"damage_healed":0.0,"max_hp_gain":0.0,"max_hp_loss":0.0,"gold_gain":0.0,"event_name":"Shining Light","player_choice":"Entered Light","floor":5.0,"gold_loss":0.0,"damage_taken":16.0,"cards_upgraded":["Strike_R","Flex"]},{"damage_healed":0.0,"max_hp_gain":0.0,"max_hp_loss":0.0,"gold_gain":0.0,"event_name":"Dead Adventurer","player_choice":"Searched \u00271\u0027 times","floor":11.0,"gold_loss":0.0,"damage_taken":0.0},{"damage_healed":0.0,"max_hp_gain":0.0,"max_hp_loss":26.0,"gold_gain":0.0,"event_name":"Vampires","player_choice":"Became a vampire","floor":22.0,"gold_loss":0.0,"damage_taken":0.0,"cards_obtained":["Bite","Bite","Bite","Bite","Bite"]}],"is_beta":false,"boss_relics":[{"not_picked":["Eternal Feather","Cursed Key"],"picked":"Runic Cube"}],"items_purged_floors":[7,10,20],"is_endless":false,"potions_floor_spawned":[2,4,8,11,12,18,21],"killed_by":"Book of Stabbing","ascension_level":2}