{"gold_per_floor":[118,34,46,46,66,66,100,119,119,119,151,163,210,232,244,351,363,388,500,526,70,70,102,82,32,57,57,57,7,7,22,22,117,117,134,234,184,184,198,227,227,23,23,23,23,23,0,51,51,51],"floor_reached":51,"playtime":6784,"items_purged":["Strike_B","Strike_B","Strike_B","Pain","Shame","Strike_B"],"score":852,"play_id":"807d43a2-689f-4238-acd8-168f1c07b3df","local_time":"20190721095434","is_ascension_mode":true,"campfire_choices":[{"data":"Sunder","floor":6.0,"key":"SMITH"},{"data":"Zap","floor":10.0,"key":"SMITH"},{"data":"Doom and Gloom","floor":15.0,"key":"SMITH"},{"data":"Static Discharge","floor":27.0,"key":"SMITH"},{"data":"Capacitor","floor":30.0,"key":"SMITH"},{"floor":32.0,"key":"REST"},{"data":"Coolheaded","floor":41.0,"key":"SMITH"},{"data":"Static Discharge","floor":44.0,"key":"SMITH"},{"data":"Consume","floor":46.0,"key":"SMITH"},{"floor":49.0,"key":"REST"}],"neow_cost":"NONE","seed_source_timestamp":960448089926888,"circlet_count":0,"master_deck":["Defend_B","Defend_B","Defend_B","Defend_B","Zap+1","Dualcast","Consume+1","Sunder+1","Coolheaded+1","Doom and Gloom+1","Genetic Algorithm","Cold Snap","Hologram","Cold Snap","Electrodynamics","Coolheaded+1","Static Discharge+1","Capacitor+1","Mayhem","RitualDagger","Sweeping Beam+1","Turbo+1","Seek","Barrage+1","Conserve Battery+1","Skim+1","Static Discharge+1"],"special_seed":0,"relics":["Cracked Core","Smiling Mask","Bag of Marbles","Incense Burner","Ornamental Fan","MawBank","Dodecahedron","Cables","Cursed Key","Strange Spoon","Bottled Flame","Juzu Bracelet","Strawberry","Snecko Eye","Prayer Wheel","PreservedInsect","Red Mask","Pocketwatch"],"potions_floor_usage":[50],"damage_taken":[{"damage":0.0,"enemies":"2 Louse","floor":1.0,"turns":3.0},{"damage":5.0,"enemies":"Cultist","floor":3.0,"turns":4.0},{"damage":1.0,"enemies":"Small Slimes","floor":5.0,"turns":3.0},{"damage":20.0,"enemies":"Lagavulin","floor":7.0,"turns":7.0},{"damage":11.0,"enemies":"Looter","floor":8.0,"turns":3.0},{"damage":15.0,"enemies":"3 Sentries","floor":11.0,"turns":6.0},{"damage":15.0,"enemies":"Lagavulin","floor":13.0,"turns":4.0},{"damage":0.0,"enemies":"2 Fungi Beasts","floor":14.0,"turns":2.0},{"damage":10.0,"enemies":"Hexaghost","floor":16.0,"turns":8.0},{"damage":1.0,"enemies":"Shell Parasite","floor":18.0,"turns":2.0},{"damage":2.0,"enemies":"Spheric Guardian","floor":20.0,"turns":3.0},{"damage":24.0,"enemies":"Gremlin Leader","floor":23.0,"turns":9.0},{"damage":1.0,"enemies":"Snecko","floor":31.0,"turns":4.0},{"damage":6.0,"enemies":"Champ","floor":33.0,"turns":10.0},{"damage":0.0,"enemies":"Orb Walker","floor":35.0,"turns":2.0},{"damage":0.0,"enemies":"Mind Bloom Boss Battle","floor":36.0,"turns":4.0},{"damage":0.0,"enemies":"3 Darklings","floor":39.0,"turns":5.0},{"damage":1.0,"enemies":"Giant Head","floor":40.0,"turns":7.0},{"damage":13.0,"enemies":"2 Orb Walkers","floor":48.0,"turns":4.0},{"damage":31,"enemies":"Time Eater","floor":50,"turns":8}],"seed_played":"1444443827484138770","potions_obtained":[{"floor":3.0,"key":"SkillPotion"},{"floor":7.0,"key":"Swift Potion"},{"floor":8.0,"key":"Regen Potion"},{"floor":13.0,"key":"EssenceOfSteel"},{"floor":16.0,"key":"AttackPotion"},{"floor":23.0,"key":"GamblersBrew"},{"floor":24.0,"key":"PowerPotion"},{"floor":33.0,"key":"FearPotion"},{"floor":35.0,"key":"SkillPotion"}],"is_trial":false,"path_per_floor":["M","$","M","?","M","R","E","M","T","R","E","?","E","M","R","B",null,"M","?","M","$","?","E","?","$","T","R","?","$","R","M","R","B",null,"M","?","$","?","M","E","R","$","T","R","?","R","?","?","R","B",null],"character_chosen":"DEFECT","items_purchased":["Sunder","Capacitor","Mayhem","Strange Spoon","Static Discharge","Ancient Potion"],"campfire_rested":2,"item_purchase_floors":[2,21,21,21,42,42],"current_hp_per_floor":[68,68,63,63,62,62,42,31,31,31,31,28,13,13,13,3,57,56,56,54,54,48,24,24,24,24,24,31,31,31,30,54,48,74,74,74,74,74,74,73,73,73,73,73,73,73,73,60,78,47],"gold":51,"neow_bonus":"RANDOM_COMMON_RELIC","is_prod":false,"is_daily":false,"chose_seed":false,"campfire_upgraded":8,"win_rate":0,"timestamp":1563717274,"path_taken":["M","$","M","?","?","R","E","M","T","R","E","?","E","M","R","BOSS","M","?","M","?","?","E","?","$","T","R","?","$","R","M","R","BOSS","M","?","$","?","M","E","R","$","T","R","?","R","?","?","R","BOSS"],"build_version":"2019-07-17","purchased_purges":6,"victory":true,"max_hp_per_floor":[75,75,75,75,75,75,75,75,75,75,75,75,75,75,75,75,75,75,75,75,75,75,75,75,75,75,75,82,82,82,82,82,82,82,82,82,82,82,82,82,82,82,82,82,78,78,78,78,78,78],"card_choices":[{"not_picked":["Stack","Beam Cell"],"picked":"Consume","floor":1.0},{"not_picked":["Lockon","Force Field"],"picked":"Coolheaded","floor":3.0},{"not_picked":["Ball Lightning","Glacier"],"picked":"Doom and Gloom","floor":5.0},{"not_picked":["Conserve Battery","Chaos"],"picked":"Genetic Algorithm","floor":7.0},{"not_picked":["Turbo","Compile Driver"],"picked":"Cold Snap","floor":8.0},{"not_picked":["Gash","Hello World"],"picked":"Hologram","floor":11.0},{"not_picked":["Hyperbeam","Redo"],"picked":"Cold Snap","floor":13.0},{"not_picked":["Coolheaded","Streamline","Redo"],"picked":"SKIP","floor":14.0},{"not_picked":["All For One","Buffer"],"picked":"Electrodynamics","floor":16.0},{"not_picked":["Genetic Algorithm","Chaos"],"picked":"Coolheaded+1","floor":18.0},{"not_picked":["Recycle","Barrage"],"picked":"Static Discharge","floor":20.0},{"not_picked":["Beam Cell","Reprogram"],"picked":"Sweeping Beam+1","floor":23.0},{"not_picked":["Ball Lightning","Redo"],"picked":"Turbo+1","floor":31.0},{"not_picked":["Creative AI","Meteor Strike"],"picked":"Seek","floor":33.0},{"not_picked":["Ball Lightning","Gash+1","Conserve Battery"],"picked":"SKIP","floor":35.0},{"not_picked":["Chill+1","Force Field"],"picked":"Barrage+1","floor":39.0},{"not_picked":["Streamline+1","Gash"],"picked":"Conserve Battery+1","floor":39.0},{"not_picked":["Buffer","Melter+1"],"picked":"Skim+1","floor":40.0}],"player_experience":730990,"relics_obtained":[{"floor":7.0,"key":"Incense Burner"},{"floor":9.0,"key":"Ornamental Fan"},{"floor":11.0,"key":"MawBank"},{"floor":13.0,"key":"Cables"},{"floor":23.0,"key":"Bottled Flame"},{"floor":26.0,"key":"Juzu Bracelet"},{"floor":36.0,"key":"Prayer Wheel"},{"floor":40.0,"key":"PreservedInsect"},{"floor":48.0,"key":"Pocketwatch"}],"event_choices":[{"damage_healed":0.0,"max_hp_gain":0.0,"max_hp_loss":0.0,"gold_gain":0.0,"event_name":"WeMeetAgain","player_choice":"Gave Potion","floor":4.0,"gold_loss":0.0,"damage_taken":0.0,"relics_obtained":["Bag of Marbles"]},{"damage_healed":0.0,"max_hp_gain":0.0,"max_hp_loss":0.0,"gold_gain":0.0,"event_name":"Scrap Ooze","player_choice":"Success","floor":12.0,"gold_loss":0.0,"damage_taken":3.0,"relics_obtained":["Dodecahedron"]},{"damage_healed":0.0,"max_hp_gain":0.0,"max_hp_loss":0.0,"gold_gain":100.0,"event_name":"Golden Shrine","player_choice":"Pray","floor":19.0,"gold_loss":0.0,"damage_taken":0.0},{"damage_healed":0.0,"max_hp_gain":0.0,"max_hp_loss":0.0,"gold_gain":0.0,"event_name":"Nest","player_choice":"Joined the Cult","floor":22.0,"gold_loss":0.0,"damage_taken":6.0,"cards_obtained":["RitualDagger"]},{"damage_healed":0.0,"max_hp_gain":0.0,"max_hp_loss":0.0,"gold_gain":0.0,"event_name":"The Woman in Blue","player_choice":"Bought 1 Potion","floor":24.0,"gold_loss":0.0,"damage_taken":0.0},{"damage_healed":0.0,"max_hp_gain":0.0,"max_hp_loss":0.0,"gold_gain":0.0,"event_name":"Addict","player_choice":"Stole Relic","floor":28.0,"gold_loss":0.0,"damage_taken":0.0,"relics_obtained":["Strawberry"],"cards_obtained":["Shame"]},{"damage_healed":0.0,"max_hp_gain":0.0,"max_hp_loss":0.0,"gold_gain":0.0,"event_name":"MindBloom","player_choice":"Fight","floor":36.0,"gold_loss":0.0,"damage_taken":0.0},{"damage_healed":0.0,"max_hp_gain":0.0,"max_hp_loss":0.0,"gold_gain":0.0,"event_name":"SensoryStone","player_choice":"Memory 1","floor":38.0,"gold_loss":0.0,"damage_taken":0.0},{"damage_healed":0.0,"max_hp_gain":0.0,"max_hp_loss":4.0,"gold_gain":0.0,"event_name":"Winding Halls","player_choice":"Max HP","floor":45.0,"gold_loss":0.0,"damage_taken":0.0},{"damage_healed":0.0,"max_hp_gain":0.0,"max_hp_loss":0.0,"gold_gain":0.0,"event_name":"Tomb of Lord Red Mask","player_choice":"Paid","floor":47.0,"gold_loss":23.0,"damage_taken":0.0,"relics_obtained":["Red Mask"]},{"damage_healed":0.0,"max_hp_gain":0.0,"max_hp_loss":0.0,"gold_gain":0.0,"event_name":"Mysterious Sphere","player_choice":"Fight","floor":48.0,"gold_loss":0.0,"damage_taken":0.0}],"is_beta":false,"boss_relics":[{"not_picked":["Nuclear Battery","Runic Dome"],"picked":"Cursed Key"},{"not_picked":["Calling Bell","Lizard Tail"],"picked":"Snecko Eye"}],"items_purged_floors":[2,21,25,29,37,42],"is_endless":false,"potions_floor_spawned":[3,7,8,13,16,23,33,35,39],"ascension_level":6}