{"gold_per_floor":[362,160,160,160,171,171,6,40,89,115,170,170],"floor_reached":12,"playtime":583,"items_purged":["Strike_B"],"score":218,"play_id":"de6933cb-52a3-4070-bd4a-f6e4cba6428f","local_time":"20190503234948","is_ascension_mode":true,"campfire_choices":[{"data":"Darkness","floor":6.0,"key":"SMITH"}],"neow_cost":"TEN_PERCENT_HP_LOSS","seed_source_timestamp":336633041041794,"circlet_count":0,"master_deck":["AscendersBane","Strike_B","Strike_B","Defend_B","Defend_B","Defend_B","Defend_B","Zap","Dualcast","Darkness+1","Echo Form","Ball Lightning","Gash","Fusion","Gash"],"special_seed":0,"relics":["Cracked Core","Lantern","Symbiotic Virus","Centennial Puzzle","Bottled Tornado"],"potions_floor_usage":[12],"damage_taken":[{"damage":0.0,"enemies":"Cultist","floor":1.0,"turns":3.0},{"damage":2.0,"enemies":"Jaw Worm","floor":5.0,"turns":3.0},{"damage":31.0,"enemies":"Gremlin Nob","floor":8.0,"turns":4.0},{"damage":0.0,"enemies":"Lagavulin","floor":10.0,"turns":5.0},{"damage":42,"enemies":"Lagavulin Event","floor":11,"turns":6},{"damage":10,"enemies":"Small Slimes","floor":12,"turns":1}],"seed_played":"-3705939350166370226","potions_obtained":[{"floor":8.0,"key":"Regen Potion"},{"floor":11,"key":"Poison Potion"}],"is_trial":false,"path_per_floor":["M","$","?","?","M","R","$","E","T","E","?","M"],"character_chosen":"DEFECT","items_purchased":["Echo Form","Ball Lightning","Lantern"],"campfire_rested":0,"item_purchase_floors":[2,2,7],"current_hp_per_floor":[64,64,69,62,60,60,60,29,29,43,1,0],"gold":170,"neow_bonus":"TWO_FIFTY_GOLD","is_prod":false,"is_daily":false,"chose_seed":false,"campfire_upgraded":1,"win_rate":0,"timestamp":1556941788,"path_taken":["M","$","?","?","M","R","$","E","T","E","?","M"],"build_version":"2019-01-23","purchased_purges":1,"victory":false,"max_hp_per_floor":[64,64,69,69,69,69,69,69,69,69,69,69],"card_choices":[{"not_picked":["Coolheaded","Compile Driver"],"picked":"Darkness","floor":1.0},{"not_picked":["Coolheaded","Redo"],"picked":"Gash","floor":5.0},{"not_picked":["Streamline","Storm"],"picked":"Fusion","floor":8.0},{"not_picked":["Go for the Eyes","Hello World","Rebound"],"picked":"SKIP","floor":10.0},{"not_picked":["Tempest","Streamline"],"picked":"Gash","floor":11}],"player_experience":1170674,"relics_obtained":[{"floor":8.0,"key":"Symbiotic Virus"},{"floor":9.0,"key":"Centennial Puzzle"},{"floor":11,"key":"Bottled Tornado"}],"event_choices":[{"damage_healed":0.0,"max_hp_gain":5.0,"max_hp_loss":0.0,"gold_gain":0.0,"event_name":"Big Fish","player_choice":"Donut","floor":3.0,"gold_loss":0.0,"damage_taken":0.0},{"cards_removed":["Strike_B"],"damage_healed":0.0,"max_hp_gain":0.0,"max_hp_loss":0.0,"gold_gain":0.0,"event_name":"Golden Wing","player_choice":"Card Removal","floor":4.0,"gold_loss":0.0,"damage_taken":7.0},{"damage_healed":0,"gold_gain":0,"player_choice":"Searched \u00271\u0027 times","damage_taken":0,"max_hp_gain":0,"max_hp_loss":0,"event_name":"Dead Adventurer","floor":11,"gold_loss":0}],"is_beta":false,"boss_relics":[],"items_purged_floors":[2],"is_endless":false,"potions_floor_spawned":[8,11],"killed_by":"Small Slimes","ascension_level":20}