{"gold_per_floor":[17,36,46,46,66,93,93,126,180,180,195,212,242,254,254,254],"floor_reached":16,"playtime":1986,"items_purged":[],"score":194,"play_id":"4a5392c8-3fa3-49b5-9258-a5e1aab19cd3","local_time":"20180913225413","is_ascension_mode":true,"campfire_choices":[{"floor":7,"key":"REST"},{"floor":10,"key":"REST"},{"floor":15,"key":"REST"}],"neow_cost":"NO_GOLD","seed_source_timestamp":0,"circlet_count":0,"master_deck":["Strike_B","Strike_B","Strike_B","Strike_B","Defend_B","Defend_B","Defend_B","Defend_B+1","Zap","Dualcast","AscendersBane","Sweeping Beam","FTL","Hologram+1","Consume","Seek","BootSequence","Capacitor","Stack"],"special_seed":0,"relics":["Cracked Core","Centennial Puzzle","Sundial","Potion Belt","Tiny Chest"],"potions_floor_usage":[6,8,8,16],"damage_taken":[{"damage":0,"enemies":"2 Louse","floor":1,"turns":2},{"damage":2,"enemies":"Jaw Worm","floor":2,"turns":3},{"damage":1,"enemies":"Cultist","floor":3,"turns":3},{"damage":3,"enemies":"Blue Slaver","floor":5,"turns":3},{"damage":39,"enemies":"3 Sentries","floor":6,"turns":9},{"damage":24,"enemies":"Gremlin Nob","floor":8,"turns":5},{"damage":0,"enemies":"3 Louse","floor":11,"turns":3},{"damage":4,"enemies":"Exordium Thugs","floor":12,"turns":3},{"damage":0,"enemies":"Looter","floor":14,"turns":4},{"damage":0,"enemies":"The Guardian","floor":16,"turns":2}],"seed_played":"6345255936266740869","potions_obtained":[{"floor":3,"key":"PowerPotion"},{"floor":5,"key":"SpeedPotion"},{"floor":6,"key":"LiquidBronze"},{"floor":12,"key":"Weak Potion"}],"is_trial":false,"path_per_floor":["M","M","M","?","M","E","R","E","T","R","M","M","?","M","R"],"character_chosen":"DEFECT","items_purchased":[],"campfire_rested":3,"item_purchase_floors":[],"current_hp_per_floor":[64,62,61,47,44,5,26,2,2,23,23,19,7,7,28,28],"gold":254,"neow_bonus":"THREE_RARE_CARDS","is_prod":false,"is_daily":false,"chose_seed":false,"campfire_upgraded":0,"win_rate":0,"timestamp":1536893653,"path_taken":["M","M","M","?","M","E","R","E","T","R","M","M","?","M","R","BOSS"],"build_version":"2018-09-06","purchased_purges":0,"victory":false,"max_hp_per_floor":[71,71,71,71,71,71,71,71,71,71,71,71,71,71,71,71],"card_choices":[{"not_picked":["Thunder Strike","Buffer"],"picked":"Hyperbeam","floor":0.0},{"not_picked":["Steam Power","Blizzard"],"picked":"Sweeping Beam","floor":1},{"not_picked":["Heatsinks","Rebound"],"picked":"FTL","floor":2},{"not_picked":["Redo","Rebound"],"picked":"Hologram","floor":3},{"not_picked":["Chill","Gash"],"picked":"Consume","floor":5},{"not_picked":["Fusion","Hologram"],"picked":"Seek","floor":6},{"not_picked":["Barrage","Tempest"],"picked":"BootSequence","floor":8},{"not_picked":["Streamline","Leap"],"picked":"Capacitor","floor":11},{"not_picked":["Turbo","Beam Cell"],"picked":"Stack","floor":12},{"not_picked":["Lockon","Sweeping Beam","Barrage"],"picked":"SKIP","floor":14}],"player_experience":361740,"relics_obtained":[{"floor":6,"key":"Centennial Puzzle"},{"floor":8,"key":"Sundial"},{"floor":9,"key":"Potion Belt"}],"event_choices":[{"event_name":"Shining Light","player_choice":"Entered Light","floor":4,"damage_taken":0},{"event_name":"Scrap Ooze","player_choice":"success","floor":13,"damage_taken":12}],"is_beta":false,"boss_relics":[],"items_purged_floors":[],"is_endless":false,"potions_floor_spawned":[3,5,6,12],"killed_by":"The Guardian","ascension_level":14}