{"gold_per_floor":[118,130,144,144,164,164,179,210,210,210,52,52,72,102,102,181,181,200,214,243,243,79,79,129,129,206,222,234,149,149,181,181,258,258,271,271,231,1230,701,701,730,730,753,784,1006,1006,1018,1052,1052,1052,1052,1052,1052,69,96,96],"floor_reached":57,"playtime":4285,"items_purged":["Strike_B","Normality","Strike_B"],"score":2803,"play_id":"cb3108a5-cefc-47a3-a1ba-39f28bcb07e3","local_time":"20190601013559","is_ascension_mode":true,"campfire_choices":[{"data":"Darkness","floor":6.0,"key":"SMITH"},{"data":"Strike_B","floor":10.0,"key":"PURGE"},{"data":"Consume","floor":12.0,"key":"SMITH"},{"floor":15.0,"key":"DIG"},{"floor":23.0,"key":"REST"},{"data":"Defragment","floor":25.0,"key":"SMITH"},{"floor":30.0,"key":"REST"},{"data":"Loop","floor":32.0,"key":"SMITH"},{"data":"Normality","floor":40.0,"key":"PURGE"},{"data":"Strike_B","floor":42,"key":"PURGE"},{"floor":46,"key":"RECALL"},{"floor":49,"key":"DIG"},{"floor":53,"key":"DIG"}],"neow_cost":"NONE","seed_source_timestamp":1401158824495690,"circlet_count":0,"master_deck":["AscendersBane","Defend_B","Defend_B+1","Defend_B","Defend_B","Zap+1","Dualcast","Ball Lightning","Cold Snap","Ball Lightning","Darkness+1","Conserve Battery","Consume+1","Coolheaded","Biased Cognition","Loop+1","Hologram","Defragment+1","Self Repair","Sunder","Coolheaded","Echo Form","Undo+1","Fusion","Coolheaded","Glacier","Creative AI","Glacier","Biased Cognition"],"special_seed":0,"relics":["Cracked Core","Vajra","Cables","Peace Pipe","Shovel","Nunchaku","Snecko Eye","Red Mask","Ancient Tea Set","Ornamental Fan","Coffee Dripper","Bag of Preparation","Pear","Bottled Lightning","Orichalcum","Turnip","Torii","War Paint","Sundial","Centennial Puzzle","TheAbacus","Kunai","Pantograph"],"potions_floor_usage":[41,56,56],"damage_taken":[{"damage":6.0,"enemies":"Jaw Worm","floor":1.0,"turns":4.0},{"damage":0.0,"enemies":"Cultist","floor":2.0,"turns":2.0},{"damage":3.0,"enemies":"2 Louse","floor":3.0,"turns":3.0},{"damage":6.0,"enemies":"Looter","floor":5.0,"turns":2.0},{"damage":3.0,"enemies":"Exordium Wildlife","floor":7.0,"turns":3.0},{"damage":9.0,"enemies":"3 Sentries","floor":8.0,"turns":6.0},{"damage":7.0,"enemies":"2 Fungi Beasts","floor":13.0,"turns":2.0},{"damage":9.0,"enemies":"Gremlin Nob","floor":14.0,"turns":3.0},{"damage":6.0,"enemies":"The Guardian","floor":16.0,"turns":9.0},{"damage":10.0,"enemies":"3 Byrds","floor":18.0,"turns":4.0},{"damage":5.0,"enemies":"Spheric Guardian","floor":19.0,"turns":3.0},{"damage":38.0,"enemies":"Masked Bandits","floor":20.0,"turns":6.0},{"damage":0.0,"enemies":"Centurion and Healer","floor":27.0,"turns":5.0},{"damage":11.0,"enemies":"Shelled Parasite and Fungi","floor":28.0,"turns":5.0},{"damage":9.0,"enemies":"Book of Stabbing","floor":31.0,"turns":5.0},{"damage":24.0,"enemies":"Collector","floor":33.0,"turns":10.0},{"damage":0.0,"enemies":"3 Shapes","floor":35.0,"turns":6.0},{"damage":0,"enemies":"Nemesis","floor":41,"turns":3},{"damage":29,"enemies":"Reptomancer","floor":44,"turns":6},{"damage":2,"enemies":"Orb Walker","floor":47,"turns":3},{"damage":0,"enemies":"Nemesis","floor":48,"turns":7},{"damage":17,"enemies":"Donu and Deca","floor":50,"turns":15},{"damage":1,"enemies":"Time Eater","floor":51,"turns":26},{"damage":9,"enemies":"Shield and Spear","floor":55,"turns":8},{"damage":26,"enemies":"The Heart","floor":56,"turns":12}],"seed_played":"-7839749553464062122","potions_obtained":[{"floor":2.0,"key":"Poison Potion"},{"floor":8.0,"key":"LiquidBronze"},{"floor":13.0,"key":"SpeedPotion"},{"floor":16.0,"key":"FearPotion"},{"floor":20.0,"key":"Strength Potion"},{"floor":27.0,"key":"GamblersBrew"},{"floor":33.0,"key":"Block Potion"},{"floor":44,"key":"LiquidBronze"}],"is_trial":false,"path_per_floor":["M","M","M","?","M","R","M","E","T","R","$","R","M","E","R","B",null,"M","M","?","?","$","R","?","R","T","M","M","?","R","E","R","B",null,"M","?","$","?","$","R","E","R","T","E","?","R","M","E","R","B","B",null,"R","$","E","B",null],"character_chosen":"DEFECT","items_purchased":["Consume","Self Repair","Sunder","Fusion","Bag of Preparation","Pear","Creative AI","Centennial Puzzle","Glacier","TheAbacus","Kunai"],"campfire_rested":2,"item_purchase_floors":[11,22,22,37,39,39,54,54,54,54,54],"current_hp_per_floor":[58,58,55,55,49,49,46,37,37,37,37,37,30,21,21,15,57,47,42,4,4,4,25,25,25,25,32,28,28,49,47,47,30,61,71,71,71,71,81,81,81,81,81,52,52,52,57,71,71,68,81,81,81,81,79,62],"gold":96,"neow_bonus":"RANDOM_COMMON_RELIC","is_prod":false,"is_daily":false,"chose_seed":false,"campfire_upgraded":4,"win_rate":0,"timestamp":1559367359,"path_taken":["M","M","M","?","M","R","?","E","T","R","$","R","M","E","R","BOSS","M","M","?","?","$","R","?","R","T","M","?","?","R","E","R","BOSS","M","?","?","?","$","R","E","R","T","E","?","R","?","E","R","BOSS","BOSS","R","$","E","BOSS"],"build_version":"2019-01-23","purchased_purges":3,"victory":true,"max_hp_per_floor":[71,71,71,71,71,71,71,71,71,71,71,71,71,71,71,71,71,71,71,71,71,71,71,71,71,71,71,71,71,71,71,71,71,71,71,71,71,71,81,81,81,81,81,81,81,81,81,81,81,81,81,81,81,81,81,81],"card_choices":[{"not_picked":["Conserve Battery","Steam"],"picked":"Ball Lightning","floor":1.0},{"not_picked":["Rebound","Melter"],"picked":"Cold Snap","floor":2.0},{"not_picked":["Double Energy","Turbo"],"picked":"Ball Lightning","floor":3.0},{"not_picked":["Ball Lightning","Steam"],"picked":"Darkness","floor":5.0},{"not_picked":["Sweeping Beam","FTL"],"picked":"Conserve Battery","floor":7.0},{"not_picked":["Rebound","Streamline","Turbo"],"picked":"SKIP","floor":8.0},{"not_picked":["Hello World","Hyperbeam"],"picked":"Coolheaded","floor":13.0},{"not_picked":["Sweeping Beam","Chaos","Recycle"],"picked":"SKIP","floor":14.0},{"not_picked":["Amplify","Core Surge"],"picked":"Biased Cognition","floor":16.0},{"not_picked":["Stack","Sweeping Beam"],"picked":"Loop","floor":18.0},{"not_picked":["Reprogram","Stack"],"picked":"Hologram","floor":19.0},{"not_picked":["Cold Snap","Streamline"],"picked":"Defragment","floor":20.0},{"not_picked":["Auto Shields+1","Hologram","Consume"],"picked":"SKIP","floor":27.0},{"not_picked":["Conserve Battery","Streamline"],"picked":"Coolheaded","floor":28.0},{"not_picked":["Rebound","Barrage","Hello World+1"],"picked":"SKIP","floor":31.0},{"not_picked":["Amplify","Creative AI"],"picked":"Echo Form","floor":33.0},{"not_picked":["Cold Snap","Ball Lightning+1","Melter"],"picked":"SKIP","floor":35.0},{"not_picked":["Storm+1","Hyperbeam","Cold Snap"],"picked":"SKIP","floor":41},{"not_picked":["Melter","Go for the Eyes"],"picked":"Coolheaded","floor":44},{"not_picked":["Sweeping Beam","Leap"],"picked":"Glacier","floor":47},{"not_picked":["Darkness","Double Energy","Rip and Tear"],"picked":"SKIP","floor":48},{"not_picked":["Skim","White Noise"],"picked":"Biased Cognition","floor":55}],"player_experience":1479741,"relics_obtained":[{"floor":8.0,"key":"Cables"},{"floor":9.0,"key":"Peace Pipe"},{"floor":14.0,"key":"Shovel"},{"floor":15.0,"key":"Nunchaku"},{"floor":20.0,"key":"Red Mask"},{"floor":31.0,"key":"Ornamental Fan"},{"floor":41,"key":"Bottled Lightning"},{"floor":43,"key":"Orichalcum"},{"floor":44,"key":"Turnip"},{"floor":48,"key":"Torii"},{"floor":49,"key":"War Paint"},{"floor":53,"key":"Sundial"},{"floor":55,"key":"Pantograph"}],"event_choices":[{"damage_healed":0.0,"max_hp_gain":0.0,"max_hp_loss":0.0,"gold_gain":0.0,"event_name":"Upgrade Shrine","player_choice":"Upgraded","floor":4.0,"gold_loss":0.0,"damage_taken":0.0,"cards_upgraded":["Zap"]},{"damage_healed":0.0,"max_hp_gain":0.0,"max_hp_loss":0.0,"gold_gain":0.0,"event_name":"Masked Bandits","player_choice":"Fought Bandits","floor":20.0,"gold_loss":0.0,"damage_taken":0.0},{"damage_healed":0.0,"max_hp_gain":0.0,"max_hp_loss":0.0,"gold_gain":0.0,"event_name":"Vampires","player_choice":"Ignored","floor":21.0,"gold_loss":0.0,"damage_taken":0.0},{"damage_healed":0.0,"max_hp_gain":0.0,"max_hp_loss":0.0,"gold_gain":50.0,"event_name":"Nest","player_choice":"Stole From Cult","floor":24.0,"gold_loss":0.0,"damage_taken":0.0},{"damage_healed":0.0,"max_hp_gain":0.0,"max_hp_loss":0.0,"gold_gain":0.0,"event_name":"Addict","player_choice":"Obtained Relic","floor":29.0,"gold_loss":85.0,"damage_taken":0.0,"relics_obtained":["Ancient Tea Set"]},{"damage_healed":0.0,"max_hp_gain":0.0,"max_hp_loss":0.0,"gold_gain":0.0,"event_name":"Match and Keep!","player_choice":"1 cards matched","floor":36.0,"gold_loss":0.0,"damage_taken":0.0,"cards_obtained":["Undo"]},{"damage_healed":0.0,"max_hp_gain":0.0,"max_hp_loss":0.0,"gold_gain":999.0,"event_name":"MindBloom","player_choice":"Gold","floor":38.0,"gold_loss":0.0,"damage_taken":0.0,"cards_obtained":["Normality","Normality"]},{"damage_healed":0,"gold_gain":222,"player_choice":"Wore Mask","damage_taken":0,"max_hp_gain":0,"max_hp_loss":0,"event_name":"Tomb of Lord Red Mask","floor":45,"gold_loss":0}],"is_beta":false,"boss_relics":[{"not_picked":["Philosopher\u0027s Stone","Cursed Key"],"picked":"Snecko Eye"},{"not_picked":["Tiny House","FrozenCore"],"picked":"Coffee Dripper"}],"items_purged_floors":[11,39,54],"is_endless":false,"potions_floor_spawned":[2,8,13,16,20,27,33,44],"ascension_level":20}