{"gold_per_floor":[119,136,136,136,146,146,163,163,163,163,88,88,106,119,119,215,215,231,231,243,243,143,143,75,75,101,116,136,136,152,152,152,152],"floor_reached":33,"playtime":2339,"items_purged":["Strike_G","Defend_G+1"],"score":262,"play_id":"fe16fe93-76d1-421e-a581-3b198821b29f","local_time":"20190708144424","is_ascension_mode":false,"campfire_choices":[{"data":"Acrobatics","floor":6,"key":"SMITH"},{"data":"Noxious Fumes","floor":8,"key":"SMITH"},{"data":"Survivor","floor":12,"key":"SMITH"},{"data":"Outmaneuver","floor":15,"key":"SMITH"},{"floor":23,"key":"REST"},{"data":"Crippling Poison","floor":25,"key":"SMITH"},{"floor":32,"key":"REST"}],"neow_cost":"NONE","seed_source_timestamp":11075245210505,"circlet_count":0,"master_deck":["Strike_G+1","Strike_G+1","Strike_G+1","Strike_G+1","Defend_G+1","Defend_G+1","Defend_G+1","Survivor+1","Neutralize","Underhanded Strike+1","All Out Attack","Acrobatics+1","Noxious Fumes+1","Slice+1","Outmaneuver+1","Envenom","Poisoned Stab+1","Leg Sweep","Crippling Poison+1","Heel Hook","Poisoned Stab","Bouncing Flask","Writhe"],"relics":["Ring of the Snake","Bottled Lightning","WristBlade","Matryoshka","Strawberry","Whetstone","Ninja Scroll"],"potions_floor_usage":[16,28,30,33,33],"damage_taken":[{"damage":0,"enemies":"Small Slimes","floor":1,"turns":5},{"damage":0,"enemies":"2 Louse","floor":2,"turns":4},{"damage":4,"enemies":"Cultist","floor":5,"turns":3},{"damage":0,"enemies":"Exordium Wildlife","floor":7,"turns":3},{"damage":8,"enemies":"Red Slaver","floor":13,"turns":3},{"damage":0,"enemies":"Lots of Slimes","floor":14,"turns":2},{"damage":56,"enemies":"Hexaghost","floor":16,"turns":10},{"damage":23,"enemies":"Spheric Guardian","floor":18,"turns":6},{"damage":13,"enemies":"Chosen","floor":20,"turns":6},{"damage":27,"enemies":"Shelled Parasite and Fungi","floor":27,"turns":5},{"damage":37,"enemies":"Centurion and Healer","floor":28,"turns":6},{"damage":15,"enemies":"Snecko","floor":30,"turns":5},{"damage":55,"enemies":"Automaton","floor":33,"turns":6}],"seed_played":"-582118782732861366","potions_obtained":[{"floor":7,"key":"Regen Potion"},{"floor":13,"key":"Regen Potion"},{"floor":18,"key":"Strength Potion"},{"floor":28,"key":"Weak Potion"},{"floor":30,"key":"Fire Potion"}],"is_trial":false,"path_per_floor":["M","M","?","?","M","R","M","R","T","?","$","R","M","M","R","B",null,"M","T","M","?","$","R","$","R","T","M","M","$","M","?","R","B"],"character_chosen":"THE_SILENT","items_purchased":["Crippling Poison"],"campfire_rested":2,"item_purchase_floors":[24],"current_hp_per_floor":[77,77,82,82,78,78,78,78,78,78,78,78,70,70,70,29,82,59,59,46,46,46,70,70,70,77,50,28,28,13,13,39,0],"gold":152,"neow_bonus":"TEN_PERCENT_HP_BONUS","is_prod":false,"is_daily":false,"chose_seed":false,"campfire_upgraded":5,"win_rate":0.0,"timestamp":1562611464,"path_taken":["M","M","?","?","M","R","?","R","T","?","$","R","M","M","R","BOSS","M","?","?","?","$","R","$","R","T","M","M","$","M","?","R","BOSS"],"build_version":"2019-07-05","purchased_purges":2,"victory":false,"max_hp_per_floor":[77,77,82,82,82,82,82,82,82,82,82,82,82,82,82,82,82,82,82,82,82,82,82,82,82,89,89,89,89,89,89,89,89],"card_choices":[{"not_picked":["Slice","Prepared"],"picked":"Underhanded Strike","floor":1},{"not_picked":["Dodge and Roll","Caltrops"],"picked":"All Out Attack","floor":2},{"not_picked":["Quick Slash","Prepared"],"picked":"Acrobatics","floor":5},{"not_picked":["Acrobatics","Dash"],"picked":"Noxious Fumes","floor":7},{"not_picked":["Expertise","Die Die Die"],"picked":"Slice","floor":13},{"not_picked":["Deflect","Choke"],"picked":"Outmaneuver","floor":14},{"not_picked":["Malaise","After Image"],"picked":"Envenom","floor":16},{"not_picked":["Acrobatics","Footwork"],"picked":"Poisoned Stab","floor":18},{"not_picked":["Underhanded Strike","Backstab"],"picked":"Leg Sweep","floor":20},{"not_picked":["Dodge and Roll","Calculated Gamble"],"picked":"Heel Hook","floor":27},{"not_picked":["All Out Attack","Riddle With Holes+1"],"picked":"Poisoned Stab","floor":28},{"not_picked":["Infinite Blades","Acrobatics"],"picked":"Bouncing Flask","floor":30}],"player_experience":9097,"relics_obtained":[{"floor":9,"key":"Bottled Lightning"},{"floor":19,"key":"Matryoshka"},{"floor":26,"key":"Strawberry"},{"floor":26,"key":"Whetstone"}],"event_choices":[{"damage_healed":0,"gold_gain":0,"player_choice":"Donut","damage_taken":0,"max_hp_gain":5,"max_hp_loss":0,"event_name":"Big Fish","floor":3,"gold_loss":0},{"damage_healed":0,"gold_gain":0,"player_choice":"Upgraded","damage_taken":0,"max_hp_gain":0,"max_hp_loss":0,"event_name":"Upgrade Shrine","floor":4,"gold_loss":0,"cards_upgraded":["Underhanded Strike"]},{"cards_removed":["Defend_G"],"damage_healed":0,"gold_gain":0,"player_choice":"Purged","damage_taken":0,"max_hp_gain":0,"max_hp_loss":0,"event_name":"Purifier","floor":10,"gold_loss":0},{"damage_healed":0,"gold_gain":0,"player_choice":"Simplicity","damage_taken":0,"max_hp_gain":0,"max_hp_loss":0,"event_name":"Back to Basics","floor":21,"gold_loss":0,"cards_upgraded":["Strike_G","Strike_G","Strike_G","Strike_G","Defend_G","Defend_G","Defend_G","Defend_G"]},{"damage_healed":0,"gold_gain":0,"player_choice":"Opened","damage_taken":0,"relics_obtained":["Ninja Scroll"],"max_hp_gain":0,"max_hp_loss":0,"event_name":"The Mausoleum","floor":31,"gold_loss":0,"cards_obtained":["Writhe"]}],"is_beta":false,"boss_relics":[{"not_picked":["Ring of the Serpent","Busted Crown"],"picked":"WristBlade"}],"items_purged_floors":[11,22],"is_endless":false,"potions_floor_spawned":[7,13,14,18,28,30],"killed_by":"Automaton","ascension_level":0}