{"gold_per_floor":[114,129,54,54,67,67,102,102,102,102,102],"floor_reached":11,"playtime":386,"items_purged":[],"score":142,"play_id":"a017fc3e-4b91-4ee9-8d95-ff6b55a171e4","local_time":"20190505123133","is_ascension_mode":true,"campfire_choices":[{"data":"Zap","floor":6,"key":"SMITH"},{"data":"Self Repair","floor":8,"key":"SMITH"},{"data":"Thunder Strike","floor":10,"key":"SMITH"}],"neow_cost":"NONE","seed_source_timestamp":127417555158670,"circlet_count":0,"master_deck":["AscendersBane","Strike_B","Strike_B","Defend_B","Defend_B","Defend_B","Defend_B","Zap+1","Dualcast","Thunder Strike+1","Gash","Self Repair+1","Rebound","Capacitor"],"relics":["Cracked Core","Blood Vial","Cables"],"potions_floor_usage":[7,7],"damage_taken":[{"damage":5,"enemies":"Small Slimes","floor":1,"turns":3},{"damage":1,"enemies":"Cultist","floor":2,"turns":4},{"damage":12,"enemies":"Jaw Worm","floor":5,"turns":4},{"damage":18,"enemies":"Lagavulin","floor":7,"turns":7},{"damage":50,"enemies":"Exordium Thugs","floor":11,"turns":5}],"seed_played":"8133520570670612792","potions_obtained":[{"floor":2,"key":"Block Potion"},{"floor":5,"key":"Energy Potion"}],"is_trial":false,"path_per_floor":["M","M","?","?","M","R","E","R","T","R","M"],"character_chosen":"DEFECT","items_purchased":[],"campfire_rested":0,"item_purchase_floors":[],"current_hp_per_floor":[59,58,58,58,53,53,42,42,42,42,0],"gold":102,"neow_bonus":"ONE_RANDOM_RARE_CARD","is_prod":false,"is_daily":false,"chose_seed":false,"campfire_upgraded":3,"win_rate":0,"timestamp":1557073893,"path_taken":["M","M","?","?","M","R","E","R","T","R","?"],"build_version":"2019-01-23","purchased_purges":0,"victory":false,"max_hp_per_floor":[71,71,71,71,71,71,71,71,71,71,71],"card_choices":[{"not_picked":["Steam","Conserve Battery"],"picked":"Gash","floor":1},{"not_picked":["Blizzard","Aggregate","Barrage"],"picked":"SKIP","floor":2},{"not_picked":["Reinforced Body","Force Field"],"picked":"Rebound","floor":5},{"not_picked":["Rebound","Leap"],"picked":"Capacitor","floor":7}],"player_experience":1223027,"relics_obtained":[{"floor":7,"key":"Blood Vial"},{"floor":9,"key":"Cables"}],"event_choices":[{"cards_removed":["Strike_B"],"damage_healed":0,"gold_gain":0,"player_choice":"Card Removal","damage_taken":0,"max_hp_gain":0,"max_hp_loss":0,"event_name":"The Cleric","floor":3,"gold_loss":75},{"damage_healed":0,"gold_gain":0,"cards_transformed":["Strike_B"],"player_choice":"Transformed","damage_taken":0,"max_hp_gain":0,"max_hp_loss":0,"event_name":"Transmorgrifier","floor":4,"gold_loss":0,"cards_obtained":["Self Repair"]}],"is_beta":false,"boss_relics":[],"items_purged_floors":[],"is_endless":false,"potions_floor_spawned":[2,5],"killed_by":"Exordium Thugs","ascension_level":20}