{"gold_per_floor":[111,33,83,100,16,16,49,49,49,64,64,82,82],"floor_reached":13,"playtime":273,"items_purged":[],"score":216,"play_id":"1f4a6efc-21ff-4721-bd63-3f47d5e468ad","local_time":"20190522225722","is_ascension_mode":true,"campfire_choices":[{"data":"Skewer","floor":6,"key":"SMITH"},{"data":"Bouncing Flask","floor":8,"key":"SMITH"}],"neow_cost":"NONE","seed_source_timestamp":618231091332349,"circlet_count":0,"master_deck":["AscendersBane","Defend_G","Defend_G","Defend_G","Defend_G","Defend_G","Strike_G","Strike_G","Strike_G","Strike_G","Strike_G","Survivor","Neutralize","Skewer+1","Footwork","Dagger Spray","Bouncing Flask+1","Masterful Stab","Deadly Poison"],"special_seed":0,"relics":["Ring of the Snake","NeowsBlessing","Smiling Mask","Pear","Centennial Puzzle"],"potions_floor_usage":[13],"damage_taken":[{"damage":0.0,"enemies":"2 Louse","floor":1.0,"turns":1.0},{"damage":0,"enemies":"Cultist","floor":4,"turns":1},{"damage":0,"enemies":"Lagavulin","floor":7,"turns":2},{"damage":0,"enemies":"Jaw Worm","floor":10,"turns":1},{"damage":1,"enemies":"Exordium Thugs","floor":12,"turns":3},{"damage":46,"enemies":"3 Sentries","floor":13,"turns":6}],"seed_played":"1714296009661143134","potions_obtained":[{"floor":1.0,"key":"Dexterity Potion"},{"floor":4,"key":"Poison Potion"}],"is_trial":false,"path_per_floor":["M","$","?","M","$","R","E","R","T","M","?","M","E"],"character_chosen":"THE_SILENT","items_purchased":["Footwork","Bouncing Flask"],"campfire_rested":0,"item_purchase_floors":[2,5],"current_hp_per_floor":[59,59,53,53,53,53,53,53,63,63,45,44,0],"gold":82,"neow_bonus":"THREE_ENEMY_KILL","is_prod":false,"is_daily":false,"chose_seed":false,"campfire_upgraded":2,"win_rate":0,"timestamp":1558580242,"path_taken":["M","$","?","M","?","R","E","R","T","M","?","M","E"],"build_version":"2019-01-23","purchased_purges":0,"victory":false,"max_hp_per_floor":[66,66,66,66,66,66,66,66,76,76,76,76,76],"card_choices":[{"not_picked":["Footwork","Deflect"],"picked":"Skewer","floor":1.0},{"not_picked":["Sucker Punch","Bane"],"picked":"Dagger Spray","floor":4},{"not_picked":["Underhanded Strike","Bane"],"picked":"Masterful Stab","floor":7},{"not_picked":["Prepared","Expertise","Tactician"],"picked":"SKIP","floor":10},{"not_picked":["Masterful Stab","Grand Finale"],"picked":"Deadly Poison","floor":12}],"player_experience":1414215,"relics_obtained":[{"floor":7,"key":"Smiling Mask"},{"floor":9,"key":"Pear"}],"event_choices":[{"damage_healed":0,"gold_gain":50,"player_choice":"Touch","damage_taken":6,"max_hp_gain":0,"max_hp_loss":0,"event_name":"FaceTrader","floor":3,"gold_loss":0},{"damage_healed":0,"gold_gain":0,"player_choice":"Success","damage_taken":18,"relics_obtained":["Centennial Puzzle"],"max_hp_gain":0,"max_hp_loss":0,"event_name":"Scrap Ooze","floor":11,"gold_loss":0}],"is_beta":false,"boss_relics":[],"items_purged_floors":[],"is_endless":false,"potions_floor_spawned":[1,4],"killed_by":"3 Sentries","ascension_level":20}