{"gold_per_floor":[111,123,137,137,51,51,51,85,138,138,168,168,168,200,200,278,278,295,308,44,61,61,61,96,96,123,140,156,156,191,209,209,286,286,302,313,52,52,52,79,79,79],"floor_reached":42,"playtime":1994,"items_purged":["Strike_R","Strike_R+1"],"score":1014,"play_id":"b605d47f-93d2-4562-a38c-11e46a03b9f8","local_time":"20190618113237","is_ascension_mode":true,"campfire_choices":[{"data":"Anger","floor":6,"key":"SMITH"},{"floor":10,"key":"REST"},{"data":"Feed","floor":12,"key":"SMITH"},{"data":"Bash","floor":15,"key":"SMITH"},{"data":"Armaments","floor":23,"key":"SMITH"},{"floor":29,"key":"REST"},{"data":"True Grit","floor":32,"key":"SMITH"},{"data":"Heavy Blade","floor":41,"key":"SMITH"}],"neow_cost":"NONE","seed_source_timestamp":251706219382227,"circlet_count":0,"master_deck":["AscendersBane","Defend_R+1","Defend_R","Defend_R","Defend_R","Bash+1","Thunderclap","Battle Trance","Feed+1","Anger+1","Cleave","Limit Break","Impervious","Shrug It Off","Shockwave","Armaments+1","RitualDagger","Inflame+1","Uppercut+1","Flex+1","True Grit+1","Inflame","Limit Break","Fiend Fire","Clash+1","Immolate+1","Combust+1","Shrug It Off+1","Heavy Blade+1","Headbutt"],"relics":["Burning Blood","Regal Pillow","Boot","Bronze Scales","Bag of Marbles","Dream Catcher","Philosopher\u0027s Stone","Centennial Puzzle","Anchor","Omamori","WingedGreaves","Astrolabe","Bag of Preparation","FossilizedHelix"],"potions_floor_usage":[11,16,24,27,40,42],"damage_taken":[{"damage":5,"enemies":"2 Louse","floor":1,"turns":4},{"damage":4,"enemies":"Small Slimes","floor":2,"turns":5},{"damage":7,"enemies":"Cultist","floor":3,"turns":4},{"damage":27,"enemies":"Lagavulin","floor":8,"turns":6},{"damage":6,"enemies":"Gremlin Nob","floor":11,"turns":3},{"damage":27,"enemies":"Lagavulin","floor":14,"turns":4},{"damage":37,"enemies":"Hexaghost","floor":16,"turns":8},{"damage":10,"enemies":"3 Byrds","floor":18,"turns":5},{"damage":15,"enemies":"Spheric Guardian","floor":19,"turns":5},{"damage":8,"enemies":"Centurion and Healer","floor":21,"turns":8},{"damage":19,"enemies":"Slavers","floor":24,"turns":6},{"damage":18,"enemies":"Cultist and Chosen","floor":27,"turns":6},{"damage":28,"enemies":"Shelled Parasite and Fungi","floor":28,"turns":5},{"damage":6,"enemies":"Book of Stabbing","floor":30,"turns":5},{"damage":5,"enemies":"Centurion and Healer","floor":31,"turns":5},{"damage":29,"enemies":"Champ","floor":33,"turns":11},{"damage":0,"enemies":"3 Darklings","floor":35,"turns":3},{"damage":30,"enemies":"Orb Walker","floor":36,"turns":5},{"damage":56,"enemies":"Nemesis","floor":40,"turns":7},{"damage":54,"enemies":"Reptomancer","floor":42,"turns":3}],"seed_played":"-5536983647386632640","potions_obtained":[{"floor":14,"key":"Dexterity Potion"},{"floor":21,"key":"EssenceOfSteel"},{"floor":24,"key":"Ancient Potion"},{"floor":27,"key":"FearPotion"},{"floor":30,"key":"Explosive Potion"},{"floor":39,"key":"AttackPotion"},{"floor":40,"key":"Fire Potion"}],"is_trial":false,"path_per_floor":["M","M","M","?","$","R","?","E","T","R","E","R","?","E","R","B",null,"M","M","$","M","?","R","E","?","T","M","M","R","E","M","R","B",null,"M","M","$","?","?","E","R","E"],"character_chosen":"IRONCLAD","items_purchased":["FearPotion","Anger","Armaments","Centennial Puzzle","Bag of Preparation"],"campfire_rested":2,"item_purchase_floors":[5,5,20,20,37],"current_hp_per_floor":[76,78,77,52,52,52,47,26,26,65,65,65,65,44,44,13,65,65,60,60,62,56,56,47,47,47,39,21,67,67,72,72,49,95,101,77,77,99,99,49,49,0],"gold":79,"neow_bonus":"TEN_PERCENT_HP_BONUS","is_prod":false,"is_daily":false,"chose_seed":false,"campfire_upgraded":6,"win_rate":0,"timestamp":1560871957,"path_taken":["M","M","M","?","$","R","?","E","T","R","E","R","?","E","R","BOSS","M","M","$","M","?","R","E","?","T","M","M","R","E","M","R","BOSS","M","M","$","?","?","E","R","E"],"build_version":"2019-01-23","purchased_purges":2,"victory":false,"max_hp_per_floor":[82,82,82,82,82,82,82,82,82,82,82,82,82,82,82,82,82,86,90,90,94,94,94,98,98,98,102,106,106,106,110,110,110,110,110,110,110,110,110,110,110,110],"card_choices":[{"not_picked":["Armaments","Heavy Blade"],"picked":"Thunderclap","floor":1},{"not_picked":["Shrug It Off","Whirlwind"],"picked":"Battle Trance","floor":2},{"not_picked":["Perfected Strike","Shockwave"],"picked":"Feed","floor":3},{"not_picked":["Reckless Charge","Havoc"],"picked":"Cleave","floor":8},{"not_picked":["Armaments","Clash"],"picked":"Limit Break","floor":11},{"not_picked":["Pummel","Searing Blow","Warcry"],"picked":"SKIP","floor":14},{"not_picked":["Berserk","Bludgeon"],"picked":"Impervious","floor":16},{"not_picked":["Seeing Red","Hemokinesis"],"picked":"Shrug It Off","floor":18},{"not_picked":["Thunderclap","Warcry"],"picked":"Shockwave","floor":19},{"not_picked":["Clothesline","Armaments","Twin Strike"],"picked":"SKIP","floor":21},{"not_picked":["Ghostly Armor","Corruption"],"picked":"Inflame+1","floor":24},{"not_picked":["Clash","Twin Strike"],"picked":"Uppercut+1","floor":27},{"not_picked":["Uppercut","Clothesline"],"picked":"Flex+1","floor":28},{"not_picked":["Warcry","Combust"],"picked":"True Grit","floor":29},{"not_picked":["Bloodletting","Metallicize"],"picked":"Inflame","floor":30},{"not_picked":["Power Through","Rampage"],"picked":"Limit Break","floor":31},{"not_picked":["Limit Break","Barricade"],"picked":"Fiend Fire","floor":33},{"not_picked":["Anger","Clash"],"picked":"Shrug It Off+1","floor":35},{"not_picked":["Havoc","True Grit"],"picked":"Heavy Blade","floor":36},{"not_picked":["Sever Soul","Body Slam"],"picked":"Headbutt","floor":40}],"player_experience":1523029,"relics_obtained":[{"floor":8,"key":"Boot"},{"floor":9,"key":"Bronze Scales"},{"floor":11,"key":"Bag of Marbles"},{"floor":14,"key":"Dream Catcher"},{"floor":24,"key":"Anchor"},{"floor":26,"key":"Omamori"},{"floor":30,"key":"WingedGreaves"},{"floor":40,"key":"FossilizedHelix"}],"event_choices":[{"damage_healed":0,"gold_gain":0,"player_choice":"Entered Light","damage_taken":25,"max_hp_gain":0,"max_hp_loss":0,"event_name":"Shining Light","floor":4,"gold_loss":0,"cards_upgraded":["Strike_R","Defend_R"]},{"damage_healed":0,"gold_gain":0,"player_choice":"Success","damage_taken":5,"relics_obtained":["Regal Pillow"],"max_hp_gain":0,"max_hp_loss":0,"event_name":"Scrap Ooze","floor":7,"gold_loss":0},{"damage_healed":0,"gold_gain":0,"player_choice":"Ignored","damage_taken":0,"max_hp_gain":0,"max_hp_loss":0,"event_name":"Liars Game","floor":13,"gold_loss":0},{"damage_healed":0,"gold_gain":0,"player_choice":"Joined the Cult","damage_taken":6,"max_hp_gain":0,"max_hp_loss":0,"event_name":"Nest","floor":22,"gold_loss":0,"cards_obtained":["RitualDagger"]},{"damage_healed":0,"gold_gain":0,"player_choice":"Ignored","damage_taken":0,"max_hp_gain":0,"max_hp_loss":0,"event_name":"Ghosts","floor":25,"gold_loss":0},{"damage_healed":22,"gold_gain":0,"player_choice":"Writhe","damage_taken":0,"max_hp_gain":0,"max_hp_loss":0,"event_name":"Winding Halls","floor":38,"gold_loss":0,"cards_obtained":["Writhe"]},{"damage_healed":0,"gold_gain":0,"player_choice":"Got Potions","damage_taken":0,"max_hp_gain":0,"max_hp_loss":0,"event_name":"Lab","floor":39,"gold_loss":0}],"is_beta":false,"boss_relics":[{"not_picked":["Runic Cube","Calling Bell"],"picked":"Philosopher\u0027s Stone"},{"not_picked":["Busted Crown","Eternal Feather"],"picked":"Astrolabe"}],"items_purged_floors":[20,37],"is_endless":false,"potions_floor_spawned":[14,21,24,27,30,33,40],"killed_by":"Reptomancer","ascension_level":20}