{"gold_per_floor":[116,42,42,42,63,63,9,9,34,34,78,101,125,138,138,138],"floor_reached":16,"playtime":470,"items_purged":[],"score":113,"play_id":"7fb117b5-cc35-4146-a7c1-1d2fde32b529","local_time":"20180820210410","is_ascension_mode":true,"campfire_choices":[{"floor":6,"key":"REST"},{"data":"Loop","floor":8,"key":"SMITH"},{"floor":15,"key":"REST"}],"neow_cost":"","seed_source_timestamp":409696106258328,"circlet_count":0,"master_deck":["Strike_B","Strike_B","Strike_B","Strike_B","Defend_B","Defend_B","Defend_B","Defend_B","Zap","Dualcast","Double Energy","Loop","Regret","Loop+1","Redo","Glacier","Self Repair","Chill","Reinforced Body"],"relics":["Cracked Core","Golden Idol","Prayer Wheel","Pen Nib","GremlinMask","Torii","Bronze Scales"],"potions_floor_usage":[16],"damage_taken":[{"damage":8,"enemies":"Jaw Worm","floor":1,"turns":4},{"damage":15,"enemies":"Small Slimes","floor":5,"turns":3},{"damage":30,"enemies":"Lagavulin","floor":11,"turns":7},{"damage":6,"enemies":"2 Louse","floor":12,"turns":2},{"damage":4,"enemies":"Blue Slaver","floor":14,"turns":4},{"damage":47,"enemies":"Slime Boss","floor":16,"turns":9}],"seed_played":"2379694366994778363","potions_obtained":[{"floor":12,"key":"SpeedPotion"},{"floor":14,"key":"Swift Potion"}],"is_trial":false,"path_per_floor":["M","$","?","?","M","R","$","R","T","?","E","M","T","M","R"],"character_chosen":"DEFECT","items_purchased":["Loop","Redo"],"campfire_rested":2,"item_purchase_floors":[2,7],"current_hp_per_floor":[67,67,49,49,34,56,56,56,56,56,26,20,20,23,45,0],"gold":138,"neow_bonus":"","is_prod":false,"is_daily":false,"chose_seed":false,"campfire_upgraded":1,"win_rate":0,"timestamp":1534813450,"path_taken":["M","$","?","?","M","R","$","R","T","?","E","?","?","M","R","BOSS"],"build_version":"2018-08-16","purchased_purges":0,"victory":false,"max_hp_per_floor":[75,75,75,75,75,75,75,75,75,75,75,75,75,75,75,75],"card_choices":[{"not_picked":["Go for the Eyes","Melter"],"picked":"Double Energy","floor":1},{"not_picked":["Gash","Force Field"],"picked":"Loop","floor":5},{"not_picked":["Steam Power","Beam Cell","Barrage"],"picked":"SKIP","floor":5},{"not_picked":["Turbo","Doom and Gloom","Streamline"],"picked":"SKIP","floor":11},{"not_picked":["Storm","Streamline"],"picked":"Glacier","floor":12},{"not_picked":["Stack","Leap"],"picked":"Self Repair","floor":12},{"not_picked":["Conserve Battery","Beam Cell"],"picked":"Chill","floor":14},{"not_picked":["Storm","Seek"],"picked":"Reinforced Body","floor":14}],"player_experience":95662,"relics_obtained":[{"floor":9,"key":"Pen Nib"},{"floor":11,"key":"Torii"},{"floor":13,"key":"Bronze Scales"}],"event_choices":[{"event_name":"Golden Idol","player_choice":"Take Damage","floor":3,"damage_taken":0},{"event_name":"Big Fish","player_choice":"Box","floor":4,"damage_taken":0},{"event_name":"FaceTrader","player_choice":"Trade","floor":10,"damage_taken":0}],"is_beta":false,"boss_relics":[],"items_purged_floors":[],"is_endless":false,"potions_floor_spawned":[12,14],"killed_by":"Slime Boss","ascension_level":3}