{"gold_per_floor":[215,215,52,68,68,68,96,96,121,135,135,18,51,71,71,144,144,155,175,9,9,9,9,29,55,55,55,55,55,3,3],"floor_reached":31,"playtime":1209,"items_purged":["Pain"],"score":518,"play_id":"b3f127bc-5f92-4fc0-9e88-04e2ba00ed9e","local_time":"20190530004146","is_ascension_mode":true,"campfire_choices":[{"data":"Tempest","floor":6,"key":"SMITH"},{"data":"Loop","floor":8,"key":"SMITH"},{"data":"Sunder","floor":11,"key":"SMITH"},{"floor":15,"key":"REST"},{"data":"Buffer","floor":23,"key":"SMITH"},{"floor":27,"key":"REST"}],"neow_cost":"NONE","seed_source_timestamp":1228345050297883,"circlet_count":0,"master_deck":["AscendersBane","Strike_B","Strike_B","Strike_B+1","Strike_B+1","Defend_B","Defend_B","Defend_B","Defend_B","Zap","Dualcast","Tempest+1","Cold Snap","Loop+1","Sunder+1","Loop","Echo Form","Gash","Buffer+1","Reinforced Body","Force Field","Conserve Battery+1"],"relics":["Cracked Core","Lantern","WarpedTongs","Gremlin Horn","Whetstone","Anchor","Inserter","Centennial Puzzle","Ornamental Fan","Toxic Egg 2"],"potions_floor_usage":[25,25,31],"damage_taken":[{"damage":7,"enemies":"Jaw Worm","floor":1,"turns":3},{"damage":0,"enemies":"Cultist","floor":4,"turns":2},{"damage":20,"enemies":"Lagavulin","floor":7,"turns":6},{"damage":2,"enemies":"Small Slimes","floor":10,"turns":2},{"damage":3,"enemies":"3 Sentries","floor":13,"turns":4},{"damage":8,"enemies":"Blue Slaver","floor":14,"turns":3},{"damage":42,"enemies":"Slime Boss","floor":16,"turns":7},{"damage":2,"enemies":"3 Byrds","floor":18,"turns":4},{"damage":12,"enemies":"Shell Parasite","floor":19,"turns":8},{"damage":10,"enemies":"Chosen and Byrds","floor":24,"turns":7},{"damage":31,"enemies":"Book of Stabbing","floor":25,"turns":5},{"damage":45,"enemies":"Slavers","floor":31,"turns":3}],"seed_played":"-4987725547542843603","potions_obtained":[{"floor":4,"key":"Ancient Potion"},{"floor":13,"key":"Poison Potion"},{"floor":14,"key":"SteroidPotion"},{"floor":24,"key":"Poison Potion"},{"floor":25,"key":"Poison Potion"}],"is_trial":false,"path_per_floor":["M","?","$","M","?","R","E","R","T","M","R","$","E","M","R","B",null,"M","M","$","?","?","R","M","E","T","R","?","$","$","E"],"character_chosen":"DEFECT","items_purchased":["Lantern","Loop","Centennial Puzzle","Conserve Battery+1"],"campfire_rested":2,"item_purchase_floors":[3,12,20,30],"current_hp_per_floor":[57,62,62,62,62,62,42,42,42,40,40,40,37,29,51,9,59,57,45,45,45,45,45,35,4,4,26,26,26,26,0],"gold":3,"neow_bonus":"HUNDRED_GOLD","is_prod":false,"is_daily":false,"chose_seed":false,"campfire_upgraded":4,"win_rate":0,"timestamp":1559191306,"path_taken":["M","?","$","M","?","R","E","R","T","?","R","?","E","M","R","BOSS","M","M","$","?","?","R","M","E","T","R","?","?","$","E"],"build_version":"2019-01-23","purchased_purges":1,"victory":false,"max_hp_per_floor":[71,76,76,76,76,76,76,76,76,76,76,76,76,76,76,76,76,76,76,76,76,76,76,76,76,76,76,76,76,76,76],"card_choices":[{"not_picked":["Conserve Battery","White Noise"],"picked":"Tempest","floor":1},{"not_picked":["Loop","Compile Driver"],"picked":"Cold Snap","floor":4},{"not_picked":["Lockon","Force Field"],"picked":"Loop","floor":7},{"not_picked":["Stack","Tempest"],"picked":"Sunder","floor":10},{"not_picked":["Rip and Tear","Blizzard"],"picked":"Echo Form","floor":13},{"not_picked":["Chaos","Steam"],"picked":"Gash","floor":14},{"not_picked":["Thunder Strike","Hyperbeam"],"picked":"Buffer","floor":16},{"not_picked":["Leap+1","Doom and Gloom+1"],"picked":"Reinforced Body","floor":18},{"not_picked":["Melter","Ball Lightning"],"picked":"Force Field","floor":19},{"not_picked":["Gash","Rebound","Redo"],"picked":"SKIP","floor":24},{"not_picked":["Turbo+1","Redo","Fusion"],"picked":"SKIP","floor":25}],"player_experience":1455906,"relics_obtained":[{"floor":7,"key":"Gremlin Horn"},{"floor":9,"key":"Whetstone"},{"floor":13,"key":"Anchor"},{"floor":25,"key":"Ornamental Fan"},{"floor":26,"key":"Toxic Egg 2"}],"event_choices":[{"damage_healed":0,"gold_gain":0,"player_choice":"Donut","damage_taken":0,"max_hp_gain":5,"max_hp_loss":0,"event_name":"Big Fish","floor":2,"gold_loss":0},{"damage_healed":0,"gold_gain":0,"player_choice":"Rummage","damage_taken":0,"relics_obtained":["WarpedTongs"],"max_hp_gain":0,"max_hp_loss":0,"event_name":"Accursed Blacksmith","floor":5,"gold_loss":0,"cards_obtained":["Pain"]},{"damage_healed":0,"gold_gain":0,"player_choice":"Ignored","damage_taken":0,"max_hp_gain":0,"max_hp_loss":0,"event_name":"Vampires","floor":21,"gold_loss":0},{"damage_healed":0,"gold_gain":0,"player_choice":"Ignored","damage_taken":0,"max_hp_gain":0,"max_hp_loss":0,"event_name":"Beggar","floor":22,"gold_loss":0},{"damage_healed":0,"gold_gain":0,"player_choice":"Ignored","damage_taken":0,"max_hp_gain":0,"max_hp_loss":0,"event_name":"The Mausoleum","floor":28,"gold_loss":0}],"is_beta":false,"boss_relics":[{"not_picked":["Calling Bell","Nuclear Battery"],"picked":"Inserter"}],"items_purged_floors":[12],"is_endless":false,"potions_floor_spawned":[4,13,14,19,24,25],"killed_by":"Slavers","ascension_level":20}