{"gold_per_floor":[119,119,4,22,22,22,33,33,33,33,108,125,25,37,37,139,139,149,168,181,7,18,18],"floor_reached":23,"playtime":1716,"items_purged":["Strike_G","Defend_G","Strike_G"],"score":192,"play_id":"16a70fb1-2f13-4d6b-bbd7-0402007d4a86","local_time":"20180821003613","is_ascension_mode":true,"campfire_choices":[{"data":"Neutralize","floor":6,"key":"SMITH"},{"data":"Footwork","floor":8,"key":"SMITH"},{"data":"Skewer","floor":10,"key":"SMITH"},{"data":"Blur","floor":15,"key":"SMITH"}],"neow_cost":"NONE","seed_source_timestamp":421171431425773,"circlet_count":0,"master_deck":["Defend_G","Defend_G","Defend_G","Strike_G","Survivor","Neutralize+1","Skewer+1","Footwork+1","Blur+1","Outmaneuver","Prepared","Prepared","Well Laid Plans","Acrobatics"],"relics":["Ring of the Snake","Ancient Tea Set","Fusion Hammer"],"potions_floor_usage":[16],"damage_taken":[{"damage":0,"enemies":"Jaw Worm","floor":1,"turns":6},{"damage":0,"enemies":"Small Slimes","floor":4,"turns":5},{"damage":0,"enemies":"2 Louse","floor":7,"turns":4},{"damage":0,"enemies":"Gremlin Gang","floor":12,"turns":8},{"damage":0,"enemies":"Lots of Slimes","floor":14,"turns":8},{"damage":21,"enemies":"Slime Boss","floor":16,"turns":23},{"damage":1,"enemies":"2 Thieves","floor":18,"turns":5},{"damage":5,"enemies":"Shell Parasite","floor":19,"turns":5},{"damage":0,"enemies":"Centurion and Healer","floor":20,"turns":9},{"damage":0,"enemies":"Snake Plant","floor":22,"turns":4},{"damage":79,"enemies":"Gremlin Leader","floor":23,"turns":12}],"seed_played":"-1233038316147659428","potions_obtained":[{"floor":1,"key":"EntropicBrew"},{"floor":18,"key":"PowerPotion"}],"is_trial":false,"path_per_floor":["M","?","$","M","?","R","M","R","T","R","?","M","$","M","R","B",null,"M","M","M","$","M"],"character_chosen":"THE_SILENT","items_purchased":["Blur","Acrobatics"],"campfire_rested":0,"item_purchase_floors":[3,21],"current_hp_per_floor":[70,70,70,70,70,70,70,70,70,70,59,59,59,59,59,38,70,69,64,64,64,64,0],"gold":18,"neow_bonus":"TRANSFORM_CARD","is_prod":false,"is_daily":false,"chose_seed":false,"campfire_upgraded":4,"win_rate":0,"timestamp":1534826173,"path_taken":["M","?","$","M","?","R","?","R","T","R","?","M","$","?","R","BOSS","M","M","M","$","M","E"],"build_version":"2018-08-16","purchased_purges":3,"victory":false,"max_hp_per_floor":[70,70,70,70,70,70,70,70,70,70,70,70,70,70,70,70,70,70,70,70,70,70,70],"card_choices":[{"not_picked":["Escape Plan","Deflect"],"picked":"Footwork","floor":1},{"not_picked":["Crippling Poison","Bane","Expertise"],"picked":"SKIP","floor":4},{"not_picked":["Skewer","Caltrops","Dodge and Roll"],"picked":"SKIP","floor":7},{"not_picked":["A Thousand Cuts","Dagger Throw","Blade Dance"],"picked":"SKIP","floor":12},{"not_picked":["Bouncing Flask","Distraction"],"picked":"Outmaneuver","floor":14},{"not_picked":["Blade Dance","Bane+1"],"picked":"Prepared","floor":18},{"not_picked":["Slice","Underhanded Strike"],"picked":"Prepared","floor":19},{"not_picked":["Outmaneuver","Choke+1"],"picked":"Well Laid Plans","floor":20},{"not_picked":["Sucker Punch","Cloak And Dagger","Well Laid Plans+1"],"picked":"SKIP","floor":22}],"player_experience":104765,"relics_obtained":[{"floor":9,"key":"Ancient Tea Set"}],"event_choices":[{"event_name":"Living Wall","player_choice":"Forget","floor":2,"damage_taken":0},{"event_name":"Bonfire Elementals","player_choice":"BASIC","floor":5,"damage_taken":0},{"event_name":"World of Goop","player_choice":"Gather Gold","floor":11,"damage_taken":0}],"is_beta":false,"boss_relics":[{"not_picked":["Velvet Choker","Empty Cage"],"picked":"Fusion Hammer"}],"items_purged_floors":[3,13,21],"is_endless":false,"potions_floor_spawned":[1,18,19,22],"killed_by":"Gremlin Leader","ascension_level":1}