{"gold_per_floor":[10,10,27,47,61,61,61,89,113,130,130,179,179,195,195,298,298,315,326,326,25,36,36,36],"floor_reached":24,"playtime":1480,"items_purged":[],"score":248,"play_id":"55071522-a1b6-4166-9804-3be61bd7ee64","local_time":"20180822233016","is_ascension_mode":true,"campfire_choices":[{"data":"Body Slam","floor":6,"key":"SMITH"},{"data":"Clothesline","floor":11,"key":"SMITH"},{"data":"Bash","floor":13,"key":"SMITH"},{"floor":15,"key":"REST"},{"data":"Iron Wave","floor":23,"key":"SMITH"}],"neow_cost":"NO_GOLD","seed_source_timestamp":590266145051539,"circlet_count":0,"master_deck":["Strike_R","Strike_R","Strike_R","Strike_R","Defend_R","Defend_R","Defend_R","Bash+1","Body Slam+1","Cleave+1","Body Slam+1","Headbutt","Ghostly Armor","Clothesline+1","Iron Wave+1","Reaper","Evolve","Warcry+1"],"relics":["Burning Blood","Ancient Tea Set","Whetstone","Art of War","Cursed Key","Omamori","Lantern"],"potions_floor_usage":[8,8,16],"damage_taken":[{"damage":4,"enemies":"2 Louse","floor":1,"turns":3},{"damage":6,"enemies":"Cultist","floor":3,"turns":4},{"damage":12,"enemies":"Jaw Worm","floor":4,"turns":2},{"damage":41,"enemies":"Exordium Thugs","floor":5,"turns":5},{"damage":35,"enemies":"Lagavulin","floor":8,"turns":7},{"damage":0,"enemies":"Blue Slaver","floor":10,"turns":2},{"damage":15,"enemies":"Large Slime","floor":14,"turns":5},{"damage":43,"enemies":"The Guardian","floor":16,"turns":15},{"damage":0,"enemies":"Chosen","floor":18,"turns":4},{"damage":20,"enemies":"Shell Parasite","floor":19,"turns":5},{"damage":41,"enemies":"Snake Plant","floor":22,"turns":6},{"damage":41,"enemies":"Cultist and Chosen","floor":24,"turns":6}],"seed_played":"-6571554240754679560","potions_obtained":[{"floor":1,"key":"Swift Potion"},{"floor":3,"key":"SteroidPotion"},{"floor":5,"key":"Regen Potion"},{"floor":7,"key":"FearPotion"}],"is_trial":false,"path_per_floor":["M","?","M","M","M","R","?","E","T","M","R","T","R","M","R","B",null,"M","M","?","$","M","R"],"character_chosen":"IRONCLAD","items_purchased":["Omamori","Lantern"],"campfire_rested":1,"item_purchase_floors":[21,21],"current_hp_per_floor":[80,85,85,79,44,44,44,24,24,30,30,30,30,21,46,9,66,75,61,61,61,29,29,0],"gold":36,"neow_bonus":"REMOVE_TWO","is_prod":false,"is_daily":false,"chose_seed":false,"campfire_upgraded":4,"win_rate":0,"timestamp":1534995016,"path_taken":["M","?","M","M","M","R","?","E","T","M","R","?","R","?","R","BOSS","M","M","?","$","M","R","M"],"build_version":"2018-08-16","purchased_purges":0,"victory":false,"max_hp_per_floor":[80,85,85,85,85,85,85,85,85,85,85,85,85,85,85,85,85,85,85,85,85,85,85,85],"card_choices":[{"not_picked":["Rupture","Flame Barrier"],"picked":"Body Slam","floor":1},{"not_picked":["Perfected Strike","Hemokinesis"],"picked":"Cleave","floor":3},{"not_picked":["Armaments","Pommel Strike"],"picked":"Body Slam","floor":4},{"not_picked":["Body Slam","Sever Soul"],"picked":"Headbutt","floor":5},{"not_picked":["Clothesline","Twin Strike"],"picked":"Ghostly Armor","floor":8},{"not_picked":["Thunderclap","Armaments"],"picked":"Clothesline","floor":10},{"not_picked":["Limit Break","Rage"],"picked":"Iron Wave","floor":14},{"not_picked":["Immolate","Exhume"],"picked":"Reaper","floor":16},{"not_picked":["Clothesline","Wild Strike+1","Armaments"],"picked":"SKIP","floor":18},{"not_picked":["Sever Soul","Combust","Thunderclap"],"picked":"SKIP","floor":19},{"not_picked":["Entrench+1","Sever Soul+1"],"picked":"Warcry+1","floor":22}],"player_experience":140675,"relics_obtained":[{"floor":8,"key":"Ancient Tea Set"},{"floor":9,"key":"Whetstone"},{"floor":12,"key":"Art of War"}],"event_choices":[{"event_name":"Big Fish","player_choice":"Donut","floor":2,"damage_taken":0},{"event_name":"The Lab","player_choice":"Got Potions","floor":7,"damage_taken":0},{"event_name":"The Library","player_choice":"Read","floor":20,"damage_taken":0}],"is_beta":false,"boss_relics":[{"not_picked":["Lizard Tail","Snecko Eye"],"picked":"Cursed Key"}],"items_purged_floors":[],"is_endless":false,"potions_floor_spawned":[1,3,5],"killed_by":"Cultist and Chosen","ascension_level":5}