{"gold_per_floor":[119,131,147,147,166,166,193,193,217,217,217,217,43,72,72,145,145,165,177,177,26,43,43,114,148,148,148,148,165,183,98,98,171,171,189,89,107,123,141,141,175,175,175,204,217,235,235,269,281,293],"floor_reached":50,"playtime":4317,"items_purged":["Strike_G","Flying Knee"],"score":1310,"play_id":"f77209c7-0236-4159-9b3f-3e4ec9c918fb","local_time":"20190503232254","is_ascension_mode":true,"campfire_choices":[{"data":"All Out Attack","floor":6.0,"key":"SMITH"},{"data":"Crippling Poison","floor":8.0,"key":"SMITH"},{"floor":12.0,"key":"REST"},{"data":"Bouncing Flask","floor":15.0,"key":"SMITH"},{"data":"Calculated Gamble","floor":23.0,"key":"SMITH"},{"data":"Noxious Fumes","floor":28.0,"key":"SMITH"},{"data":"Ghostly","floor":32,"key":"SMITH"},{"data":"Wraith Form v2","floor":40,"key":"SMITH"},{"data":"Ghostly","floor":42,"key":"SMITH"},{"floor":47,"key":"RECALL"},{"data":"Night Terror","floor":49,"key":"SMITH"}],"neow_cost":"NONE","seed_source_timestamp":331207736585647,"circlet_count":0,"master_deck":["AscendersBane","Survivor","Neutralize+1","Crippling Poison+1","All Out Attack+1","Quick Slash","Dagger Throw","After Image","Masterful Stab","Bouncing Flask+1","After Image","Escape Plan","Deadly Poison","Ghostly","Ghostly+1","Ghostly+1","Noxious Fumes+1","Calculated Gamble+1","Backflip","Infinite Blades","Night Terror+1","PiercingWail","Corpse Explosion","Poisoned Stab","Bane","Tools of the Trade","Bullet Time","Wraith Form v2+1","Calculated Gamble+1","Catalyst+1","Catalyst+1","Backflip+1"],"special_seed":0,"relics":["Ring of the Snake","Dream Catcher","Bronze Scales","Happy Flower","Pen Nib","Eternal Feather","Gremlin Horn","Tough Bandages","Pandora\u0027s Box","Pear","The Courier","MawBank"],"potions_floor_usage":[39,41,46],"damage_taken":[{"damage":2.0,"enemies":"Cultist","floor":1.0,"turns":5.0},{"damage":2.0,"enemies":"Small Slimes","floor":2.0,"turns":5.0},{"damage":2.0,"enemies":"Jaw Worm","floor":3.0,"turns":7.0},{"damage":8.0,"enemies":"Exordium Wildlife","floor":5.0,"turns":4.0},{"damage":27.0,"enemies":"Gremlin Nob","floor":7.0,"turns":4.0},{"damage":10.0,"enemies":"Lagavulin","floor":14.0,"turns":7.0},{"damage":9.0,"enemies":"Hexaghost","floor":16.0,"turns":8.0},{"damage":0.0,"enemies":"3 Byrds","floor":18.0,"turns":2.0},{"damage":10.0,"enemies":"2 Thieves","floor":19.0,"turns":5.0},{"damage":1.0,"enemies":"Centurion and Healer","floor":22.0,"turns":5.0},{"damage":22.0,"enemies":"Book of Stabbing","floor":25.0,"turns":6.0},{"damage":0.0,"enemies":"Slavers","floor":27.0,"turns":3.0},{"damage":0.0,"enemies":"Snake Plant","floor":29.0,"turns":3.0},{"damage":16,"enemies":"Cultist and Chosen","floor":30,"turns":6},{"damage":11,"enemies":"Automaton","floor":33,"turns":11},{"damage":0,"enemies":"3 Darklings","floor":35,"turns":3},{"damage":4,"enemies":"Orb Walker","floor":37,"turns":5},{"damage":0,"enemies":"Transient","floor":38,"turns":6},{"damage":7,"enemies":"Writhing Mass","floor":39,"turns":7},{"damage":0,"enemies":"Nemesis","floor":41,"turns":9},{"damage":0,"enemies":"Giant Head","floor":44,"turns":8},{"damage":2,"enemies":"4 Shapes","floor":45,"turns":5},{"damage":1,"enemies":"Sphere and 2 Shapes","floor":46,"turns":7},{"damage":16,"enemies":"Nemesis","floor":48,"turns":5},{"damage":55,"enemies":"Time Eater","floor":50,"turns":6}],"seed_played":"-6934990229205234027","potions_obtained":[{"floor":5.0,"key":"Poison Potion"},{"floor":7.0,"key":"SmokeBomb"},{"floor":18.0,"key":"Weak Potion"},{"floor":25.0,"key":"Dexterity Potion"},{"floor":30,"key":"Explosive Potion"},{"floor":38,"key":"Fruit Juice"},{"floor":39,"key":"AttackPotion"},{"floor":44,"key":"Swift Potion"},{"floor":46,"key":"LiquidBronze"}],"is_trial":false,"path_per_floor":["M","M","M","?","M","R","E","R","T","?","?","R","$","E","R","B",null,"M","M","?","$","M","R","T","E","T","E","R","M","M","$","R","B",null,"M","$","M","M","M","R","E","R","T","E","M","M","R","E","R","B"],"character_chosen":"THE_SILENT","items_purchased":["After Image","Masterful Stab","Noxious Fumes","Infinite Blades"],"campfire_rested":1,"item_purchase_floors":[13,13,21,31],"current_hp_per_floor":[57,55,53,53,45,45,18,18,18,18,18,37,37,27,27,18,54,54,44,33,33,32,33,33,11,11,11,26,26,10,10,25,14,28,28,28,24,24,22,37,47,48,48,48,46,45,48,32,48,0],"gold":293,"neow_bonus":"RANDOM_COMMON_RELIC","is_prod":false,"is_daily":false,"chose_seed":false,"campfire_upgraded":9,"win_rate":0,"timestamp":1556940174,"path_taken":["M","?","M","?","?","R","E","R","T","?","?","R","$","E","R","BOSS","M","?","?","$","M","R","?","E","T","E","R","M","M","?","R","BOSS","M","$","M","M","M","R","E","R","T","E","M","M","R","E","R","BOSS"],"build_version":"2019-01-23","purchased_purges":2,"victory":false,"max_hp_per_floor":[66,66,66,66,66,66,66,66,66,66,66,66,66,66,66,66,66,66,66,33,33,33,33,33,33,33,33,33,33,33,33,33,33,33,33,33,33,33,38,38,48,48,48,48,48,48,48,48,48,48],"card_choices":[{"not_picked":["Backflip","Outmaneuver","Blur"],"picked":"SKIP","floor":1.0},{"not_picked":["Prepared","Footwork"],"picked":"Crippling Poison","floor":2.0},{"not_picked":["Setup","Blade Dance"],"picked":"Flying Knee","floor":3.0},{"not_picked":["Slice","Dagger Spray"],"picked":"All Out Attack","floor":5.0},{"not_picked":["Underhanded Strike","Prepared"],"picked":"Quick Slash","floor":7.0},{"not_picked":["Heel Hook","Tactician"],"picked":"Bouncing Flask","floor":14.0},{"not_picked":["Wraith Form v2","Tools of the Trade"],"picked":"After Image","floor":16.0},{"not_picked":["Dagger Spray","Eviscerate"],"picked":"Escape Plan","floor":18.0},{"not_picked":["Dagger Throw","Quick Slash"],"picked":"Deadly Poison","floor":19.0},{"not_picked":["Reflex","Flying Knee"],"picked":"Calculated Gamble","floor":22.0},{"not_picked":["Setup","Finisher","Acrobatics"],"picked":"SKIP","floor":25.0},{"not_picked":["Dodge and Roll+1","Leg Sweep"],"picked":"Backflip","floor":29.0},{"not_picked":["Deadly Poison","Underhanded Strike","Grand Finale"],"picked":"SKIP","floor":30},{"not_picked":["Envenom","Doppelganger"],"picked":"Night Terror","floor":33},{"not_picked":["Underhanded Strike","Deflect+1","Deadly Poison"],"picked":"SKIP","floor":35},{"not_picked":["Deflect+1","Dagger Throw","Noxious Fumes"],"picked":"SKIP","floor":37},{"not_picked":["Dodge and Roll","Finisher","Poisoned Stab"],"picked":"SKIP","floor":38},{"not_picked":["All Out Attack","Underhanded Strike+1"],"picked":"Calculated Gamble+1","floor":39},{"not_picked":["Escape Plan","Acrobatics+1"],"picked":"Catalyst+1","floor":41},{"not_picked":["Dagger Spray","Heel Hook"],"picked":"Catalyst+1","floor":44},{"not_picked":["Deadly Poison","Underhanded Strike+1","Flechettes"],"picked":"SKIP","floor":45},{"not_picked":["Escape Plan","Sucker Punch+1"],"picked":"Backflip+1","floor":46},{"not_picked":["Acrobatics","Flying Knee+1","Dagger Spray"],"picked":"SKIP","floor":48}],"player_experience":1166357,"relics_obtained":[{"floor":7.0,"key":"Bronze Scales"},{"floor":9.0,"key":"Happy Flower"},{"floor":14.0,"key":"Pen Nib"},{"floor":24.0,"key":"Gremlin Horn"},{"floor":25.0,"key":"Tough Bandages"},{"floor":41,"key":"Pear"},{"floor":44,"key":"The Courier"},{"floor":48,"key":"MawBank"}],"event_choices":[{"cards_removed":["Strike_G"],"damage_healed":0.0,"max_hp_gain":0.0,"max_hp_loss":0.0,"gold_gain":0.0,"event_name":"Purifier","player_choice":"Purged","floor":4.0,"gold_loss":0.0,"damage_taken":0.0},{"damage_healed":0.0,"max_hp_gain":0.0,"max_hp_loss":0.0,"gold_gain":0.0,"cards_transformed":["Strike_G"],"event_name":"Living Wall","player_choice":"Change","floor":10.0,"gold_loss":0.0,"damage_taken":0.0,"cards_obtained":["Dagger Throw"]},{"damage_healed":0.0,"max_hp_gain":0.0,"max_hp_loss":0.0,"gold_gain":0.0,"event_name":"Upgrade Shrine","player_choice":"Upgraded","floor":11.0,"gold_loss":0.0,"damage_taken":0.0,"cards_upgraded":["Neutralize"]},{"damage_healed":0.0,"max_hp_gain":0.0,"max_hp_loss":33.0,"gold_gain":0.0,"event_name":"Ghosts","player_choice":"Became a Ghost","floor":20.0,"gold_loss":0.0,"damage_taken":0.0,"cards_obtained":["Ghostly","Ghostly","Ghostly"]}],"is_beta":false,"boss_relics":[{"not_picked":["Busted Crown","Lizard Tail"],"picked":"Eternal Feather"},{"not_picked":["HoveringKite","Astrolabe"],"picked":"Pandora\u0027s Box"}],"items_purged_floors":[21,36],"is_endless":false,"potions_floor_spawned":[5,7,18,25,27,30,37,38,39,44,46],"killed_by":"Time Eater","ascension_level":20}