{"gold_per_floor":[113,113,113,138,138,138,161,161,161,46,46,90,90,113,113,239,239,252,252,272,172,97,196,236,236,291,291,291,310,39,39],"floor_reached":31,"playtime":1322,"items_purged":["Strike_G","Strike_G","Strike_G"],"score":286,"play_id":"35a379d1-7c6b-4376-93b7-c2eee8f26385","local_time":"20190722004321","is_ascension_mode":true,"campfire_choices":[{"data":"Blade Dance","floor":6,"key":"SMITH"},{"data":"Neutralize","floor":8,"key":"SMITH"},{"floor":13,"key":"RECALL"},{"floor":15,"key":"REST"}],"neow_cost":"NONE","seed_source_timestamp":654866202256496,"circlet_count":0,"master_deck":["Strike_G","Defend_G","Defend_G","Defend_G","Defend_G","Defend_G","Survivor","Neutralize+1","Blade Dance+1","Infinite Blades+1","Escape Plan","Adrenaline","Blade Dance+1","All Out Attack+1","J.A.X.","After Image"],"relics":["Ring of the Snake","NeowsBlessing","Golden Idol","Letter Opener","Regal Pillow","Runic Pyramid","Mummified Hand"],"potions_floor_usage":[12,16,24,24,29],"damage_taken":[{"damage":0,"enemies":"2 Louse","floor":1,"turns":1},{"damage":0,"enemies":"Small Slimes","floor":4,"turns":1},{"damage":0,"enemies":"Cultist","floor":7,"turns":1},{"damage":9,"enemies":"Gremlin Nob","floor":12,"turns":4},{"damage":8,"enemies":"3 Louse","floor":14,"turns":4},{"damage":36,"enemies":"Slime Boss","floor":16,"turns":16},{"damage":7,"enemies":"3 Byrds","floor":18,"turns":4},{"damage":20,"enemies":"2 Thieves","floor":20,"turns":4},{"damage":44,"enemies":"Book of Stabbing","floor":24,"turns":6},{"damage":16,"enemies":"Colosseum Slavers","floor":27,"turns":3},{"damage":27,"enemies":"Snake Plant","floor":29,"turns":4},{"damage":10,"enemies":"Centurion and Healer","floor":31,"turns":1}],"seed_played":"1739613458978560024","potions_obtained":[{"floor":1,"key":"AttackPotion"},{"floor":4,"key":"Ancient Potion"},{"floor":5,"key":"Regen Potion"},{"floor":5,"key":"FairyPotion"},{"floor":5,"key":"SkillPotion"},{"floor":12,"key":"Dexterity Potion"},{"floor":18,"key":"Strength Potion"},{"floor":24,"key":"FearPotion"}],"is_trial":false,"path_per_floor":["M","?","?","M","?","R","M","R","T","$","?","E","R","M","R","B",null,"M","?","M","$","?","?","E","?","T","?","?","M","$","M"],"character_chosen":"THE_SILENT","items_purchased":["Infinite Blades","After Image"],"campfire_rested":1,"item_purchase_floors":[10,30],"current_hp_per_floor":[70,53,58,58,58,58,58,58,58,58,58,49,49,41,75,39,75,68,68,48,48,48,48,13,13,13,7,32,5,5,0],"gold":39,"neow_bonus":"THREE_ENEMY_KILL","is_prod":false,"is_daily":false,"chose_seed":false,"campfire_upgraded":2,"win_rate":0,"timestamp":1563770601,"path_taken":["M","?","?","M","?","R","?","R","T","$","?","E","R","?","R","BOSS","M","?","?","$","?","?","E","?","T","?","?","?","$","M"],"build_version":"2019-07-17","purchased_purges":3,"victory":false,"max_hp_per_floor":[70,70,75,75,75,75,75,75,75,75,75,75,75,75,75,75,75,75,75,75,75,75,75,75,75,75,75,75,75,75,75],"card_choices":[{"not_picked":["Predator","Slice"],"picked":"Blade Dance","floor":1},{"not_picked":["Prepared","Choke","Flying Knee"],"picked":"SKIP","floor":4},{"not_picked":["Outmaneuver","Concentrate","Reflex"],"picked":"SKIP","floor":7},{"not_picked":["Prepared","Slice","Skewer"],"picked":"SKIP","floor":12},{"not_picked":["Expertise","Dodge and Roll"],"picked":"Escape Plan","floor":14},{"not_picked":["Bullet Time","Doppelganger"],"picked":"Adrenaline","floor":16},{"not_picked":["Choke","Infinite Blades","Underhanded Strike"],"picked":"SKIP","floor":18},{"not_picked":["Crippling Poison","Dagger Throw"],"picked":"All Out Attack+1","floor":20},{"not_picked":["Prepared","Poisoned Stab","Night Terror"],"picked":"SKIP","floor":24},{"not_picked":["Poisoned Stab","Bane","Quick Slash"],"picked":"SKIP","floor":29}],"player_experience":146806,"relics_obtained":[{"floor":9,"key":"Letter Opener"},{"floor":12,"key":"Regal Pillow"},{"floor":24,"key":"Mummified Hand"}],"event_choices":[{"damage_healed":0,"gold_gain":0,"player_choice":"Take Damage","damage_taken":17,"relics_obtained":["Golden Idol"],"max_hp_gain":0,"max_hp_loss":0,"event_name":"Golden Idol","floor":2,"gold_loss":0},{"damage_healed":0,"gold_gain":0,"player_choice":"Donut","damage_taken":0,"max_hp_gain":5,"max_hp_loss":0,"event_name":"Big Fish","floor":3,"gold_loss":0},{"damage_healed":0,"gold_gain":0,"player_choice":"Got Potions","damage_taken":0,"max_hp_gain":0,"max_hp_loss":0,"event_name":"Lab","floor":5,"gold_loss":0},{"damage_healed":0,"gold_gain":0,"player_choice":"Upgraded","damage_taken":0,"max_hp_gain":0,"max_hp_loss":0,"event_name":"Upgrade Shrine","floor":11,"gold_loss":0,"cards_upgraded":["Infinite Blades"]},{"damage_healed":0,"gold_gain":0,"player_choice":"Copied","damage_taken":0,"max_hp_gain":0,"max_hp_loss":0,"event_name":"Duplicator","floor":19,"gold_loss":0,"cards_obtained":["Blade Dance"]},{"cards_removed":["Strike_G"],"damage_healed":0,"gold_gain":0,"player_choice":"Gave Gold","damage_taken":0,"max_hp_gain":0,"max_hp_loss":0,"event_name":"Beggar","floor":22,"gold_loss":75},{"damage_healed":0,"gold_gain":99,"player_choice":"Stole From Cult","damage_taken":0,"max_hp_gain":0,"max_hp_loss":0,"event_name":"Nest","floor":23,"gold_loss":0},{"damage_healed":0,"gold_gain":0,"player_choice":"Obtain J.A.X.","damage_taken":0,"max_hp_gain":0,"max_hp_loss":0,"event_name":"Drug Dealer","floor":25,"gold_loss":0,"cards_obtained":["J.A.X."]},{"damage_healed":0,"gold_gain":0,"player_choice":"Fight","damage_taken":0,"max_hp_gain":0,"max_hp_loss":0,"event_name":"Colosseum","floor":27,"gold_loss":0},{"damage_healed":0,"gold_gain":0,"player_choice":"Fled From Nobs","damage_taken":0,"max_hp_gain":0,"max_hp_loss":0,"event_name":"Colosseum","floor":27,"gold_loss":0},{"damage_healed":25,"gold_gain":0,"player_choice":"Heal","damage_taken":0,"max_hp_gain":0,"max_hp_loss":0,"event_name":"The Library","floor":28,"gold_loss":0}],"is_beta":false,"boss_relics":[{"not_picked":["Orrery","White Beast Statue"],"picked":"Runic Pyramid"}],"items_purged_floors":[10,21,30],"is_endless":false,"potions_floor_spawned":[1,4,12,18,20,24],"killed_by":"Centurion and Healer","ascension_level":3}