{"gold_per_floor":[115,115,129,72,72,107,118,147,147,164,184,184,68,68,68,143,143,163,180,190,190,210,210,210,239,239,270,280,136,136,136,136,136],"floor_reached":33,"playtime":1623,"items_purged":["Strike_R","Strike_R+1"],"score":590,"play_id":"25e80f91-5277-487a-887a-189b008fdc21","local_time":"20190603003718","is_ascension_mode":true,"campfire_choices":[{"data":"Spot Weakness","floor":12,"key":"SMITH"},{"data":"Evolve","floor":15,"key":"SMITH"},{"data":"Flame Barrier","floor":23,"key":"SMITH"},{"data":"Disarm","floor":32,"key":"SMITH"}],"neow_cost":"NONE","seed_source_timestamp":0,"circlet_count":0,"master_deck":["AscendersBane","Defend_R+1","Defend_R+1","Defend_R+1","Defend_R+1","Bash+1","Wild Strike","Pommel Strike","Spot Weakness+1","Thunderclap","Evolve+1","Metallicize","Flame Barrier+1","Reaper","Inflame+1","Ghostly Armor+1","Headbutt+1","Spot Weakness","Offering","True Grit","Metallicize","Disarm+1","RitualDagger"],"special_seed":0,"relics":["Burning Blood","Pantograph","Question Card","Pen Nib","Mummified Hand","Astrolabe","MutagenicStrength","Centennial Puzzle","Bottled Tornado","Bag of Marbles"],"potions_floor_usage":[8,8,8,22],"damage_taken":[{"damage":1,"enemies":"Cultist","floor":1,"turns":3},{"damage":7,"enemies":"Small Slimes","floor":3,"turns":3},{"damage":30,"enemies":"Lagavulin","floor":6,"turns":5},{"damage":10,"enemies":"2 Louse","floor":7,"turns":3},{"damage":8,"enemies":"Gremlin Nob","floor":8,"turns":3},{"damage":11,"enemies":"2 Fungi Beasts","floor":10,"turns":3},{"damage":11,"enemies":"3 Louse","floor":11,"turns":4},{"damage":33,"enemies":"Hexaghost","floor":16,"turns":9},{"damage":24,"enemies":"Chosen","floor":18,"turns":5},{"damage":31,"enemies":"Shell Parasite","floor":19,"turns":5},{"damage":31,"enemies":"Snake Plant","floor":20,"turns":4},{"damage":4,"enemies":"Centurion and Healer","floor":22,"turns":8},{"damage":47,"enemies":"Slavers","floor":25,"turns":7},{"damage":7,"enemies":"Gremlin Leader","floor":27,"turns":6},{"damage":6,"enemies":"3 Cultists","floor":28,"turns":4},{"damage":68,"enemies":"Champ","floor":33,"turns":19}],"seed_played":"8269418340033369522","potions_obtained":[{"floor":6,"key":"EntropicBrew"},{"floor":8,"key":"SpeedPotion"},{"floor":10,"key":"Regen Potion"},{"floor":11,"key":"SteroidPotion"},{"floor":19,"key":"Fruit Juice"},{"floor":22,"key":"SpeedPotion"},{"floor":27,"key":"AttackPotion"}],"is_trial":false,"path_per_floor":["M","?","M","$","?","E","M","E","T","M","M","R","$","?","R","B",null,"M","M","M","?","M","R","?","E","T","E","M","$","?","?","R","B"],"character_chosen":"IRONCLAD","items_purchased":["AttackPotion","Flame Barrier","Disarm"],"campfire_rested":0,"item_purchase_floors":[4,13,29],"current_hp_per_floor":[73,55,54,54,59,35,31,29,29,24,19,19,19,19,19,17,64,46,35,24,24,48,48,48,37,37,83,85,85,79,79,79,17],"gold":136,"neow_bonus":"UPGRADE_CARD","is_prod":false,"is_daily":false,"chose_seed":false,"campfire_upgraded":4,"win_rate":0,"timestamp":1559536638,"path_taken":["M","?","M","$","?","E","M","E","T","M","M","R","$","?","R","BOSS","M","M","M","?","M","R","?","E","T","E","M","$","?","?","R","BOSS"],"build_version":"2019-01-23","purchased_purges":2,"victory":false,"max_hp_per_floor":[75,75,75,75,80,80,80,80,80,80,80,80,80,80,80,80,80,80,80,80,80,85,85,85,85,85,85,85,85,85,85,85,85],"card_choices":[{"not_picked":["Fire Breathing","Clash"],"picked":"Wild Strike","floor":1},{"not_picked":["Entrench","Headbutt"],"picked":"Pommel Strike","floor":3},{"not_picked":["Evolve","Iron Wave"],"picked":"Spot Weakness","floor":6},{"not_picked":["Warcry","Body Slam","Flex","Barricade"],"picked":"SKIP","floor":7},{"not_picked":["Dual Wield","Armaments","Iron Wave"],"picked":"Thunderclap","floor":8},{"not_picked":["Clash","Twin Strike","Clothesline"],"picked":"Evolve","floor":10},{"not_picked":["Wild Strike","Cleave","True Grit"],"picked":"Metallicize","floor":11},{"not_picked":["Fiend Fire","Limit Break","Demon Form"],"picked":"Reaper","floor":16},{"not_picked":["Metallicize","Armaments","Seeing Red"],"picked":"Spot Weakness","floor":18},{"not_picked":["Perfected Strike","Cleave","Reckless Charge","Pommel Strike"],"picked":"SKIP","floor":19},{"not_picked":["Perfected Strike","Cleave","Reckless Charge","Pommel Strike"],"picked":"SKIP","floor":19},{"not_picked":["Armaments+1","Dual Wield","Anger","Pommel Strike"],"picked":"SKIP","floor":20},{"not_picked":["Havoc","Bloodletting","Fire Breathing","Sever Soul"],"picked":"SKIP","floor":22},{"not_picked":["Ghostly Armor","Intimidate","Clothesline"],"picked":"Offering","floor":25},{"not_picked":["Havoc","Burning Pact","Iron Wave+1"],"picked":"True Grit","floor":27},{"not_picked":["Spot Weakness","Ghostly Armor","True Grit"],"picked":"Metallicize","floor":28}],"player_experience":1487993,"relics_obtained":[{"floor":6,"key":"Question Card"},{"floor":8,"key":"Pen Nib"},{"floor":9,"key":"Mummified Hand"},{"floor":25,"key":"Centennial Puzzle"},{"floor":26,"key":"Bottled Tornado"},{"floor":27,"key":"Bag of Marbles"}],"event_choices":[{"damage_healed":0,"gold_gain":0,"player_choice":"Success","damage_taken":18,"relics_obtained":["Pantograph"],"max_hp_gain":0,"max_hp_loss":0,"event_name":"Scrap Ooze","floor":2,"gold_loss":0},{"damage_healed":0,"gold_gain":0,"player_choice":"Donut","damage_taken":0,"max_hp_gain":5,"max_hp_loss":0,"event_name":"Big Fish","floor":5,"gold_loss":0},{"damage_healed":0,"gold_gain":0,"player_choice":"Ignored","damage_taken":0,"max_hp_gain":0,"max_hp_loss":0,"event_name":"Shining Light","floor":14,"gold_loss":0},{"damage_healed":0,"gold_gain":0,"player_choice":"Simplicity","damage_taken":0,"max_hp_gain":0,"max_hp_loss":0,"event_name":"Back to Basics","floor":21,"gold_loss":0,"cards_upgraded":["Strike_R","Defend_R","Defend_R","Defend_R","Defend_R"]},{"damage_healed":0,"gold_gain":0,"player_choice":"Inject Mutagens","damage_taken":0,"relics_obtained":["MutagenicStrength"],"max_hp_gain":0,"max_hp_loss":0,"event_name":"Drug Dealer","floor":24,"gold_loss":0},{"damage_healed":0,"gold_gain":0,"player_choice":"Joined the Cult","damage_taken":6,"max_hp_gain":0,"max_hp_loss":0,"event_name":"Nest","floor":30,"gold_loss":0,"cards_obtained":["RitualDagger"]},{"damage_healed":0,"gold_gain":0,"player_choice":"Ignored","damage_taken":0,"max_hp_gain":0,"max_hp_loss":0,"event_name":"Ghosts","floor":31,"gold_loss":0}],"is_beta":false,"boss_relics":[{"not_picked":["Lizard Tail","Black Star"],"picked":"Astrolabe"}],"items_purged_floors":[13,29],"is_endless":false,"potions_floor_spawned":[6,8,10,11,16,19,22,27,28],"killed_by":"Champ","ascension_level":20}