{"gold_per_floor":[111,286,286,297,153,153,164,180,207,207,230,274,274,289,289,412,412,436,419,344,364,364],"floor_reached":22,"playtime":2500,"items_purged":["Doubt"],"score":188,"play_id":"81986e04-1663-4e7f-9345-e563feaecf97","local_time":"20180818001430","is_ascension_mode":false,"campfire_choices":[{"data":"Prepared","floor":6,"key":"SMITH"},{"floor":13,"key":"REST"},{"data":"Infinite Blades","floor":15,"key":"SMITH"}],"neow_cost":"PERCENT_DAMAGE","seed_source_timestamp":159840424372163,"circlet_count":0,"master_deck":["Defend_G","Defend_G","Defend_G","Defend_G","Strike_G","Strike_G","Strike_G","Survivor","Neutralize","Slice","Terror","Flying Knee","Neutralize","Underhanded Strike","Prepared+1","Well Laid Plans","Distraction","Outmaneuver","Infinite Blades+1","Footwork","Blur","Adrenaline","Dagger Throw","Prepared","Escape Plan"],"relics":["Ring of the Snake","Potion Belt","Golden Idol","Regal Pillow","Black Star"],"potions_floor_usage":[22],"damage_taken":[{"damage":0,"enemies":"Jaw Worm","floor":1,"turns":3},{"damage":0,"enemies":"2 Louse","floor":4,"turns":2},{"damage":0,"enemies":"Small Slimes","floor":7,"turns":3},{"damage":0,"enemies":"Red Slaver","floor":8,"turns":3},{"damage":0,"enemies":"3 Louse","floor":11,"turns":3},{"damage":22,"enemies":"Gremlin Nob","floor":12,"turns":4},{"damage":7,"enemies":"Exordium Wildlife","floor":14,"turns":4},{"damage":25,"enemies":"The Guardian","floor":16,"turns":13},{"damage":0,"enemies":"Chosen","floor":18,"turns":6},{"damage":16,"enemies":"2 Thieves","floor":19,"turns":4},{"damage":46,"enemies":"Chosen and Byrds","floor":21,"turns":9},{"damage":3,"enemies":"Snake Plant","floor":22,"turns":3}],"seed_played":"-692907409102121664","potions_obtained":[{"floor":8,"key":"Ancient Potion"},{"floor":11,"key":"Fire Potion"},{"floor":12,"key":"Swift Potion"},{"floor":14,"key":"GhostInAJar"},{"floor":21,"key":"Dexterity Potion"}],"is_trial":false,"path_per_floor":["M","?","?","M","$","R","M","M","T","?","M","E","R","M","R","B",null,"M","M","?","M"],"character_chosen":"THE_SILENT","items_purchased":["Well Laid Plans"],"campfire_rested":1,"item_purchase_floors":[5],"current_hp_per_floor":[49,49,49,49,49,49,49,49,49,49,49,27,61,54,54,29,65,65,49,49,3,0],"gold":364,"neow_bonus":"TRANSFORM_TWO_CARDS","is_prod":false,"is_daily":false,"chose_seed":false,"campfire_upgraded":2,"win_rate":0.0,"timestamp":1534565670,"path_taken":["M","?","?","M","$","R","M","M","T","?","M","E","R","M","R","BOSS","M","M","?","M","M"],"build_version":"2018-08-16","purchased_purges":1,"victory":false,"max_hp_per_floor":[70,70,70,70,70,70,70,70,70,65,65,65,65,65,65,65,65,65,65,65,65,65],"card_choices":[{"not_picked":["Slice","Tactician"],"picked":"Flying Knee","floor":1},{"not_picked":["Blur","Crippling Poison"],"picked":"Prepared","floor":4},{"not_picked":["Poisoned Stab","Deflect"],"picked":"Distraction","floor":7},{"not_picked":["Well Laid Plans","Heel Hook"],"picked":"Outmaneuver","floor":8},{"not_picked":["Flying Knee","Caltrops"],"picked":"Infinite Blades","floor":11},{"not_picked":["Leg Sweep","Poisoned Stab"],"picked":"Footwork","floor":12},{"not_picked":["Outmaneuver","Endless Agony"],"picked":"Blur","floor":14},{"not_picked":["Glass Knife","Wraith Form v2"],"picked":"Adrenaline","floor":16},{"not_picked":["Acrobatics","Infinite Blades"],"picked":"Dagger Throw","floor":18},{"not_picked":["Riddle With Holes","Terror+1"],"picked":"Prepared","floor":19},{"not_picked":["Dagger Throw+1","Acrobatics"],"picked":"Escape Plan","floor":21}],"player_experience":49072,"relics_obtained":[{"floor":9,"key":"Potion Belt"},{"floor":12,"key":"Regal Pillow"}],"event_choices":[{"event_name":"Liars Game","player_choice":"agreed","floor":2,"damage_taken":0},{"event_name":"Match and Keep!","player_choice":"2 cards matched","floor":3,"damage_taken":0},{"event_name":"Golden Idol","player_choice":"Lose Max HP","floor":10,"damage_taken":0},{"event_name":"Beggar","player_choice":"Gave Gold","floor":20,"damage_taken":0}],"is_beta":false,"boss_relics":[{"not_picked":["Lizard Tail","Empty Cage"],"picked":"Black Star"}],"items_purged_floors":[5],"is_endless":false,"potions_floor_spawned":[8,11,12,14,21],"killed_by":"Snake Plant","ascension_level":0}