{"gold_per_floor":[217,217,392,342,195,195,210,239,266,276,276,276,341,341,341,341],"floor_reached":16,"playtime":540,"items_purged":["Strike_R"],"score":117,"play_id":"785189b2-cb41-4b63-8d3d-11e5d4158087","local_time":"20190721120605","is_ascension_mode":true,"campfire_choices":[{"data":"Inflame","floor":6.0,"key":"SMITH"},{"floor":15.0,"key":"REST"}],"neow_cost":"NONE","seed_source_timestamp":610174603911170,"circlet_count":0,"master_deck":["Strike_R","Strike_R","Strike_R","Strike_R","Defend_R","Defend_R","Defend_R","Defend_R","Bash","Inflame+1","Pommel Strike","Flex","True Grit"],"special_seed":0,"relics":["Burning Blood","Bag of Preparation","Bottled Flame","Tiny Chest","Calipers"],"potions_floor_usage":[],"damage_taken":[{"damage":13.0,"enemies":"Jaw Worm","floor":1.0,"turns":5.0},{"damage":19.0,"enemies":"Small Slimes","floor":7.0,"turns":4.0},{"damage":28.0,"enemies":"Gremlin Nob","floor":8.0,"turns":4.0},{"damage":10.0,"enemies":"2 Louse","floor":10.0,"turns":2.0},{"damage":31.0,"enemies":"3 Sentries","floor":13.0,"turns":5.0},{"damage":60,"enemies":"The Guardian","floor":16,"turns":14}],"seed_played":"7629472341464603763","potions_obtained":[{"floor":7.0,"key":"BloodPotion"},{"floor":8.0,"key":"Strength Potion"},{"floor":10.0,"key":"GamblersBrew"}],"is_trial":false,"path_per_floor":["M","?","?","?","$","R","M","E","T","M","T","?","E","?","R","B"],"character_chosen":"IRONCLAD","items_purchased":["Inflame"],"campfire_rested":1,"item_purchase_floors":[5],"current_hp_per_floor":[73,78,78,78,78,78,65,43,43,39,39,39,35,35,60,0],"gold":341,"neow_bonus":"HUNDRED_GOLD","is_prod":false,"is_daily":false,"chose_seed":false,"campfire_upgraded":1,"win_rate":0,"timestamp":1563725165,"path_taken":["M","?","?","?","$","R","M","E","T","?","?","?","E","?","R","BOSS"],"build_version":"2019-07-17","purchased_purges":1,"victory":false,"max_hp_per_floor":[80,85,85,85,85,85,85,85,85,85,85,85,85,85,85,85],"card_choices":[{"not_picked":["Sword Boomerang","Infernal Blade","Rampage"],"picked":"SKIP","floor":1.0},{"not_picked":["Twin Strike","Ghostly Armor","Havoc"],"picked":"SKIP","floor":7.0},{"not_picked":["Sword Boomerang","Cleave"],"picked":"Pommel Strike","floor":8.0},{"not_picked":["Thunderclap","Iron Wave"],"picked":"Flex","floor":10.0},{"not_picked":["Thunderclap","Disarm"],"picked":"True Grit","floor":13.0}],"player_experience":141917,"relics_obtained":[{"floor":8.0,"key":"Bag of Preparation"},{"floor":11.0,"key":"Bottled Flame"},{"floor":13.0,"key":"Tiny Chest"}],"event_choices":[{"damage_healed":0.0,"max_hp_gain":5.0,"max_hp_loss":0.0,"gold_gain":0.0,"event_name":"Big Fish","player_choice":"Donut","floor":2.0,"gold_loss":0.0,"damage_taken":0.0},{"damage_healed":0.0,"max_hp_gain":0.0,"max_hp_loss":0.0,"gold_gain":175.0,"event_name":"Liars Game","player_choice":"AGREE","floor":3.0,"gold_loss":0.0,"damage_taken":0.0,"cards_obtained":["Doubt"]},{"cards_removed":["Doubt"],"damage_healed":0.0,"max_hp_gain":0.0,"max_hp_loss":0.0,"gold_gain":0.0,"event_name":"The Cleric","player_choice":"Card Removal","floor":4.0,"gold_loss":50.0,"damage_taken":0.0},{"damage_healed":0.0,"max_hp_gain":0.0,"max_hp_loss":0.0,"gold_gain":0.0,"event_name":"Scrap Ooze","player_choice":"Fled","floor":12.0,"gold_loss":0.0,"damage_taken":0.0},{"damage_healed":0.0,"max_hp_gain":0.0,"max_hp_loss":0.0,"gold_gain":0.0,"event_name":"WeMeetAgain","player_choice":"Gave Potion","floor":14.0,"gold_loss":0.0,"damage_taken":0.0,"relics_obtained":["Calipers"]}],"is_beta":false,"boss_relics":[],"items_purged_floors":[5],"is_endless":false,"potions_floor_spawned":[7,8,10],"killed_by":"The Guardian","ascension_level":2}