{"gold_per_floor":[116,126,137,152,165,191,191,17,17,17,44,55,55],"floor_reached":13,"playtime":803,"items_purged":["Strike_R"],"score":175,"play_id":"48a25842-f1ba-4b6f-ad1d-c9840b17a255","local_time":"20180921191625","is_ascension_mode":true,"campfire_choices":[{"data":"True Grit","floor":7,"key":"SMITH"},{"data":"Armaments","floor":10,"key":"SMITH"}],"neow_cost":"NONE","seed_source_timestamp":755739844834275,"circlet_count":0,"master_deck":["Strike_R","Strike_R","Strike_R","Defend_R","Defend_R","Defend_R","Defend_R","Bash","AscendersBane","Battle Trance","Intimidate","True Grit+1","Headbutt","Armaments+1","Evolve","Shrug It Off","Clothesline","Iron Wave"],"relics":["Burning Blood","Nunchaku","Torii","Du-Vu Doll"],"potions_floor_usage":[6,6,13,13],"damage_taken":[{"damage":1,"enemies":"Cultist","floor":1,"turns":3},{"damage":9,"enemies":"Jaw Worm","floor":2,"turns":4},{"damage":10,"enemies":"Small Slimes","floor":3,"turns":3},{"damage":6,"enemies":"2 Fungi Beasts","floor":4,"turns":4},{"damage":3,"enemies":"3 Louse","floor":5,"turns":5},{"damage":28,"enemies":"Gremlin Nob","floor":6,"turns":5},{"damage":12,"enemies":"3 Sentries","floor":11,"turns":9},{"damage":11,"enemies":"Large Slime","floor":12,"turns":6},{"damage":56,"enemies":"Gremlin Nob","floor":13,"turns":5}],"seed_played":"7448492024970863775","potions_obtained":[{"floor":5,"key":"EntropicBrew"},{"floor":6,"key":"Dexterity Potion"}],"is_trial":false,"path_per_floor":["M","M","M","M","M","E","R","$","T","R","E","M"],"character_chosen":"IRONCLAD","items_purchased":["Evolve","Shrug It Off"],"campfire_rested":0,"item_purchase_floors":[8,8],"current_hp_per_floor":[73,70,66,66,69,47,47,47,47,47,41,36,0],"gold":55,"neow_bonus":"REMOVE_CARD","is_prod":false,"is_daily":false,"chose_seed":false,"campfire_upgraded":2,"win_rate":0,"timestamp":1537571785,"path_taken":["M","?","M","M","M","E","R","$","T","R","E","?","E"],"build_version":"2018-09-20","purchased_purges":1,"victory":false,"max_hp_per_floor":[75,75,75,75,75,75,75,75,75,75,75,75,75],"card_choices":[{"not_picked":["Pommel Strike","Iron Wave"],"picked":"Battle Trance","floor":1},{"not_picked":["Anger","Body Slam"],"picked":"Intimidate","floor":2},{"not_picked":["Heavy Blade","Second Wind"],"picked":"True Grit","floor":3},{"not_picked":["True Grit","Thunderclap"],"picked":"Headbutt","floor":4},{"not_picked":["Thunderclap","Warcry"],"picked":"Armaments","floor":5},{"not_picked":["Burning Pact","Searing Blow","Double Tap"],"picked":"SKIP","floor":6},{"not_picked":["Inflame","Bloodletting"],"picked":"Clothesline","floor":11},{"not_picked":["True Grit","Battle Trance"],"picked":"Iron Wave","floor":12}],"player_experience":512371,"relics_obtained":[{"floor":6,"key":"Nunchaku"},{"floor":9,"key":"Torii"},{"floor":11,"key":"Du-Vu Doll"}],"event_choices":[],"is_beta":false,"boss_relics":[],"items_purged_floors":[8],"is_endless":false,"potions_floor_spawned":[5,6,11],"killed_by":"Gremlin Nob","ascension_level":16}