{"gold_per_floor":[114,125,125,125,139,173,173,209,233,273,292,333,333,347,347,446,446,469,493,508,209,209,209,247,247,274,298,298,342,355,216,216,311,311,334,334,349,31,50,50,91,91,91,91,130,130,199,149,149,149,149,149,149,42,77,77],"floor_reached":57,"playtime":4643,"items_purged":["Strike_R","Strike_R","Strike_R","Strike_R"],"score":2902,"play_id":"eb819e29-d3d7-49a5-8b70-aaf53985304f","local_time":"20190707133300","is_ascension_mode":true,"campfire_choices":[{"data":"Bash","floor":7.0,"key":"SMITH"},{"floor":13.0,"key":"REST"},{"data":"Armaments","floor":15.0,"key":"SMITH"},{"data":"Disarm","floor":23.0,"key":"SMITH"},{"data":"Feel No Pain","floor":25.0,"key":"SMITH"},{"data":"Shockwave","floor":28.0,"key":"SMITH"},{"data":"Battle Trance","floor":32.0,"key":"SMITH"},{"data":"Feed","floor":40.0,"key":"SMITH"},{"data":"Feed","floor":42.0,"key":"SMITH"},{"floor":44.0,"key":"RECALL"},{"floor":46,"key":"REST"},{"floor":49,"key":"REST"},{"floor":53,"key":"REST"}],"neow_cost":"NONE","seed_source_timestamp":509826658693854,"circlet_count":0,"master_deck":["AscendersBane","Strike_R","Defend_R","Defend_R","Defend_R","Defend_R","Bash+1","Battle Trance+1","Clothesline","Feel No Pain+1","Cleave","Demon Form","Shockwave+1","Armaments+1","Corruption","Dropkick","Headbutt","Metallicize","Demon Form","Offering","Disarm+1","Impervious+1","Master of Strategy","Sword Boomerang","Warcry+1","Flame Barrier+1","Fiend Fire","Flame Barrier","Limit Break+1","Burning Pact","Spot Weakness+1","Flame Barrier+1","Entrench+1","Feed+1","Feed+1","Exhume","Battle Trance","Intimidate"],"special_seed":0,"relics":["Burning Blood","Pen Nib","Golden Idol","Smiling Mask","Strawberry","Bag of Preparation","Prayer Wheel","Centennial Puzzle","Philosopher\u0027s Stone","Bag of Marbles","Dream Catcher","Bronze Scales","White Beast Statue","Dead Branch","StoneCalendar","Anchor","Peace Pipe","War Paint"],"potions_floor_usage":[56,56],"damage_taken":[{"damage":6.0,"enemies":"Jaw Worm","floor":1.0,"turns":5.0},{"damage":0.0,"enemies":"2 Louse","floor":2.0,"turns":2.0},{"damage":4.0,"enemies":"Cultist","floor":5.0,"turns":3.0},{"damage":20.0,"enemies":"Lagavulin","floor":6.0,"turns":6.0},{"damage":5.0,"enemies":"3 Sentries","floor":8.0,"turns":11.0},{"damage":15.0,"enemies":"Lagavulin","floor":10.0,"turns":5.0},{"damage":10.0,"enemies":"3 Louse","floor":11.0,"turns":5.0},{"damage":18.0,"enemies":"3 Sentries","floor":12.0,"turns":7.0},{"damage":10.0,"enemies":"Large Slime","floor":14.0,"turns":4.0},{"damage":23.0,"enemies":"Slime Boss","floor":16.0,"turns":6.0},{"damage":11.0,"enemies":"Chosen","floor":18.0,"turns":4.0},{"damage":14.0,"enemies":"Spheric Guardian","floor":19.0,"turns":4.0},{"damage":5.0,"enemies":"Centurion and Healer","floor":20.0,"turns":7.0},{"damage":6.0,"enemies":"Gremlin Leader","floor":24.0,"turns":6.0},{"damage":15.0,"enemies":"Snecko","floor":27.0,"turns":6.0},{"damage":10.0,"enemies":"Book of Stabbing","floor":29.0,"turns":5.0},{"damage":6.0,"enemies":"Cultist and Chosen","floor":30.0,"turns":6.0},{"damage":13.0,"enemies":"Champ","floor":33.0,"turns":11.0},{"damage":15.0,"enemies":"3 Shapes","floor":35.0,"turns":10.0},{"damage":25.0,"enemies":"3 Darklings","floor":37.0,"turns":5.0},{"damage":6.0,"enemies":"Writhing Mass","floor":39.0,"turns":6.0},{"damage":27.0,"enemies":"Reptomancer","floor":41.0,"turns":8.0},{"damage":6,"enemies":"Giant Head","floor":45,"turns":6},{"damage":22,"enemies":"2 Orb Walkers","floor":47,"turns":5},{"damage":6,"enemies":"Awakened One","floor":50,"turns":6},{"damage":49,"enemies":"Time Eater","floor":51,"turns":9},{"damage":43,"enemies":"Shield and Spear","floor":55,"turns":6},{"damage":47,"enemies":"The Heart","floor":56,"turns":8}],"seed_played":"1011127194924036471","potions_obtained":[{"floor":6.0,"key":"Block Potion"},{"floor":10.0,"key":"Weak Potion"},{"floor":11.0,"key":"Strength Potion"},{"floor":12.0,"key":"Strength Potion"},{"floor":24.0,"key":"Explosive Potion"},{"floor":30.0,"key":"Fruit Juice"},{"floor":35.0,"key":"Fire Potion"},{"floor":39.0,"key":"Dexterity Potion"},{"floor":45,"key":"Ancient Potion"}],"is_trial":false,"path_per_floor":["M","M","?","?","M","E","R","E","T","E","M","E","R","M","R","B",null,"M","M","M","$","?","R","E","R","T","M","R","E","M","$","R","B",null,"M","?","M","$","M","R","E","R","T","R","E","R","?","$","R","B","B",null,"R","$","E","B",null],"character_chosen":"IRONCLAD","items_purchased":["Master of Strategy","Sword Boomerang","Flame Barrier","Dead Branch","SpeedPotion"],"campfire_rested":4,"item_purchase_floors":[21,21,31,38,54],"current_hp_per_floor":[68,74,48,48,50,36,36,44,44,35,31,19,43,39,39,22,67,62,54,55,55,55,55,55,55,55,46,46,42,42,42,42,40,75,66,66,47,47,47,47,30,30,30,30,34,61,49,49,77,85,42,88,103,103,66,25],"gold":77,"neow_bonus":"RANDOM_COMMON_RELIC","is_prod":false,"is_daily":false,"chose_seed":false,"campfire_upgraded":8,"win_rate":0,"timestamp":1562520780,"path_taken":["M","M","?","?","M","E","R","E","T","E","M","E","R","M","R","BOSS","M","M","M","?","?","R","E","R","T","M","R","E","M","$","R","BOSS","M","?","M","$","M","R","E","R","T","R","E","R","?","?","R","BOSS","BOSS","R","$","E","BOSS"],"build_version":"2019-07-05","purchased_purges":4,"victory":true,"max_hp_per_floor":[75,75,75,75,75,75,75,82,82,82,82,82,82,82,82,82,82,82,82,82,82,82,82,82,82,82,82,82,82,82,82,82,87,87,87,83,83,83,83,83,87,87,87,87,91,91,95,95,95,103,103,103,103,103,103,103],"card_choices":[{"not_picked":["Wild Strike","Headbutt"],"picked":"Battle Trance","floor":1.0},{"not_picked":["Armaments","Second Wind"],"picked":"Clothesline","floor":2.0},{"not_picked":["Anger","Combust"],"picked":"Demon Form","floor":5.0},{"not_picked":["Thunderclap","Armaments"],"picked":"Shockwave","floor":6.0},{"not_picked":["Sentinel","Cleave"],"picked":"Armaments","floor":8.0},{"not_picked":["Power Through","Reckless Charge"],"picked":"Corruption","floor":10.0},{"not_picked":["Perfected Strike","Rage"],"picked":"Dropkick","floor":11.0},{"not_picked":["Warcry","Pommel Strike"],"picked":"Headbutt","floor":11.0},{"not_picked":["Pommel Strike","Headbutt"],"picked":"Metallicize","floor":12.0},{"not_picked":["Heavy Blade","Reckless Charge"],"picked":"Demon Form","floor":14.0},{"not_picked":["Body Slam","Clothesline","Entrench"],"picked":"SKIP","floor":14.0},{"not_picked":["Immolate","Double Tap"],"picked":"Offering","floor":16.0},{"not_picked":["Iron Wave","Corruption","Thunderclap"],"picked":"SKIP","floor":18.0},{"not_picked":["Perfected Strike","Iron Wave","Clash"],"picked":"SKIP","floor":18.0},{"not_picked":["Infernal Blade","Havoc"],"picked":"Disarm","floor":19.0},{"not_picked":["Second Wind","Sever Soul"],"picked":"Impervious","floor":19.0},{"not_picked":["Dual Wield","Clothesline","Warcry"],"picked":"SKIP","floor":20.0},{"not_picked":["Pommel Strike","Anger","Body Slam"],"picked":"SKIP","floor":20.0},{"not_picked":["Battle Trance","Body Slam+1"],"picked":"Warcry+1","floor":24.0},{"not_picked":["Clothesline","Headbutt+1","Pummel"],"picked":"SKIP","floor":27.0},{"not_picked":["Uppercut","Iron Wave","Headbutt"],"picked":"SKIP","floor":27.0},{"not_picked":["Warcry","Havoc"],"picked":"Flame Barrier+1","floor":29.0},{"not_picked":["Sword Boomerang","Clothesline+1"],"picked":"Fiend Fire","floor":30.0},{"not_picked":["Perfected Strike","Cleave","Twin Strike"],"picked":"SKIP","floor":30.0},{"not_picked":["Impervious","Bludgeon"],"picked":"Limit Break","floor":33.0},{"not_picked":["Fire Breathing","Rampage"],"picked":"Burning Pact","floor":35.0},{"not_picked":["Heavy Blade","Anger+1"],"picked":"Spot Weakness+1","floor":35.0},{"not_picked":["Pommel Strike+1","Warcry"],"picked":"Flame Barrier+1","floor":37.0},{"not_picked":["Perfected Strike","Iron Wave"],"picked":"Entrench+1","floor":37.0},{"not_picked":["Shrug It Off","Iron Wave"],"picked":"Feed","floor":39.0},{"not_picked":["Warcry","Fire Breathing","Bloodletting"],"picked":"SKIP","floor":39.0},{"not_picked":["Warcry+1","True Grit"],"picked":"Feed","floor":41.0},{"not_picked":["Body Slam","Warcry"],"picked":"Exhume","floor":45},{"not_picked":["Searing Blow","Uppercut"],"picked":"Battle Trance","floor":49},{"not_picked":["Ghostly Armor+1","Sword Boomerang"],"picked":"Intimidate","floor":55}],"player_experience":1577559,"relics_obtained":[{"floor":6.0,"key":"Smiling Mask"},{"floor":8.0,"key":"Strawberry"},{"floor":9.0,"key":"Bag of Preparation"},{"floor":10.0,"key":"Prayer Wheel"},{"floor":12.0,"key":"Centennial Puzzle"},{"floor":24.0,"key":"Bag of Marbles"},{"floor":26.0,"key":"Dream Catcher"},{"floor":29.0,"key":"Bronze Scales"},{"floor":41.0,"key":"StoneCalendar"},{"floor":45,"key":"Anchor"},{"floor":47,"key":"Peace Pipe"},{"floor":55,"key":"War Paint"}],"event_choices":[{"damage_healed":0.0,"max_hp_gain":0.0,"max_hp_loss":0.0,"gold_gain":0.0,"event_name":"Golden Idol","player_choice":"Take Damage","floor":3.0,"gold_loss":0.0,"damage_taken":26.0,"relics_obtained":["Golden Idol"]},{"damage_healed":0.0,"max_hp_gain":0.0,"max_hp_loss":0.0,"gold_gain":0.0,"event_name":"Match and Keep!","player_choice":"2 cards matched","floor":4.0,"gold_loss":0.0,"damage_taken":0.0,"cards_obtained":["Feel No Pain","Cleave"]},{"damage_healed":0.0,"max_hp_gain":0.0,"max_hp_loss":0.0,"gold_gain":0.0,"event_name":"The Mausoleum","player_choice":"Ignored","floor":22.0,"gold_loss":0.0,"damage_taken":0.0},{"damage_healed":0.0,"max_hp_gain":0.0,"max_hp_loss":4.0,"gold_gain":0.0,"event_name":"Winding Halls","player_choice":"Max HP","floor":36.0,"gold_loss":0.0,"damage_taken":0.0},{"damage_healed":0,"gold_gain":0,"player_choice":"Fight","damage_taken":0,"max_hp_gain":0,"max_hp_loss":0,"event_name":"Mysterious Sphere","floor":47,"gold_loss":0}],"is_beta":false,"boss_relics":[{"not_picked":["Busted Crown","Tiny House"],"picked":"Philosopher\u0027s Stone"},{"not_picked":["Runic Dome","Eternal Feather"],"picked":"White Beast Statue"}],"items_purged_floors":[21,31,48,54],"is_endless":false,"potions_floor_spawned":[6,10,11,12,24,27,30,35,37,39,41,45,47,55],"ascension_level":20}