{"gold_per_floor":[363,137,154,169,169,169,504,504,504,529,97,113,151,189,189,320,320,336,349,349,349,364,364,364],"floor_reached":24,"playtime":1707,"items_purged":["Decay","Strike_B"],"score":268,"play_id":"bd431d75-e95c-445f-a55a-1fd70c0df82c","local_time":"20180823150537","is_ascension_mode":true,"campfire_choices":[{"data":"Zap","floor":6,"key":"SMITH"},{"floor":8,"key":"REST"},{"data":"Dualcast","floor":15,"key":"SMITH"},{"data":"Sunder","floor":23,"key":"SMITH"}],"neow_cost":"CURSE","seed_source_timestamp":646168590598063,"circlet_count":0,"master_deck":["Strike_B","Strike_B","Strike_B","Defend_B","Defend_B","Defend_B","Defend_B","Zap+1","Dualcast+1","Ball Lightning","Auto Shields","Coolheaded","Compile Driver","All For One","Darkness","Loop","Sunder+1","Conserve Battery","Creative AI","Compile Driver","Coolheaded"],"relics":["Cracked Core","Lantern","Golden Idol","Old Coin","Sundial","Cables","Strawberry","Odd Mushroom","Nuclear Battery","GremlinMask"],"potions_floor_usage":[24],"damage_taken":[{"damage":3,"enemies":"2 Louse","floor":1,"turns":3},{"damage":0,"enemies":"Small Slimes","floor":3,"turns":2},{"damage":0,"enemies":"Cultist","floor":4,"turns":2},{"damage":12,"enemies":"3 Sentries","floor":7,"turns":7},{"damage":8,"enemies":"3 Louse","floor":10,"turns":3},{"damage":0,"enemies":"2 Fungi Beasts","floor":12,"turns":3},{"damage":8,"enemies":"Lagavulin","floor":13,"turns":6},{"damage":10,"floor":14,"turns":4},{"damage":8,"enemies":"The Guardian","floor":16,"turns":9},{"damage":9,"enemies":"Chosen","floor":18,"turns":5},{"damage":9,"enemies":"Spheric Guardian","floor":19,"turns":3},{"damage":6,"enemies":"Shelled Parasite and Fungi","floor":22,"turns":6},{"damage":46,"enemies":"Book of Stabbing","floor":24,"turns":7}],"seed_played":"1183955036075027879","potions_obtained":[{"floor":7,"key":"AttackPotion"},{"floor":12,"key":"EssenceOfSteel"},{"floor":16,"key":"Dexterity Potion"},{"floor":22,"key":"Poison Potion"}],"is_trial":false,"path_per_floor":["M","$","M","M","?","R","E","R","T","M","$","M","E","?","R","B",null,"M","M","?","?","M","R"],"character_chosen":"DEFECT","items_purchased":["Lantern","Cables","Darkness"],"campfire_rested":1,"item_purchase_floors":[2,11,11],"current_hp_per_floor":[65,65,65,65,47,47,35,57,57,49,49,49,48,38,38,30,69,60,51,51,51,45,45,0],"gold":364,"neow_bonus":"TWO_FIFTY_GOLD","is_prod":false,"is_daily":false,"chose_seed":false,"campfire_upgraded":3,"win_rate":0,"timestamp":1535051137,"path_taken":["M","$","M","M","?","R","E","R","T","M","$","M","E","?","R","BOSS","M","M","?","?","M","R","E"],"build_version":"2018-08-16","purchased_purges":2,"victory":false,"max_hp_per_floor":[75,75,75,75,75,75,75,75,75,75,75,75,82,82,82,82,82,82,82,82,82,82,82,82],"card_choices":[{"not_picked":["Barrage","Double Energy"],"picked":"Ball Lightning","floor":1},{"not_picked":["Rebound","Redo"],"picked":"Auto Shields","floor":3},{"not_picked":["Storm","Beam Cell"],"picked":"Coolheaded","floor":4},{"not_picked":["Sweeping Beam","Reinforced Body"],"picked":"Compile Driver","floor":7},{"not_picked":["Streamline","Redo"],"picked":"All For One","floor":10},{"not_picked":["Storm","Barrage"],"picked":"Loop","floor":12},{"not_picked":["Recycle","Hello World"],"picked":"Sunder","floor":13},{"not_picked":["Storm","Stack"],"picked":"Conserve Battery","floor":14},{"not_picked":["Electrodynamics","Meteor Strike"],"picked":"Creative AI","floor":16},{"not_picked":["Beam Cell+1","Cold Snap"],"picked":"Compile Driver","floor":18},{"not_picked":["Sweeping Beam","Leap"],"picked":"Coolheaded","floor":19},{"not_picked":["Static Discharge","Leap","Sunder"],"picked":"SKIP","floor":22}],"player_experience":162170,"relics_obtained":[{"floor":7,"key":"Old Coin"},{"floor":9,"key":"Sundial"},{"floor":13,"key":"Strawberry"},{"floor":14,"key":"Odd Mushroom"}],"event_choices":[{"event_name":"Golden Idol","player_choice":"Take Damage","floor":5,"damage_taken":0},{"event_name":"Mushrooms","player_choice":"Fought Mushrooms","floor":14,"damage_taken":0},{"event_name":"Vampires","player_choice":"Ignored","floor":20,"damage_taken":0},{"event_name":"FaceTrader","player_choice":"Trade","floor":21,"damage_taken":0}],"is_beta":false,"boss_relics":[{"not_picked":["Snecko Eye","White Beast Statue"],"picked":"Nuclear Battery"}],"items_purged_floors":[2,11],"is_endless":false,"potions_floor_spawned":[7,12,16,22],"killed_by":"Book of Stabbing","ascension_level":6}