{"gold_per_floor":[114,129,8,8,22,22,33,53,53,88,106,123,137,155,155,255,255,268,280,292,292,303,333,363,363],"floor_reached":25,"playtime":1641,"items_purged":[],"score":245,"play_id":"d508091b-1d79-443e-a841-93da83d90e6f","local_time":"20190704154053","is_ascension_mode":true,"campfire_choices":[{"floor":6.0,"key":"RECALL"},{"floor":15.0,"key":"REST"},{"floor":23,"key":"DIG"}],"neow_cost":"NONE","seed_source_timestamp":0,"circlet_count":0,"master_deck":["Strike_G","Strike_G","Strike_G","Strike_G","Strike_G","Defend_G","Defend_G","Defend_G","Defend_G","Defend_G","Survivor","Neutralize","Trip","PiercingWail","Backstab","Noxious Fumes","PiercingWail","Prepared","Prepared","A Thousand Cuts","Deadly Poison","Deadly Poison","Glass Knife","Bouncing Flask","Backstab+1","Dash","Catalyst+1","Catalyst"],"special_seed":0,"relics":["Oddly Smooth Stone","Shovel","Lizard Tail","Nloth\u0027s Gift","Tiny Chest","Frozen Egg 2"],"potions_floor_usage":[24,25],"damage_taken":[{"damage":0.0,"enemies":"Cultist","floor":1.0,"turns":3.0},{"damage":0.0,"enemies":"2 Louse","floor":2.0,"turns":3.0},{"damage":0.0,"enemies":"Small Slimes","floor":4.0,"turns":3.0},{"damage":0.0,"enemies":"2 Fungi Beasts","floor":5.0,"turns":4.0},{"damage":0.0,"enemies":"Large Slime","floor":7.0,"turns":8.0},{"damage":7.0,"enemies":"Looter","floor":8.0,"turns":4.0},{"damage":33.0,"enemies":"Lagavulin","floor":10.0,"turns":10.0},{"damage":4.0,"enemies":"Exordium Wildlife","floor":11.0,"turns":6.0},{"damage":8.0,"enemies":"Large Slime","floor":12.0,"turns":7.0},{"damage":10.0,"enemies":"Lots of Slimes","floor":13.0,"turns":3.0},{"damage":1.0,"enemies":"3 Louse","floor":14.0,"turns":4.0},{"damage":18.0,"enemies":"Hexaghost","floor":16.0,"turns":10.0},{"damage":19.0,"enemies":"Shell Parasite","floor":18.0,"turns":8.0},{"damage":4.0,"enemies":"Chosen","floor":19.0,"turns":4.0},{"damage":4.0,"enemies":"Sentry and Sphere","floor":20.0,"turns":4.0},{"damage":18.0,"enemies":"Snecko","floor":22.0,"turns":5.0},{"damage":49,"enemies":"Gremlin Leader","floor":24,"turns":7},{"damage":13,"enemies":"Snake Plant","floor":25,"turns":2}],"seed_played":"8515440533745696122","potions_obtained":[{"floor":5.0,"key":"SpeedPotion"},{"floor":8.0,"key":"SkillPotion"},{"floor":10.0,"key":"Ancient Potion"},{"floor":12.0,"key":"Regen Potion"},{"floor":16.0,"key":"Ancient Potion"},{"floor":20.0,"key":"Energy Potion"},{"floor":24,"key":"GamblersBrew"}],"is_trial":false,"path_per_floor":["M","M","$","M","M","R","M","M","T","E","M","M","M","M","R","B",null,"M","M","M","?","M","R","E","M"],"character_chosen":"THE_SILENT","items_purchased":["Noxious Fumes","PiercingWail"],"campfire_rested":1,"item_purchase_floors":[3,3],"current_hp_per_floor":[70,70,70,70,70,70,70,63,63,30,26,18,20,19,40,22,70,51,47,43,43,25,25,13,0],"gold":363,"neow_bonus":"RANDOM_COLORLESS","is_prod":false,"is_daily":false,"chose_seed":false,"campfire_upgraded":0,"win_rate":0,"timestamp":1562269253,"path_taken":["M","M","$","M","M","R","M","M","T","E","?","M","M","M","R","BOSS","M","M","M","?","M","R","E","?"],"build_version":"2019-07-01","purchased_purges":0,"victory":false,"max_hp_per_floor":[70,70,70,70,70,70,70,70,70,70,70,70,70,70,70,70,70,70,70,70,70,70,70,70,70],"card_choices":[{"not_picked":["Dodge and Roll","Deadly Poison"],"picked":"PiercingWail","floor":1.0},{"not_picked":["Backflip","Slice"],"picked":"Backstab","floor":2.0},{"not_picked":["Outmaneuver","Quick Slash","Heel Hook"],"picked":"SKIP","floor":4.0},{"not_picked":["Backflip","Cloak And Dagger"],"picked":"Prepared","floor":5.0},{"not_picked":["Wraith Form v2","Dagger Spray"],"picked":"Prepared","floor":7.0},{"not_picked":["Blade Dance","Escape Plan","Dagger Spray"],"picked":"SKIP","floor":8.0},{"not_picked":["Slice","Reflex"],"picked":"A Thousand Cuts","floor":10.0},{"not_picked":["Dagger Throw","Cloak And Dagger"],"picked":"Deadly Poison","floor":11.0},{"not_picked":["Caltrops","Eviscerate","Dagger Spray"],"picked":"SKIP","floor":12.0},{"not_picked":["Quick Slash","Prepared","Dodge and Roll"],"picked":"SKIP","floor":13.0},{"not_picked":["Skewer","Underhanded Strike"],"picked":"Deadly Poison","floor":14.0},{"not_picked":["Night Terror","After Image"],"picked":"Glass Knife","floor":16.0},{"not_picked":["Well Laid Plans","Sucker Punch+1"],"picked":"Bouncing Flask","floor":18.0},{"not_picked":["Leg Sweep+1","Deadly Poison+1"],"picked":"Backstab+1","floor":19.0},{"not_picked":["Blade Dance","Reflex"],"picked":"Dash","floor":20.0},{"not_picked":["Heel Hook+1","Leg Sweep"],"picked":"Catalyst+1","floor":22.0},{"not_picked":["Slice","Poisoned Stab"],"picked":"Catalyst","floor":24}],"player_experience":177653,"relics_obtained":[{"floor":9.0,"key":"Oddly Smooth Stone"},{"floor":10.0,"key":"Shovel"},{"floor":23,"key":"Tiny Chest"},{"floor":24,"key":"Frozen Egg 2"}],"event_choices":[{"damage_healed":0.0,"max_hp_gain":0.0,"max_hp_loss":0.0,"gold_gain":0.0,"event_name":"N\u0027loth","player_choice":"Traded Relic","floor":21.0,"relics_lost":["Ring of the Snake"],"gold_loss":0.0,"damage_taken":0.0,"relics_obtained":["Nloth\u0027s Gift"]}],"is_beta":false,"boss_relics":[{"not_picked":["Ring of the Serpent","Pandora\u0027s Box"],"picked":"Lizard Tail"}],"items_purged_floors":[],"is_endless":false,"potions_floor_spawned":[5,8,10,12,16,20,24],"killed_by":"Snake Plant","ascension_level":1}