{"gold_per_floor":[109,122,134,134,209,209,236,236,236,236,161,174,197,211,211,306,306,325,44,64,64,79,79,117,117,117,131,131,152,152,170,170,170],"floor_reached":33,"playtime":2107,"items_purged":["Strike_B"],"score":525,"play_id":"8f80ed4b-63f4-47c4-bd37-82fe0be64634","local_time":"20180923231542","is_ascension_mode":true,"campfire_choices":[{"floor":6,"key":"REST"},{"data":"Zap","floor":8,"key":"SMITH"},{"data":"Reinforced Body","floor":15,"key":"SMITH"},{"floor":23,"key":"REST"},{"floor":25,"key":"REST"},{"floor":28,"key":"REST"},{"floor":30,"key":"REST"},{"floor":32,"key":"REST"}],"neow_cost":"NONE","seed_source_timestamp":941606686811127,"circlet_count":0,"master_deck":["Strike_B","Defend_B","Defend_B","Defend_B","Defend_B","Zap+1","Dualcast","AscendersBane","Darkness+1","Compile Driver","Sweeping Beam","Undo","Core Surge","Ball Lightning","Reinforced Body+1","Multi-Cast","Coolheaded+1","Hologram","Consume","Genetic Algorithm","Hologram","Echo Form","Cold Snap","Self Repair+1","Go for the Eyes"],"relics":["Cracked Core","Shuriken","Question Card","Golden Idol","Fusion Hammer","Happy Flower","Lantern","Mercury Hourglass"],"potions_floor_usage":[16,24,33,33],"damage_taken":[{"damage":7,"enemies":"Small Slimes","floor":1,"turns":3},{"damage":0,"enemies":"2 Louse","floor":2,"turns":2},{"damage":14,"enemies":"Jaw Worm","floor":3,"turns":4},{"damage":8,"enemies":"Gremlin Nob","floor":7,"turns":3},{"damage":3,"enemies":"2 Fungi Beasts","floor":12,"turns":3},{"damage":0,"enemies":"Large Slime","floor":13,"turns":4},{"damage":6,"enemies":"Lots of Slimes","floor":14,"turns":2},{"damage":3,"enemies":"Slime Boss","floor":16,"turns":8},{"damage":0,"enemies":"Chosen","floor":18,"turns":5},{"damage":6,"enemies":"Shell Parasite","floor":20,"turns":3},{"damage":19,"enemies":"Shelled Parasite and Fungi","floor":22,"turns":6},{"damage":25,"enemies":"Slavers","floor":24,"turns":6},{"damage":34,"enemies":"Chosen and Byrds","floor":27,"turns":6},{"damage":10,"enemies":"Centurion and Healer","floor":29,"turns":6},{"damage":22,"enemies":"Shelled Parasite and Fungi","floor":31,"turns":3},{"damage":43,"enemies":"Champ","floor":33,"turns":13}],"seed_played":"225432947049309992","potions_obtained":[{"floor":1,"key":"SkillPotion"},{"floor":3,"key":"EssenceOfSteel"},{"floor":7,"key":"Energy Potion"},{"floor":18,"key":"EssenceOfSteel"},{"floor":20,"key":"SpeedPotion"},{"floor":27,"key":"Fire Potion"}],"is_trial":false,"path_per_floor":["M","M","M","?","?","R","E","R","T","?","?","M","M","M","R","B",null,"M","$","M","?","M","R","E","R","T","M","R","M","R","M","R"],"character_chosen":"DEFECT","items_purchased":["Hologram","Happy Flower"],"campfire_rested":6,"item_purchase_floors":[19,19],"current_hp_per_floor":[57,57,43,43,32,53,45,45,45,45,45,42,42,36,36,33,56,56,56,50,50,31,50,25,44,44,10,29,19,38,16,35,0],"gold":170,"neow_bonus":"REMOVE_CARD","is_prod":false,"is_daily":false,"chose_seed":false,"campfire_upgraded":2,"win_rate":0,"timestamp":1537758942,"path_taken":["M","M","M","?","?","R","E","R","T","?","?","M","M","?","R","BOSS","M","$","M","?","M","R","E","R","T","?","R","M","R","M","R","BOSS"],"build_version":"2018-09-20","purchased_purges":1,"victory":false,"max_hp_per_floor":[71,71,71,71,71,71,71,71,71,64,64,64,64,64,64,64,64,64,64,64,64,64,64,64,64,64,64,64,64,64,64,64,64],"card_choices":[{"not_picked":["Sweeping Beam","Static Discharge"],"picked":"Darkness","floor":1},{"not_picked":["Redo","Gash"],"picked":"Compile Driver","floor":2},{"not_picked":["Beam Cell","Redo"],"picked":"Sweeping Beam","floor":3},{"not_picked":["Steam","Barrage"],"picked":"Undo","floor":7},{"not_picked":["Steam","Coolheaded","Heatsinks"],"picked":"Core Surge","floor":12},{"not_picked":["Fusion","Heatsinks","Streamline"],"picked":"Ball Lightning","floor":13},{"not_picked":["Leap","Streamline","Redo"],"picked":"Reinforced Body","floor":14},{"not_picked":["Core Surge","Thunder Strike","Buffer"],"picked":"Multi-Cast","floor":16},{"not_picked":["Streamline","Hello World","Loop"],"picked":"Coolheaded+1","floor":18},{"not_picked":["Ball Lightning","Chill","Sweeping Beam"],"picked":"Consume","floor":20},{"not_picked":["Ball Lightning+1","Leap","Gash"],"picked":"Hologram","floor":22},{"not_picked":["Leap","Fusion+1","Coolheaded"],"picked":"Echo Form","floor":24},{"not_picked":["Go for the Eyes","Hologram+1","Reprogram+1"],"picked":"Cold Snap","floor":27},{"not_picked":["Static Discharge","Go for the Eyes","White Noise"],"picked":"Self Repair+1","floor":29},{"not_picked":["Meteor Strike","Self Repair","Compile Driver"],"picked":"Go for the Eyes","floor":31}],"player_experience":534253,"relics_obtained":[{"floor":7,"key":"Shuriken"},{"floor":9,"key":"Question Card"},{"floor":24,"key":"Lantern"},{"floor":26,"key":"Mercury Hourglass"}],"event_choices":[{"event_name":"Living Wall","player_choice":"Grow","floor":4,"damage_taken":0},{"event_name":"World of Goop","player_choice":"Gather Gold","floor":5,"damage_taken":0},{"event_name":"Golden Idol","player_choice":"Lose Max HP","floor":10,"damage_taken":0},{"event_name":"The Cleric","player_choice":"Card Removal","floor":11,"damage_taken":0},{"event_name":"The Library","player_choice":"Read","floor":21,"damage_taken":0}],"is_beta":false,"boss_relics":[{"not_picked":["Eternal Feather","FrozenCore"],"picked":"Fusion Hammer"}],"items_purged_floors":[19],"is_endless":false,"potions_floor_spawned":[1,3,7,18,20,22,27],"killed_by":"Champ","ascension_level":19}