{"gold_per_floor":[113,113,38,51,51,82,82,94,94,94,111,143,161,196,196,274,274,289,265,315,331,212,212,212],"floor_reached":24,"playtime":1183,"items_purged":["Strike_G"],"score":482,"play_id":"84430eef-64fa-433e-a35b-55f96b66999c","local_time":"20190627140651","is_ascension_mode":true,"campfire_choices":[{"data":"Deadly Poison","floor":7,"key":"SMITH"},{"data":"Neutralize","floor":10,"key":"SMITH"},{"floor":15,"key":"REST"},{"data":"Malaise","floor":23,"key":"SMITH"}],"neow_cost":"NONE","seed_source_timestamp":1039352069184156,"circlet_count":0,"master_deck":["AscendersBane","Defend_G","Defend_G","Defend_G","Defend_G","Defend_G","Strike_G","Strike_G","Strike_G","Survivor","Neutralize+1","Dagger Throw","Poisoned Stab","Deadly Poison+1","Infinite Blades","Backflip","Dash","Deadly Poison","Leg Sweep","Malaise+1","Crippling Poison+1","Caltrops"],"relics":["Ring of the Snake","NeowsBlessing","Kunai","Bag of Marbles","Anchor","Cursed Key"],"potions_floor_usage":[24],"damage_taken":[{"damage":0,"enemies":"2 Louse","floor":1,"turns":1},{"damage":0,"enemies":"Small Slimes","floor":4,"turns":1},{"damage":0,"enemies":"Gremlin Nob","floor":6,"turns":1},{"damage":1,"enemies":"Cultist","floor":8,"turns":3},{"damage":8,"enemies":"Looter","floor":11,"turns":3},{"damage":26,"enemies":"3 Sentries","floor":12,"turns":9},{"damage":0,"enemies":"Blue Slaver","floor":13,"turns":4},{"damage":14,"enemies":"Lagavulin","floor":14,"turns":7},{"damage":23,"enemies":"The Guardian","floor":16,"turns":13},{"damage":0,"enemies":"3 Byrds","floor":18,"turns":6},{"damage":3,"enemies":"2 Thieves","floor":19,"turns":4},{"damage":17,"enemies":"Snake Plant","floor":21,"turns":4},{"damage":35,"enemies":"Slavers","floor":24,"turns":4}],"seed_played":"3399985182790713918","potions_obtained":[{"floor":4,"key":"SpeedPotion"},{"floor":11,"key":"AttackPotion"},{"floor":14,"key":"SteroidPotion"},{"floor":19,"key":"PowerPotion"}],"is_trial":false,"path_per_floor":["M","?","?","M","$","E","R","M","T","R","M","E","M","E","R","B",null,"M","M","?","M","$","R","E"],"character_chosen":"THE_SILENT","items_purchased":["Caltrops"],"campfire_rested":1,"item_purchase_floors":[22],"current_hp_per_floor":[59,59,59,59,59,59,59,58,58,58,50,24,24,10,29,6,51,51,48,48,31,31,31,0],"gold":212,"neow_bonus":"THREE_ENEMY_KILL","is_prod":false,"is_daily":false,"chose_seed":false,"campfire_upgraded":3,"win_rate":0,"timestamp":1561658811,"path_taken":["M","?","?","M","$","E","R","M","T","R","M","E","M","E","R","BOSS","M","M","?","?","$","R","E"],"build_version":"2019-01-23","purchased_purges":1,"victory":false,"max_hp_per_floor":[66,66,66,66,66,66,66,66,66,66,66,66,66,66,66,66,66,66,66,66,66,66,66,66],"card_choices":[{"not_picked":["Underhanded Strike","Prepared"],"picked":"Dagger Throw","floor":1},{"not_picked":["Slice","PiercingWail"],"picked":"Poisoned Stab","floor":4},{"not_picked":["Catalyst","Blur"],"picked":"Deadly Poison","floor":6},{"not_picked":["Concentrate","Deflect"],"picked":"Infinite Blades","floor":8},{"not_picked":["Flechettes","Prepared"],"picked":"Backflip","floor":11},{"not_picked":["Phantasmal Killer","Heel Hook"],"picked":"Dash","floor":12},{"not_picked":["Dodge and Roll","Accuracy"],"picked":"Deadly Poison","floor":13},{"not_picked":["Dagger Throw","Blade Dance"],"picked":"Leg Sweep","floor":14},{"not_picked":["Venomology","Bullet Time"],"picked":"Malaise","floor":16},{"not_picked":["Prepared","Distraction","Expertise"],"picked":"SKIP","floor":18},{"not_picked":["Poisoned Stab","Flying Knee","Quick Slash"],"picked":"SKIP","floor":19},{"not_picked":["Concentrate","Masterful Stab"],"picked":"Crippling Poison+1","floor":21}],"player_experience":1553658,"relics_obtained":[{"floor":6,"key":"Kunai"},{"floor":12,"key":"Bag of Marbles"},{"floor":14,"key":"Anchor"}],"event_choices":[{"damage_healed":0,"gold_gain":0,"player_choice":"Ignored","damage_taken":0,"max_hp_gain":0,"max_hp_loss":0,"event_name":"Liars Game","floor":2,"gold_loss":0},{"cards_removed":["Strike_G"],"damage_healed":0,"gold_gain":0,"player_choice":"Card Removal","damage_taken":0,"max_hp_gain":0,"max_hp_loss":0,"event_name":"The Cleric","floor":3,"gold_loss":75},{"damage_healed":0,"gold_gain":100,"player_choice":"Bet on Murderer","damage_taken":0,"max_hp_gain":0,"max_hp_loss":0,"event_name":"The Joust","floor":20,"gold_loss":50}],"is_beta":false,"boss_relics":[{"not_picked":["Fusion Hammer","Velvet Choker"],"picked":"Cursed Key"}],"items_purged_floors":[22],"is_endless":false,"potions_floor_spawned":[4,11,14,19],"killed_by":"Slavers","ascension_level":20}