{"gold_per_floor":[109,126,172,172,188,207,233,233,233,233,248,260,270,280,280,378,378,393,373,298,81,81,81,112,132,158,170,170,269,62,62,62,157,157,167,185,201,201],"floor_reached":38,"playtime":2290,"items_purged":["Strike_R"],"score":757,"play_id":"1f664550-93d4-4a80-959e-92533e05bbd4","local_time":"20180914230539","is_ascension_mode":true,"campfire_choices":[{"data":"True Grit","floor":8,"key":"SMITH"},{"floor":10,"key":"REST"},{"data":"Clothesline","floor":15,"key":"SMITH"},{"data":"Body Slam","floor":23,"key":"SMITH"},{"data":"Juggernaut","floor":28,"key":"SMITH"},{"floor":32,"key":"REST"}],"neow_cost":"TEN_PERCENT_HP_LOSS","seed_source_timestamp":163161105270875,"circlet_count":0,"master_deck":["Strike_R+1","Strike_R+1","Defend_R","Defend_R","Defend_R","Bash","AscendersBane","Cleave","Shrug It Off","True Grit+1","Clothesline+1","Sentinel","Shrug It Off","Body Slam+1","Offering","Impervious","Juggernaut+1","Power Through","Barricade","Armaments","Warcry","Intimidate"],"relics":["Burning Blood","Strawberry","Pantograph","Mummified Hand","Sozu","Gremlin Horn","Boot","Paper Frog","Lizard Tail"],"potions_floor_usage":[11,25],"damage_taken":[{"damage":1,"enemies":"Cultist","floor":1,"turns":3},{"damage":9,"enemies":"Jaw Worm","floor":2,"turns":4},{"damage":7,"enemies":"Small Slimes","floor":5,"turns":3},{"damage":16,"enemies":"Red Slaver","floor":6,"turns":6},{"damage":44,"enemies":"Lagavulin","floor":7,"turns":6},{"damage":18,"enemies":"Exordium Thugs","floor":11,"turns":5},{"damage":0,"enemies":"2 Fungi Beasts","floor":12,"turns":3},{"damage":3,"enemies":"Looter","floor":13,"turns":4},{"damage":1,"enemies":"Blue Slaver","floor":14,"turns":4},{"damage":55,"enemies":"The Guardian","floor":16,"turns":17},{"damage":7,"enemies":"Shell Parasite","floor":18,"turns":5},{"damage":35,"enemies":"Slavers","floor":24,"turns":8},{"damage":12,"enemies":"3 Byrds","floor":25,"turns":4},{"damage":0,"enemies":"Snecko","floor":27,"turns":5},{"damage":6,"enemies":"Champ","floor":33,"turns":9},{"damage":39,"enemies":"3 Darklings","floor":35,"turns":7},{"damage":14,"enemies":"3 Shapes","floor":36,"turns":5},{"damage":23,"enemies":"Sphere and 2 Shapes","floor":37,"turns":8},{"damage":92,"enemies":"Mysterious Sphere","floor":38,"turns":6}],"seed_played":"8435208051346780300","potions_obtained":[{"floor":1,"key":"GamblersBrew"},{"floor":6,"key":"LiquidBronze"},{"floor":7,"key":"Strength Potion"},{"floor":13,"key":"BloodPotion"}],"is_trial":false,"path_per_floor":["M","M","T","?","M","M","E","R","T","R","M","M","M","M","R","B",null,"M","?","?","$","?","R","E","M","T","M","R","?","$","T","R","B",null,"M","M","M"],"character_chosen":"IRONCLAD","items_purchased":["Impervious","Barricade","Armaments"],"campfire_rested":2,"item_purchase_floors":[21,30,30],"current_hp_per_floor":[72,69,76,60,59,49,11,11,11,34,22,28,31,36,36,12,62,61,61,61,61,46,46,17,19,19,25,25,25,25,25,50,75,82,49,41,24,0],"gold":201,"neow_bonus":"REMOVE_TWO","is_prod":false,"is_daily":false,"chose_seed":false,"campfire_upgraded":4,"win_rate":0,"timestamp":1536980739,"path_taken":["M","M","?","?","M","M","E","R","T","R","?","M","M","M","R","BOSS","M","?","?","$","?","R","E","M","T","?","R","?","$","?","R","BOSS","M","M","M","?"],"build_version":"2018-09-06","purchased_purges":1,"victory":false,"max_hp_per_floor":[72,72,79,79,79,79,79,79,79,79,79,79,79,79,79,79,79,79,79,79,79,84,84,84,84,84,84,84,84,84,84,84,84,84,84,84,84,84],"card_choices":[{"not_picked":["Rupture","Body Slam","Infernal Blade"],"picked":"SKIP","floor":1},{"not_picked":["Clash","Bloodletting","Feel No Pain"],"picked":"SKIP","floor":2},{"not_picked":["Dropkick","Armaments"],"picked":"Cleave","floor":5},{"not_picked":["Power Through","Thunderclap"],"picked":"Shrug It Off","floor":6},{"not_picked":["Bloodletting","Combust"],"picked":"True Grit","floor":7},{"not_picked":["Whirlwind","Heavy Blade"],"picked":"Clothesline","floor":11},{"not_picked":["Infernal Blade","Cleave"],"picked":"Sentinel","floor":12},{"not_picked":["Burning Pact","Berserk"],"picked":"Shrug It Off","floor":13},{"not_picked":["Shockwave","Clash"],"picked":"Body Slam","floor":14},{"not_picked":["Berserk","Limit Break"],"picked":"Offering","floor":16},{"not_picked":["Wild Strike+1","Carnage","Perfected Strike"],"picked":"SKIP","floor":18},{"not_picked":["Anger","Blood for Blood+1"],"picked":"Juggernaut","floor":24},{"not_picked":["Intimidate","Body Slam"],"picked":"Power Through","floor":25},{"not_picked":["Sentinel","Wild Strike+1","Headbutt"],"picked":"SKIP","floor":27},{"not_picked":["Thunderclap+1","Clash"],"picked":"Warcry","floor":35},{"not_picked":["Anger","Rupture"],"picked":"Intimidate","floor":36},{"not_picked":["Combust","Thunderclap","Sword Boomerang"],"picked":"SKIP","floor":37}],"player_experience":366786,"relics_obtained":[{"floor":3,"key":"Strawberry"},{"floor":7,"key":"Pantograph"},{"floor":9,"key":"Mummified Hand"},{"floor":24,"key":"Gremlin Horn"},{"floor":26,"key":"Boot"},{"floor":31,"key":"Paper Frog"}],"event_choices":[{"event_name":"Shining Light","player_choice":"Entered Light","floor":4,"damage_taken":0},{"event_name":"The Woman in Blue","player_choice":"Bought 1 Potion","floor":19,"damage_taken":0},{"event_name":"Beggar","player_choice":"Gave Gold","floor":20,"damage_taken":0},{"event_name":"Forgotten Altar","player_choice":"Shed Blood","floor":22,"damage_taken":0},{"event_name":"Nest","player_choice":"Stole From Cult","floor":29,"damage_taken":0},{"event_name":"Mysterious Sphere","player_choice":"Fight","floor":38,"damage_taken":0}],"is_beta":false,"boss_relics":[{"not_picked":["Ectoplasm","Orrery"],"picked":"Sozu"},{"not_picked":["Eternal Feather","Philosopher\u0027s Stone"],"picked":"Lizard Tail"}],"items_purged_floors":[21],"is_endless":false,"potions_floor_spawned":[1,6,7,13,16,33],"killed_by":"Mysterious Sphere","ascension_level":12}