{"gold_per_floor":[119,119,119,294,312,347,347,385,385,21,37,37,58,32,32,151,151,170,18,117,117],"floor_reached":21,"playtime":1888,"items_purged":["Regret"],"score":213,"play_id":"d7643354-cff6-4e07-81c9-7fc3a3c1cd14","local_time":"20180817190417","is_ascension_mode":true,"campfire_choices":[{"data":"Doubt","floor":7,"key":"PURGE"},{"data":"Zap","floor":12,"key":"SMITH"},{"floor":15,"key":"REST"}],"neow_cost":"NONE","seed_source_timestamp":141864380565839,"circlet_count":0,"master_deck":["Strike_B","Strike_B","Strike_B","Defend_B","Defend_B","Defend_B","Defend_B","Zap+1","Dualcast","Undo","Auto Shields","Tempest","Doom and Gloom","Loop","Stack","Self Repair","Reinforced Body","Redo","Creative AI","Injury","Clumsy","Turbo+1","Darkness+1"],"relics":["Lizard Tail","Golden Idol","Peace Pipe","Bag of Preparation","Ornamental Fan","Bottled Lightning","Calling Bell","Juzu Bracelet","Toxic Egg 2","Sundial"],"potions_floor_usage":[16],"damage_taken":[{"damage":10,"enemies":"Jaw Worm","floor":1,"turns":5},{"damage":1,"enemies":"2 Louse","floor":5,"turns":5},{"damage":27,"enemies":"Lagavulin","floor":6,"turns":13},{"damage":39,"enemies":"3 Sentries","floor":8,"turns":11},{"damage":8,"enemies":"Small Slimes","floor":11,"turns":4},{"damage":0,"enemies":"Red Slaver","floor":13,"turns":5},{"damage":25,"enemies":"Hexaghost","floor":16,"turns":14},{"damage":33,"enemies":"Shell Parasite","floor":18,"turns":12},{"damage":50,"enemies":"Spheric Guardian","floor":21,"turns":6}],"seed_played":"7092023133730004433","potions_obtained":[{"floor":1,"key":"SkillPotion"},{"floor":8,"key":"AttackPotion"},{"floor":13,"key":"Fruit Juice"},{"floor":18,"key":"SteroidPotion"}],"is_trial":false,"path_per_floor":["M","?","?","?","M","E","R","E","T","$","M","R","M","$","R","B",null,"M","$","?"],"character_chosen":"DEFECT","items_purchased":["Loop","Stack","Bottled Lightning","Redo","Darkness+1"],"campfire_rested":1,"item_purchase_floors":[10,10,10,14,19],"current_hp_per_floor":[65,65,65,65,64,37,37,34,34,34,26,26,33,33,53,40,74,48,48,48,0],"gold":117,"neow_bonus":"BOSS_RELIC","is_prod":false,"is_daily":false,"chose_seed":false,"campfire_upgraded":1,"win_rate":1,"timestamp":1534547057,"path_taken":["M","?","?","?","M","E","R","E","T","$","?","R","M","$","R","BOSS","M","?","?","M"],"build_version":"2018-08-16","purchased_purges":1,"victory":false,"max_hp_per_floor":[75,69,69,69,69,69,69,69,69,69,69,69,69,69,69,74,74,74,74,74,74],"card_choices":[{"not_picked":["Reprogram","Leap"],"picked":"Undo","floor":1},{"not_picked":["Go for the Eyes","Streamline"],"picked":"Auto Shields","floor":5},{"not_picked":["Lockon","Coolheaded"],"picked":"Tempest","floor":6},{"not_picked":["Rebound","Compile Driver"],"picked":"Doom and Gloom","floor":8},{"not_picked":["Thunder Strike","BootSequence"],"picked":"Self Repair","floor":11},{"not_picked":["Turbo","Aggregate"],"picked":"Reinforced Body","floor":13},{"not_picked":["Hyperbeam","Seek"],"picked":"Creative AI","floor":16},{"not_picked":["Cold Snap","Compile Driver"],"picked":"Turbo+1","floor":18}],"player_experience":44832,"relics_obtained":[{"floor":6,"key":"Peace Pipe"},{"floor":8,"key":"Bag of Preparation"},{"floor":9,"key":"Ornamental Fan"},{"floor":17,"key":"Juzu Bracelet"},{"floor":17,"key":"Toxic Egg 2"},{"floor":17,"key":"Sundial"}],"event_choices":[{"event_name":"Golden Idol","player_choice":"Lose Max HP","floor":2,"damage_taken":0},{"event_name":"Purifier","player_choice":"One Purge","floor":3,"damage_taken":0},{"event_name":"Liars Game","player_choice":"agreed","floor":4,"damage_taken":0},{"event_name":"Nest","player_choice":"Stole From Cult","floor":20,"damage_taken":0}],"is_beta":false,"boss_relics":[{"not_picked":["Velvet Choker","Orrery"],"picked":"Calling Bell"}],"items_purged_floors":[19],"is_endless":false,"potions_floor_spawned":[1,8,13,18],"killed_by":"Spheric Guardian","ascension_level":3}