{"gold_per_floor":[19,38,51,51,70,70,82,82,156,189,189,219,219,9,9,88,88,98,98,117,117,130,130,163,163,163,190,200,227,227,244,244,318,318,338,357,357,357],"floor_reached":38,"playtime":2899,"items_purged":["Strike_R"],"score":888,"play_id":"510f644c-8e75-4432-b24a-91ca9f18014e","local_time":"20190529163524","is_ascension_mode":true,"campfire_choices":[{"data":"Bash","floor":6.0,"key":"SMITH"},{"data":"Wild Strike","floor":8.0,"key":"SMITH"},{"floor":11.0,"key":"REST"},{"data":"Metallicize","floor":13.0,"key":"SMITH"},{"data":"Metallicize","floor":15.0,"key":"SMITH"},{"floor":23.0,"key":"REST"},{"floor":25.0,"key":"REST"},{"floor":32.0,"key":"REST"}],"neow_cost":"NO_GOLD","seed_source_timestamp":0,"circlet_count":0,"master_deck":["AscendersBane","Strike_R","Strike_R","Defend_R","Defend_R","Defend_R","Defend_R","Bash+1","Evolve","Uppercut+1","Wild Strike+1","Metallicize+1","Metallicize+1","Impervious","Corruption","Armaments","Barricade","Shrug It Off","Limit Break","Fiend Fire","Combust","Second Wind","RitualDagger","Metallicize+1","Feed","Flame Barrier","Reckless Charge+1"],"special_seed":0,"relics":["Burning Blood","Letter Opener","Nunchaku","Centennial Puzzle","Fusion Hammer","Calipers","Self Forming Clay","Bag of Preparation","Frozen Egg 2","Cursed Key"],"potions_floor_usage":[],"damage_taken":[{"damage":4.0,"enemies":"2 Louse","floor":1.0,"turns":4.0},{"damage":7.0,"enemies":"Small Slimes","floor":2.0,"turns":3.0},{"damage":9.0,"enemies":"Jaw Worm","floor":3.0,"turns":4.0},{"damage":26.0,"enemies":"Gremlin Gang","floor":5.0,"turns":7.0},{"damage":9.0,"enemies":"Blue Slaver","floor":7.0,"turns":4.0},{"damage":17.0,"enemies":"3 Sentries","floor":10.0,"turns":8.0},{"damage":24.0,"enemies":"Gremlin Nob","floor":12.0,"turns":4.0},{"damage":3.0,"enemies":"The Guardian","floor":16.0,"turns":17.0},{"damage":26.0,"enemies":"3 Byrds","floor":18.0,"turns":9.0},{"damage":18.0,"enemies":"2 Thieves","floor":20.0,"turns":5.0},{"damage":5.0,"enemies":"Centurion and Healer","floor":22.0,"turns":9.0},{"damage":10.0,"enemies":"Book of Stabbing","floor":24.0,"turns":4.0},{"damage":38.0,"enemies":"Gremlin Leader","floor":27.0,"turns":13.0},{"damage":1.0,"enemies":"Chosen and Byrds","floor":28.0,"turns":8.0},{"damage":9.0,"enemies":"Book of Stabbing","floor":29.0,"turns":5.0},{"damage":24.0,"enemies":"Snake Plant","floor":31.0,"turns":8.0},{"damage":38.0,"enemies":"Automaton","floor":33.0,"turns":24.0},{"damage":37,"enemies":"3 Darklings","floor":35,"turns":17},{"damage":6,"enemies":"3 Shapes","floor":36,"turns":6},{"damage":38,"enemies":"Jaw Worm Horde","floor":38,"turns":3}],"seed_played":"7383040789952876756","potions_obtained":[{"floor":5.0,"key":"Dexterity Potion"},{"floor":7.0,"key":"LiquidBronze"},{"floor":12.0,"key":"Swift Potion"},{"floor":16.0,"key":"FearPotion"},{"floor":20.0,"key":"LiquidBronze"},{"floor":28.0,"key":"Weak Potion"},{"floor":31.0,"key":"Block Potion"}],"is_trial":false,"path_per_floor":["M","M","M","?","M","R","M","R","T","E","R","E","R","$","R","B",null,"M","?","M","?","M","R","E","R","T","E","M","E","?","M","R","B",null,"M","M","?","M"],"character_chosen":"IRONCLAD","items_purchased":["Corruption","Armaments"],"campfire_rested":4,"item_purchase_floors":[14,14],"current_hp_per_floor":[70,69,66,66,46,46,43,43,43,32,54,36,36,36,36,39,66,46,46,34,34,35,57,53,75,75,43,48,45,39,21,43,11,59,31,31,31,0],"gold":357,"neow_bonus":"TRANSFORM_TWO_CARDS","is_prod":false,"is_daily":false,"chose_seed":false,"campfire_upgraded":4,"win_rate":0,"timestamp":1559162124,"path_taken":["M","M","M","?","M","R","M","R","T","E","R","E","R","$","R","BOSS","M","?","M","?","?","R","E","R","T","E","M","E","?","M","R","BOSS","M","M","?","M"],"build_version":"2019-01-23","purchased_purges":1,"victory":false,"max_hp_per_floor":[75,75,75,75,75,75,75,75,75,75,75,75,75,75,75,75,75,75,75,75,75,75,75,75,75,75,75,75,75,75,75,75,75,75,78,78,78,78],"card_choices":[{"not_picked":["Heavy Blade","True Grit"],"picked":"Wild Strike","floor":1.0},{"not_picked":["Warcry","Searing Blow","Clothesline"],"picked":"SKIP","floor":2.0},{"not_picked":["Evolve","True Grit","Havoc"],"picked":"SKIP","floor":3.0},{"not_picked":["Sever Soul","Body Slam"],"picked":"Metallicize","floor":5.0},{"not_picked":["Clothesline","Heavy Blade","Perfected Strike"],"picked":"SKIP","floor":7.0},{"not_picked":["Berserk","Thunderclap"],"picked":"Metallicize","floor":10.0},{"not_picked":["Headbutt","Sever Soul"],"picked":"Impervious","floor":12.0},{"not_picked":["Limit Break","Reaper"],"picked":"Barricade","floor":16.0},{"not_picked":["Thunderclap","Rupture"],"picked":"Shrug It Off","floor":18.0},{"not_picked":["Wild Strike","Fire Breathing+1","Perfected Strike"],"picked":"SKIP","floor":20.0},{"not_picked":["Twin Strike","Flex"],"picked":"Fiend Fire","floor":22.0},{"not_picked":["Pommel Strike","Sword Boomerang"],"picked":"Combust","floor":24.0},{"not_picked":["Iron Wave","Pommel Strike","Wild Strike"],"picked":"SKIP","floor":27.0},{"not_picked":["Clothesline","Barricade"],"picked":"Second Wind","floor":28.0},{"not_picked":["Warcry","Iron Wave+1","Havoc"],"picked":"SKIP","floor":29.0},{"not_picked":["Dual Wield","Warcry"],"picked":"Metallicize+1","floor":31.0},{"not_picked":["Barricade+1","Berserk+1"],"picked":"Feed","floor":33.0},{"not_picked":["Dropkick","Perfected Strike"],"picked":"Flame Barrier","floor":35},{"not_picked":["Cleave","Seeing Red"],"picked":"Reckless Charge+1","floor":36}],"player_experience":1447465,"relics_obtained":[{"floor":9.0,"key":"Letter Opener"},{"floor":10.0,"key":"Nunchaku"},{"floor":12.0,"key":"Centennial Puzzle"},{"floor":24.0,"key":"Calipers"},{"floor":26.0,"key":"Self Forming Clay"},{"floor":27.0,"key":"Bag of Preparation"},{"floor":29.0,"key":"Frozen Egg 2"}],"event_choices":[{"damage_healed":0.0,"max_hp_gain":0.0,"max_hp_loss":0.0,"gold_gain":0.0,"event_name":"Living Wall","player_choice":"Grow","floor":4.0,"gold_loss":0.0,"damage_taken":0.0,"cards_upgraded":["Uppercut"]},{"damage_healed":0.0,"max_hp_gain":0.0,"max_hp_loss":0.0,"gold_gain":0.0,"event_name":"The Mausoleum","player_choice":"Ignored","floor":19.0,"gold_loss":0.0,"damage_taken":0.0},{"damage_healed":0.0,"max_hp_gain":0.0,"max_hp_loss":0.0,"gold_gain":0.0,"event_name":"Match and Keep!","player_choice":"2 cards matched","floor":21.0,"gold_loss":0.0,"damage_taken":0.0,"cards_obtained":["Havoc","Limit Break"]},{"damage_healed":0.0,"max_hp_gain":0.0,"max_hp_loss":0.0,"gold_gain":0.0,"event_name":"Nest","player_choice":"Joined the Cult","floor":30.0,"gold_loss":0.0,"damage_taken":6.0,"cards_obtained":["RitualDagger"]},{"cards_removed":["Havoc"],"damage_healed":0,"gold_gain":0,"player_choice":"Removed Skill","damage_taken":0,"max_hp_gain":0,"max_hp_loss":0,"event_name":"Falling","floor":37,"gold_loss":0}],"is_beta":false,"boss_relics":[{"not_picked":["Astrolabe","Coffee Dripper"],"picked":"Fusion Hammer"},{"not_picked":["Sozu","Black Star"],"picked":"Cursed Key"}],"items_purged_floors":[14],"is_endless":false,"potions_floor_spawned":[5,7,12,16,20,28,31],"killed_by":"Jaw Worm Horde","ascension_level":20}