{"gold_per_floor":[113,63,78,78,90,90,124,124,124,45,59,59,94,142,142,218,218,234,245,245,245,245,245,270,270,324,343,363,343,343],"floor_reached":30,"playtime":1334,"items_purged":[],"score":612,"play_id":"3ebe0907-4a7b-427d-88db-98c9a7409a12","local_time":"20190312022740","is_ascension_mode":true,"campfire_choices":[{"data":"Sweeping Beam","floor":6,"key":"SMITH"},{"data":"Zap","floor":8,"key":"SMITH"},{"data":"Sunder","floor":12,"key":"SMITH"},{"floor":15,"key":"REST"},{"floor":23,"key":"REST"},{"floor":25,"key":"REST"}],"neow_cost":"NONE","seed_source_timestamp":277834897913936,"circlet_count":0,"master_deck":["AscendersBane","Zap+1","Dualcast","Coolheaded","Sweeping Beam+1","Recycle+1","Hologram","Conserve Battery","Sunder+1","Seek","Echo Form","Barrage","Steam Power","Loop","Rebound","Gash","Amplify","Redo","Machine Learning","Reinforced Body","Decay","Genetic Algorithm","Leap+1","Coolheaded"],"relics":["Cracked Core","NeowsBlessing","Symbiotic Virus","Mercury Hourglass","Happy Flower","Pandora\u0027s Box","Bronze Scales","Lantern"],"potions_floor_usage":[7,7,24,24,30],"damage_taken":[{"damage":0,"enemies":"Jaw Worm","floor":1,"turns":1},{"damage":0,"enemies":"Cultist","floor":3,"turns":1},{"damage":0,"enemies":"2 Louse","floor":5,"turns":1},{"damage":36,"enemies":"Lagavulin","floor":7,"turns":8},{"damage":5,"enemies":"Blue Slaver","floor":11,"turns":3},{"damage":32,"enemies":"Gremlin Nob","floor":13,"turns":4},{"damage":0,"enemies":"Slime Boss","floor":16,"turns":6},{"damage":21,"enemies":"Spheric Guardian","floor":18,"turns":4},{"damage":25,"enemies":"2 Thieves","floor":19,"turns":3},{"damage":28,"enemies":"Slavers","floor":24,"turns":6},{"damage":24,"enemies":"Snake Plant","floor":27,"turns":4},{"damage":0,"enemies":"Chosen and Byrds","floor":28,"turns":3},{"damage":7,"enemies":"Cultist and Chosen","floor":30,"turns":3}],"seed_played":"-5653028463960864917","potions_obtained":[{"floor":3,"key":"EntropicBrew"},{"floor":13,"key":"EssenceOfSteel"},{"floor":16,"key":"Dexterity Potion"},{"floor":18,"key":"PowerPotion"},{"floor":27,"key":"FocusPotion"},{"floor":29,"key":"AttackPotion"}],"is_trial":false,"path_per_floor":["M","$","M","?","M","R","E","R","T","$","M","R","E","T","R","B",null,"M","M","?","?","?","R","E","R","T","M","M","?","M"],"character_chosen":"DEFECT","items_purchased":["Sweeping Beam","Sunder"],"campfire_rested":3,"item_purchase_floors":[2,10],"current_hp_per_floor":[64,64,64,64,64,64,42,42,42,42,37,37,5,5,26,26,60,39,14,14,14,14,35,7,28,28,4,4,4,0],"gold":343,"neow_bonus":"THREE_ENEMY_KILL","is_prod":false,"is_daily":false,"chose_seed":false,"campfire_upgraded":3,"win_rate":0,"timestamp":1552372060,"path_taken":["M","$","M","?","?","R","E","R","T","$","M","R","E","?","R","BOSS","M","M","?","?","?","R","E","R","T","M","M","?","?"],"build_version":"2019-01-23","purchased_purges":0,"victory":false,"max_hp_per_floor":[71,71,71,71,71,71,71,71,71,71,71,71,71,71,71,71,71,71,71,71,71,71,71,71,71,71,71,71,71,71],"card_choices":[{"not_picked":["Cold Snap","Go for the Eyes"],"picked":"Coolheaded","floor":1},{"not_picked":["Barrage","Compile Driver"],"picked":"Recycle","floor":3},{"not_picked":["Rebound","Redo"],"picked":"Hologram","floor":5},{"not_picked":["Compile Driver","Turbo"],"picked":"Conserve Battery","floor":7},{"not_picked":["Hologram","Beam Cell"],"picked":"Seek","floor":11},{"not_picked":["Ball Lightning","Hologram","Force Field"],"picked":"SKIP","floor":13},{"not_picked":["Meteor Strike","Fission"],"picked":"Echo Form","floor":16},{"not_picked":["Barrage","Gash"],"picked":"Reinforced Body","floor":18},{"not_picked":["Rebound","Gash","Steam Power"],"picked":"SKIP","floor":19},{"not_picked":["Hologram","Thunder Strike"],"picked":"Leap+1","floor":24},{"not_picked":["Redo+1","Beam Cell"],"picked":"Coolheaded","floor":27},{"not_picked":["Fusion","Sweeping Beam","Compile Driver"],"picked":"SKIP","floor":28}],"player_experience":824927,"relics_obtained":[{"floor":7,"key":"Symbiotic Virus"},{"floor":13,"key":"Mercury Hourglass"},{"floor":14,"key":"Happy Flower"},{"floor":24,"key":"Bronze Scales"},{"floor":26,"key":"Lantern"}],"event_choices":[{"damage_healed":0,"gold_gain":0,"player_choice":"Upgraded","damage_taken":0,"max_hp_gain":0,"max_hp_loss":0,"event_name":"Upgrade Shrine","floor":4,"gold_loss":0,"cards_upgraded":["Recycle"]},{"damage_healed":0,"gold_gain":0,"player_choice":"Smashed Altar","damage_taken":0,"max_hp_gain":0,"max_hp_loss":0,"event_name":"Forgotten Altar","floor":20,"gold_loss":0,"cards_obtained":["Decay"]},{"damage_healed":0,"gold_gain":0,"player_choice":"Read","damage_taken":0,"max_hp_gain":0,"max_hp_loss":0,"event_name":"The Library","floor":21,"gold_loss":0,"cards_obtained":["Genetic Algorithm"]},{"damage_healed":0,"gold_gain":0,"player_choice":"Ignored","damage_taken":0,"max_hp_gain":0,"max_hp_loss":0,"event_name":"Vampires","floor":22,"gold_loss":0},{"damage_healed":0,"gold_gain":0,"player_choice":"Bought 1 Potion","damage_taken":0,"max_hp_gain":0,"max_hp_loss":0,"event_name":"The Woman in Blue","floor":29,"gold_loss":0}],"is_beta":false,"boss_relics":[{"not_picked":["Busted Crown","Sozu"],"picked":"Pandora\u0027s Box"}],"items_purged_floors":[],"is_endless":false,"potions_floor_spawned":[3,13,16,18,27],"killed_by":"Cultist and Chosen","ascension_level":20}