{"gold_per_floor":[113,113,131,206,85,85,100,100,100,113,113,130,145,145,145,240,240,252,252,252],"floor_reached":20,"playtime":508,"items_purged":["Strike_R"],"score":164,"play_id":"1999479f-4157-4fc4-aee2-0dcb46cd72aa","local_time":"20181004190941","is_ascension_mode":false,"campfire_choices":[{"data":"Spot Weakness","floor":6.0,"key":"SMITH"},{"data":"Clothesline","floor":8.0,"key":"SMITH"},{"data":"Bash","floor":11.0,"key":"SMITH"},{"data":"Inflame","floor":15.0,"key":"SMITH"}],"neow_cost":"TEN_PERCENT_HP_LOSS","seed_source_timestamp":1878921538065282,"circlet_count":0,"master_deck":["Strike_R","Strike_R","Strike_R","Strike_R","Defend_R","Defend_R","Defend_R","Defend_R","Bash+1","Reaper","Clothesline+1","Spot Weakness+1","Shrug It Off","Cleave","Inflame+1","Limit Break","Whirlwind"],"special_seed":0,"relics":["Burning Blood"],"potions_floor_usage":[],"damage_taken":[{"damage":0.0,"enemies":"Small Slimes","floor":1.0,"turns":3.0},{"damage":3.0,"enemies":"Jaw Worm","floor":3.0,"turns":5.0},{"damage":13.0,"enemies":"Cultist","floor":7.0,"turns":5.0},{"damage":5.0,"enemies":"Red Slaver","floor":10.0,"turns":4.0},{"damage":11.0,"enemies":"Blue Slaver","floor":12.0,"turns":5.0},{"damage":25.0,"enemies":"Exordium Thugs","floor":13.0,"turns":4.0},{"damage":23.0,"enemies":"Hexaghost","floor":16.0,"turns":9.0},{"damage":46.0,"enemies":"Spheric Guardian","floor":18.0,"turns":8.0},{"damage":49,"enemies":"Shell Parasite","floor":20,"turns":6}],"seed_played":"-292038887155201231","potions_obtained":[{"floor":1.0,"key":"LiquidBronze"},{"floor":3.0,"key":"Poison Potion"},{"floor":18.0,"key":"LiquidBronze"}],"is_trial":false,"path_per_floor":["M","?","M","?","$","R","M","R","T","M","R","M","M","T","R","B",null,"M","?"],"character_chosen":"IRONCLAD","items_purchased":["Shrug It Off"],"campfire_rested":0,"item_purchase_floors":[5],"current_hp_per_floor":[72,72,72,61,61,61,60,60,60,72,72,72,57,57,57,55,72,32,32,0],"gold":252,"neow_bonus":"THREE_RARE_CARDS","is_prod":false,"is_daily":false,"chose_seed":false,"campfire_upgraded":4,"win_rate":0,"timestamp":1538694581,"path_taken":["M","?","?","?","$","R","M","R","T","M","R","M","M","?","R","BOSS","M","?","M"],"build_version":"2018-09-27","purchased_purges":1,"victory":false,"max_hp_per_floor":[72,72,72,72,72,72,72,72,72,72,72,72,72,72,72,72,72,72,72,72],"card_choices":[{"not_picked":["Offering","Exhume"],"picked":"Reaper","floor":0.0},{"not_picked":["Seeing Red","Whirlwind"],"picked":"Clothesline","floor":1.0},{"not_picked":["Ghostly Armor","Twin Strike"],"picked":"Spot Weakness","floor":3.0},{"not_picked":["Anger","Flame Barrier","Perfected Strike"],"picked":"SKIP","floor":7.0},{"not_picked":["Warcry","Rampage"],"picked":"Cleave","floor":10.0},{"not_picked":["Flex","Heavy Blade"],"picked":"Inflame","floor":12.0},{"not_picked":["Corruption","Clothesline","Dropkick"],"picked":"SKIP","floor":13.0},{"not_picked":["Dark Embrace","Offering"],"picked":"Limit Break","floor":16.0},{"not_picked":["Seeing Red","Infernal Blade"],"picked":"Whirlwind","floor":18.0}],"player_experience":557864,"relics_obtained":[],"event_choices":[{"event_name":"Golden Idol","player_choice":"Ignored","floor":2.0,"damage_taken":0.0},{"event_name":"World of Goop","player_choice":"Gather Gold","floor":4.0,"damage_taken":0.0},{"event_name":"Cursed Tome","player_choice":"Ignored","floor":19,"damage_taken":0}],"is_beta":false,"boss_relics":[{"not_picked":["Pandora\u0027s Box","Philosopher\u0027s Stone","Snecko Eye"]}],"items_purged_floors":[5],"is_endless":false,"potions_floor_spawned":[1,3,18],"killed_by":"Shell Parasite","ascension_level":0}