{"gold_per_floor":[110,125,50,61,15,49,49,77,77,77,33,51,51,83,83,161,161,173,190,11,29,79,79,112,112,112,137,137,152,166,180,180,180],"floor_reached":33,"playtime":1801,"items_purged":[],"score":594,"play_id":"fdcbd98f-bcc3-4da8-abf4-dc16dec3e898","local_time":"20180923200505","is_ascension_mode":true,"campfire_choices":[{"data":"Shockwave","floor":7,"key":"SMITH"},{"floor":10,"key":"REST"},{"floor":15,"key":"REST"},{"data":"True Grit","floor":23,"key":"SMITH"},{"data":"Inflame","floor":25,"key":"SMITH"},{"data":"Armaments","floor":28,"key":"SMITH"},{"floor":32,"key":"REST"}],"neow_cost":"TEN_PERCENT_HP_LOSS","seed_source_timestamp":930483182284556,"circlet_count":0,"master_deck":["Strike_R","Strike_R","Strike_R","Strike_R","Defend_R","Defend_R","Defend_R","Defend_R","Bash","AscendersBane","Headbutt","Clothesline+1","Inflame+1","Shockwave+1","Armaments+1","Impervious","True Grit+1","Impervious","Ghostly Armor","Cleave","Wild Strike+1","Whirlwind+1","Berserk+1","True Grit"],"relics":["Burning Blood","Bird Faced Urn","Bottled Lightning","Bag of Preparation","Dodecahedron","Blood Vial","Mark of Pain","Vajra","Self Forming Clay","Molten Egg 2","Frozen Egg 2"],"potions_floor_usage":[8,14,24,33,33],"damage_taken":[{"damage":6,"enemies":"2 Louse","floor":1,"turns":3},{"damage":5,"enemies":"Small Slimes","floor":2,"turns":4},{"damage":4,"enemies":"Jaw Worm","floor":4,"turns":4},{"damage":36,"enemies":"Lagavulin","floor":6,"turns":8},{"damage":41,"enemies":"3 Sentries","floor":8,"turns":9},{"damage":14,"enemies":"2 Fungi Beasts","floor":12,"turns":3},{"damage":12,"enemies":"Gremlin Nob","floor":14,"turns":4},{"damage":22,"enemies":"Slime Boss","floor":16,"turns":13},{"damage":14,"enemies":"Shell Parasite","floor":18,"turns":10},{"damage":13,"enemies":"Chosen","floor":19,"turns":6},{"damage":9,"enemies":"Centurion and Healer","floor":21,"turns":7},{"damage":0,"enemies":"Gremlin Leader","floor":24,"turns":5},{"damage":28,"enemies":"Slavers","floor":27,"turns":7},{"damage":14,"enemies":"Snake Plant","floor":29,"turns":4},{"damage":5,"enemies":"Cultist and Chosen","floor":30,"turns":7},{"damage":35,"enemies":"Sentry and Sphere","floor":31,"turns":6},{"damage":84,"enemies":"Automaton","floor":33,"turns":6}],"seed_played":"8476259513667196684","potions_obtained":[{"floor":1,"key":"BloodPotion"},{"floor":12,"key":"Block Potion"},{"floor":18,"key":"Explosive Potion"},{"floor":29,"key":"PowerPotion"},{"floor":31,"key":"Ancient Potion"}],"is_trial":false,"path_per_floor":["M","M","?","M","$","E","R","E","T","R","?","M","?","E","R","B",null,"M","M","$","M","?","R","E","R","T","E","R","M","M","M","R"],"character_chosen":"IRONCLAD","items_purchased":["Inflame","Vajra"],"campfire_rested":3,"item_purchase_floors":[5,20],"current_hp_per_floor":[68,68,68,68,68,38,38,11,11,31,31,25,25,21,41,29,58,54,51,51,52,52,52,62,62,62,44,44,38,43,18,38,0],"gold":180,"neow_bonus":"ONE_RARE_RELIC","is_prod":false,"is_daily":false,"chose_seed":false,"campfire_upgraded":4,"win_rate":0,"timestamp":1537747505,"path_taken":["M","M","?","M","$","E","R","E","T","R","?","M","?","E","R","BOSS","M","M","$","M","?","R","E","R","T","E","R","M","M","M","R","BOSS"],"build_version":"2018-09-20","purchased_purges":0,"victory":false,"max_hp_per_floor":[68,68,68,68,68,68,68,68,68,68,68,68,68,68,68,68,68,68,68,68,68,68,68,68,68,68,68,68,68,68,68,68,68],"card_choices":[{"not_picked":["Anger","Dual Wield","Seeing Red"],"picked":"SKIP","floor":1},{"not_picked":["Wild Strike","Second Wind"],"picked":"Headbutt","floor":2},{"not_picked":["Havoc","Fire Breathing"],"picked":"Clothesline","floor":4},{"not_picked":["Rage","Shrug It Off"],"picked":"Shockwave","floor":6},{"not_picked":["Heavy Blade","Body Slam"],"picked":"Armaments","floor":8},{"not_picked":["Sword Boomerang","Wild Strike"],"picked":"Impervious","floor":12},{"not_picked":["Bloodletting","Perfected Strike"],"picked":"True Grit","floor":14},{"not_picked":["Exhume","Brutality"],"picked":"Impervious","floor":16},{"not_picked":["Sever Soul","Burning Pact"],"picked":"Ghostly Armor","floor":18},{"not_picked":["Intimidate","Ghostly Armor"],"picked":"Cleave","floor":19},{"not_picked":["Carnage","Anger"],"picked":"Wild Strike+1","floor":21},{"not_picked":["Clash","Sword Boomerang","Heavy Blade"],"picked":"SKIP","floor":24},{"not_picked":["Sever Soul+1","Heavy Blade+1"],"picked":"Whirlwind+1","floor":27},{"not_picked":["Perfected Strike+1","Twin Strike+1"],"picked":"Berserk+1","floor":29},{"not_picked":["Dual Wield","Sever Soul+1","Rage"],"picked":"SKIP","floor":30},{"not_picked":["Clothesline+1","Armaments"],"picked":"True Grit","floor":31}],"player_experience":530718,"relics_obtained":[{"floor":6,"key":"Bottled Lightning"},{"floor":8,"key":"Bag of Preparation"},{"floor":9,"key":"Dodecahedron"},{"floor":14,"key":"Blood Vial"},{"floor":24,"key":"Self Forming Clay"},{"floor":26,"key":"Molten Egg 2"},{"floor":27,"key":"Frozen Egg 2"}],"event_choices":[{"event_name":"The Cleric","player_choice":"Card Removal","floor":3,"damage_taken":0},{"event_name":"World of Goop","player_choice":"Left","floor":11,"damage_taken":0},{"event_name":"Living Wall","player_choice":"Grow","floor":13,"damage_taken":0},{"event_name":"Golden Shrine","player_choice":"Pray","floor":22,"damage_taken":0}],"is_beta":false,"boss_relics":[{"not_picked":["Runic Cube","Black Star"],"picked":"Mark of Pain"}],"items_purged_floors":[],"is_endless":false,"potions_floor_spawned":[1,12,18,29,31],"killed_by":"Automaton","ascension_level":16}