{"gold_per_floor":[213,213,227,15,15,47,58,122,122,122,172,172,215,340,340,434,434,455,468,65,86,136,136,202,102,102,152,152,68,33,67,67,67],"floor_reached":33,"playtime":1638,"items_purged":["Pain","Strike_G"],"score":628,"play_id":"9d77b5f0-d130-4615-a108-0e4ae41f5801","local_time":"20190319234538","is_ascension_mode":true,"campfire_choices":[{"data":"Neutralize","floor":10,"key":"SMITH"},{"floor":12,"key":"REST"},{"data":"Caltrops","floor":15,"key":"SMITH"},{"floor":23,"key":"REST"},{"floor":28,"key":"REST"},{"floor":32,"key":"RECALL"}],"neow_cost":"NONE","seed_source_timestamp":508078079802927,"circlet_count":0,"master_deck":["AscendersBane","Defend_G+1","Defend_G+1","Defend_G+1","Defend_G+1","Defend_G+1","Strike_G+1","Strike_G+1","Survivor","Neutralize+1","Quick Slash","Dagger Spray","Masterful Stab","Deflect","Caltrops+1","Backflip","Crippling Poison","After Image","Backflip","Endless Agony+1","Bouncing Flask","Eviscerate+1","Noxious Fumes","Calculated Gamble","Cloak And Dagger","PiercingWail","Adrenaline"],"relics":["Ring of the Snake","WarpedTongs","SsserpentHead","Potion Belt","Centennial Puzzle","Golden Idol","Molten Egg 2","Fusion Hammer","Dead Branch","Tiny Chest","Gambling Chip","The Specimen"],"potions_floor_usage":[6,16,33],"damage_taken":[{"damage":1,"enemies":"2 Louse","floor":1,"turns":3},{"damage":3,"enemies":"Cultist","floor":3,"turns":3},{"damage":17,"enemies":"Lagavulin","floor":6,"turns":5},{"damage":0,"enemies":"Small Slimes","floor":7,"turns":3},{"damage":6,"enemies":"2 Fungi Beasts","floor":8,"turns":4},{"damage":16,"enemies":"3 Sentries","floor":13,"turns":9},{"damage":8,"enemies":"Hexaghost","floor":16,"turns":11},{"damage":2,"enemies":"Chosen","floor":18,"turns":6},{"damage":2,"enemies":"Shell Parasite","floor":19,"turns":6},{"damage":3,"enemies":"Centurion and Healer","floor":21,"turns":9},{"damage":19,"enemies":"Slavers","floor":24,"turns":4},{"damage":0,"enemies":"Book of Stabbing","floor":31,"turns":5},{"damage":87,"enemies":"Champ","floor":33,"turns":12}],"seed_played":"-8315050094894038732","potions_obtained":[{"floor":8,"key":"Ancient Potion"},{"floor":13,"key":"GamblersBrew"},{"floor":16,"key":"Dexterity Potion"},{"floor":21,"key":"LiquidBronze"},{"floor":24,"key":"Swift Potion"}],"is_trial":false,"path_per_floor":["M","?","M","$","?","E","M","M","T","R","?","R","E","?","R","B",null,"M","M","$","M","?","R","E","$","T","?","R","$","?","E","R","B"],"character_chosen":"THE_SILENT","items_purchased":["Masterful Stab","FearPotion","Dead Branch","Endless Agony+1","Cloak And Dagger","PiercingWail"],"campfire_rested":3,"item_purchase_floors":[4,4,20,20,29,29],"current_hp_per_floor":[58,58,55,55,55,38,38,32,32,32,32,50,34,23,23,15,49,47,45,45,42,42,60,41,41,41,41,59,59,59,59,59,0],"gold":67,"neow_bonus":"HUNDRED_GOLD","is_prod":false,"is_daily":false,"chose_seed":false,"campfire_upgraded":2,"win_rate":0,"timestamp":1553053538,"path_taken":["M","?","M","$","?","E","M","?","T","R","?","R","E","?","R","BOSS","M","M","$","M","?","R","E","$","T","?","R","$","?","E","R","BOSS"],"build_version":"2019-01-23","purchased_purges":2,"victory":false,"max_hp_per_floor":[66,66,66,66,66,66,66,66,66,66,60,60,60,60,60,60,60,60,60,60,60,60,60,60,60,60,60,60,60,60,60,60,60],"card_choices":[{"not_picked":["Prepared","Tactician"],"picked":"Quick Slash","floor":1},{"not_picked":["Dodge and Roll","Underhanded Strike"],"picked":"Dagger Spray","floor":3},{"not_picked":["Sucker Punch","Slice"],"picked":"Deflect","floor":6},{"not_picked":["Leg Sweep","Deadly Poison"],"picked":"Caltrops","floor":7},{"not_picked":["All Out Attack","Expertise"],"picked":"Backflip","floor":8},{"not_picked":["Quick Slash","Riddle With Holes"],"picked":"Crippling Poison","floor":13},{"not_picked":["Corpse Explosion","Envenom"],"picked":"After Image","floor":16},{"not_picked":["Sucker Punch+1","Outmaneuver","Flying Knee+1"],"picked":"SKIP","floor":18},{"not_picked":["Expertise","Heel Hook+1"],"picked":"Backflip","floor":19},{"not_picked":["Blur","Poisoned Stab+1"],"picked":"Bouncing Flask","floor":21},{"not_picked":["Flying Knee+1","Riddle With Holes+1"],"picked":"Calculated Gamble","floor":24},{"not_picked":["Dagger Spray+1","Underhanded Strike+1"],"picked":"Adrenaline","floor":31}],"player_experience":969186,"relics_obtained":[{"floor":6,"key":"Potion Belt"},{"floor":9,"key":"Centennial Puzzle"},{"floor":13,"key":"Molten Egg 2"},{"floor":24,"key":"Tiny Chest"},{"floor":31,"key":"The Specimen"}],"event_choices":[{"damage_healed":0,"gold_gain":0,"player_choice":"Rummage","damage_taken":0,"relics_obtained":["WarpedTongs"],"max_hp_gain":0,"max_hp_loss":0,"event_name":"Accursed Blacksmith","floor":2,"gold_loss":0,"cards_obtained":["Pain"]},{"damage_healed":0,"gold_gain":0,"player_choice":"Trade","damage_taken":0,"relics_obtained":["SsserpentHead"],"max_hp_gain":0,"max_hp_loss":0,"event_name":"FaceTrader","floor":5,"gold_loss":0},{"damage_healed":0,"gold_gain":0,"player_choice":"Lose Max HP","damage_taken":0,"relics_obtained":["Golden Idol"],"max_hp_gain":0,"max_hp_loss":6,"event_name":"Golden Idol","floor":11,"gold_loss":0},{"damage_healed":0,"gold_gain":75,"player_choice":"Gather Gold","damage_taken":11,"max_hp_gain":0,"max_hp_loss":0,"event_name":"World of Goop","floor":14,"gold_loss":0},{"damage_healed":0,"gold_gain":0,"cards_transformed":["Strike_G","Strike_G"],"player_choice":"Became Test Subject","damage_taken":0,"max_hp_gain":0,"max_hp_loss":0,"event_name":"Drug Dealer","floor":22,"gold_loss":0,"cards_obtained":["Eviscerate","Noxious Fumes"]},{"damage_healed":0,"gold_gain":0,"player_choice":"Simplicity","damage_taken":0,"max_hp_gain":0,"max_hp_loss":0,"event_name":"Back to Basics","floor":27,"gold_loss":0,"cards_upgraded":["Defend_G","Defend_G","Defend_G","Defend_G","Defend_G","Strike_G","Strike_G"]},{"damage_healed":0,"gold_gain":0,"player_choice":"Obtained Relic","damage_taken":0,"relics_obtained":["Gambling Chip"],"max_hp_gain":0,"max_hp_loss":0,"event_name":"Addict","floor":30,"gold_loss":85}],"is_beta":false,"boss_relics":[{"not_picked":["Coffee Dripper","Black Star"],"picked":"Fusion Hammer"}],"items_purged_floors":[4,25],"is_endless":false,"potions_floor_spawned":[8,13,16,21,24,31],"killed_by":"Champ","ascension_level":20}