{"gold_per_floor":[117,131,45,61,61,61,86,126,165,177,189,275,312,344,356,368],"floor_reached":16,"playtime":588,"items_purged":[],"score":200,"play_id":"93895fc5-00e0-4df4-ba6c-641adfb260d8","local_time":"20190526013827","is_ascension_mode":true,"campfire_choices":[{"data":"Bash","floor":6,"key":"SMITH"},{"floor":10,"key":"REST"},{"data":"Rampage","floor":15,"key":"SMITH"}],"neow_cost":"NONE","seed_source_timestamp":886787594156499,"circlet_count":0,"master_deck":["AscendersBane","Strike_R","Strike_R","Strike_R","Strike_R","Defend_R","Defend_R","Defend_R","Defend_R","Bash+1","Anger","Flame Barrier","Rampage+1","Metallicize","True Grit","Headbutt","Dropkick","Pummel"],"relics":["Burning Blood","Golden Idol","MawBank","Smiling Mask","Lantern"],"potions_floor_usage":[8,16],"damage_taken":[{"damage":5,"enemies":"Small Slimes","floor":1,"turns":4},{"damage":12,"enemies":"2 Louse","floor":2,"turns":3},{"damage":0,"enemies":"Cultist","floor":4,"turns":3},{"damage":28,"enemies":"Gremlin Gang","floor":7,"turns":5},{"damage":15,"enemies":"3 Sentries","floor":8,"turns":12},{"damage":23,"enemies":"Gremlin Nob","floor":12,"turns":4},{"damage":8,"enemies":"Looter","floor":14,"turns":3},{"damage":32,"enemies":"Hexaghost","floor":16,"turns":9}],"seed_played":"2346463632649939108","potions_obtained":[{"floor":4,"key":"Fire Potion"},{"floor":12,"key":"Regen Potion"},{"floor":14,"key":"Energy Potion"}],"is_trial":false,"path_per_floor":["M","M","$","M","?","R","M","E","T","R","?","?","T","M","R","B"],"character_chosen":"IRONCLAD","items_purchased":["Rampage"],"campfire_rested":1,"item_purchase_floors":[3],"current_hp_per_floor":[76,70,70,76,48,48,26,17,17,41,34,17,17,15,15,0],"gold":368,"neow_bonus":"TEN_PERCENT_HP_BONUS","is_prod":false,"is_daily":false,"chose_seed":false,"campfire_upgraded":2,"win_rate":0,"timestamp":1558849107,"path_taken":["M","M","$","M","?","R","M","E","T","R","?","?","?","?","R","BOSS"],"build_version":"2019-01-23","purchased_purges":0,"victory":false,"max_hp_per_floor":[82,82,82,82,82,82,82,82,82,82,82,82,82,82,82,82],"card_choices":[{"not_picked":["Wild Strike","Flex"],"picked":"Anger","floor":1},{"not_picked":["Rage","Warcry"],"picked":"Flame Barrier","floor":2},{"not_picked":["Fire Breathing","Blood for Blood"],"picked":"Metallicize","floor":4},{"not_picked":["Rage","Warcry"],"picked":"True Grit","floor":7},{"not_picked":["Corruption","Wild Strike"],"picked":"Headbutt","floor":8},{"not_picked":["Warcry","Twin Strike"],"picked":"Dropkick","floor":12},{"not_picked":["Sword Boomerang","Clash"],"picked":"Pummel","floor":14}],"player_experience":1418784,"relics_obtained":[{"floor":8,"key":"MawBank"},{"floor":12,"key":"Smiling Mask"},{"floor":13,"key":"Lantern"}],"event_choices":[{"damage_healed":0,"gold_gain":0,"player_choice":"Take Damage","damage_taken":28,"relics_obtained":["Golden Idol"],"max_hp_gain":0,"max_hp_loss":0,"event_name":"Golden Idol","floor":5,"gold_loss":0},{"cards_removed":["Strike_R"],"damage_healed":0,"gold_gain":0,"player_choice":"Card Removal","damage_taken":7,"max_hp_gain":0,"max_hp_loss":0,"event_name":"Golden Wing","floor":11,"gold_loss":0},{"damage_healed":0,"gold_gain":0,"player_choice":"Searched \u00272\u0027 times","damage_taken":0,"max_hp_gain":0,"max_hp_loss":0,"event_name":"Dead Adventurer","floor":12,"gold_loss":0}],"is_beta":false,"boss_relics":[],"items_purged_floors":[],"is_endless":false,"potions_floor_spawned":[4,12,14],"killed_by":"Hexaghost","ascension_level":20}