{"gold_per_floor":[20,34,34,50,66,66,81,112,197,215,215,245,245,270,270,393,393,418,434,434,359,53,66,66],"floor_reached":24,"playtime":1715,"items_purged":["Strike_R"],"score":250,"play_id":"54c0ef57-59da-4667-bd13-78fe9235dcfb","local_time":"20180822235905","is_ascension_mode":true,"campfire_choices":[{"data":"Clothesline","floor":6,"key":"SMITH"},{"data":"True Grit","floor":11,"key":"SMITH"},{"data":"Iron Wave","floor":15,"key":"SMITH"}],"neow_cost":"NO_GOLD","seed_source_timestamp":591759606134728,"circlet_count":0,"master_deck":["Strike_R","Defend_R","Defend_R","Defend_R","Defend_R","Bash","Iron Wave","Cleave","Inflame+1","Shrug It Off","Iron Wave+1","Spot Weakness","Clothesline+1","Spot Weakness","True Grit+1","Limit Break","Whirlwind","Barricade","Entrench+1","Impervious","Battle Trance+1","Shrug It Off"],"relics":["Burning Blood","Prayer Wheel","Smiling Mask","Tiny Chest","Golden Idol","Empty Cage","Ornamental Fan"],"potions_floor_usage":[2,14,16],"damage_taken":[{"damage":6,"enemies":"Cultist","floor":1,"turns":4},{"damage":6,"enemies":"Jaw Worm","floor":2,"turns":4},{"damage":15,"enemies":"Small Slimes","floor":4,"turns":4},{"damage":8,"enemies":"Blue Slaver","floor":5,"turns":3},{"damage":2,"enemies":"Gremlin Gang","floor":7,"turns":3},{"damage":35,"enemies":"Lagavulin","floor":8,"turns":8},{"damage":14,"enemies":"Exordium Thugs","floor":10,"turns":5},{"damage":1,"enemies":"2 Fungi Beasts","floor":14,"turns":3},{"damage":32,"enemies":"The Guardian","floor":16,"turns":10},{"damage":25,"enemies":"2 Thieves","floor":18,"turns":4},{"damage":8,"enemies":"Chosen","floor":19,"turns":6},{"damage":42,"enemies":"Shelled Parasite and Fungi","floor":23,"turns":12},{"damage":12,"enemies":"Snake Plant","floor":24,"turns":2}],"seed_played":"-7400339171597318163","potions_obtained":[{"floor":2,"key":"Fruit Juice"},{"floor":5,"key":"SteroidPotion"},{"floor":14,"key":"EssenceOfSteel"},{"floor":16,"key":"LiquidBronze"},{"floor":19,"key":"Dexterity Potion"}],"is_trial":false,"path_per_floor":["M","M","?","M","M","R","M","E","T","M","R","?","?","M","R","B",null,"M","M","?","?","$","M"],"character_chosen":"IRONCLAD","items_purchased":["Ornamental Fan"],"campfire_rested":0,"item_purchase_floors":[22],"current_hp_per_floor":[80,85,85,76,74,74,78,49,49,41,41,41,41,46,46,20,64,45,43,43,43,43,7,0],"gold":66,"neow_bonus":"ONE_RARE_RELIC","is_prod":false,"is_daily":false,"chose_seed":false,"campfire_upgraded":3,"win_rate":0,"timestamp":1534996745,"path_taken":["M","M","?","M","M","R","M","E","T","?","R","?","?","?","R","BOSS","M","?","?","?","$","M","M"],"build_version":"2018-08-16","purchased_purges":1,"victory":false,"max_hp_per_floor":[80,85,85,85,85,85,85,85,85,85,85,85,79,79,79,79,79,79,79,79,79,79,79,79],"card_choices":[{"not_picked":["Flex","Entrench"],"picked":"Iron Wave","floor":1},{"not_picked":["Armaments","Headbutt"],"picked":"Cleave","floor":1},{"not_picked":["Whirlwind","Blood for Blood"],"picked":"Inflame","floor":2},{"not_picked":["Searing Blow","Fire Breathing"],"picked":"Shrug It Off","floor":2},{"not_picked":["Seeing Red","Clash"],"picked":"Iron Wave","floor":4},{"not_picked":["Battle Trance","Double Tap"],"picked":"Spot Weakness","floor":4},{"not_picked":["Headbutt","Rage"],"picked":"Clothesline","floor":5},{"not_picked":["Iron Wave","Sever Soul","Warcry"],"picked":"SKIP","floor":5},{"not_picked":["Metallicize","Pommel Strike"],"picked":"Spot Weakness","floor":7},{"not_picked":["Disarm","Iron Wave"],"picked":"True Grit","floor":7},{"not_picked":["Metallicize","Burning Pact"],"picked":"Limit Break","floor":8},{"not_picked":["Corruption","Warcry","Flex"],"picked":"SKIP","floor":10},{"not_picked":["Burning Pact","Searing Blow","Pummel"],"picked":"SKIP","floor":10},{"not_picked":["Blood for Blood","Headbutt"],"picked":"Whirlwind","floor":14},{"not_picked":["Clash","True Grit","Flex"],"picked":"SKIP","floor":14},{"not_picked":["Feed","Dark Embrace"],"picked":"Barricade","floor":16},{"not_picked":["True Grit+1","Body Slam"],"picked":"Entrench+1","floor":18},{"not_picked":["Twin Strike","Spot Weakness","Perfected Strike"],"picked":"SKIP","floor":18},{"not_picked":["Searing Blow+1","Havoc"],"picked":"Impervious","floor":19},{"not_picked":["Carnage","True Grit","Rupture"],"picked":"SKIP","floor":19},{"not_picked":["Flex+1","Pommel Strike"],"picked":"Battle Trance+1","floor":23},{"not_picked":["Uppercut","Heavy Blade"],"picked":"Shrug It Off","floor":23}],"player_experience":142155,"relics_obtained":[{"floor":8,"key":"Smiling Mask"},{"floor":9,"key":"Tiny Chest"}],"event_choices":[{"event_name":"Living Wall","player_choice":"Grow","floor":3,"damage_taken":0},{"event_name":"Dead Adventurer","player_choice":"Searched \u00271\u0027 times","floor":12,"damage_taken":0},{"event_name":"Golden Idol","player_choice":"Lose Max HP","floor":13,"damage_taken":0},{"event_name":"Ghosts","player_choice":"Ignored","floor":20,"damage_taken":0},{"event_name":"Beggar","player_choice":"Gave Gold","floor":21,"damage_taken":0}],"is_beta":false,"boss_relics":[{"not_picked":["Fusion Hammer","Runic Pyramid"],"picked":"Empty Cage"}],"items_purged_floors":[22],"is_endless":false,"potions_floor_spawned":[2,5,14,16,19],"killed_by":"Snake Plant","ascension_level":5}