{"gold_per_floor":[119,119,2,22,22,22,48,48,48,82,82,4,15,15,15,91,91,103,117,127,143,155,155,168,203,248,248,264,264,293,28,28,28],"floor_reached":33,"playtime":2086,"items_purged":["Strike_G","Regret"],"score":590,"play_id":"49ea9c31-7e26-410b-990e-1d3ec7b84589","local_time":"20190606000905","is_ascension_mode":true,"campfire_choices":[{"data":"Noxious Fumes","floor":6,"key":"SMITH"},{"data":"Neutralize","floor":8,"key":"SMITH"},{"floor":11,"key":"REST"},{"data":"After Image","floor":15,"key":"SMITH"},{"data":"Malaise","floor":23,"key":"SMITH"},{"floor":27,"key":"REST"},{"floor":32,"key":"REST"}],"neow_cost":"NONE","seed_source_timestamp":1830281342641851,"circlet_count":0,"master_deck":["AscendersBane","Defend_G","Defend_G","Defend_G","Defend_G","Defend_G","Strike_G","Strike_G","Strike_G","Survivor","Neutralize+1","Flying Knee","Noxious Fumes+1","After Image+1","PiercingWail","Leg Sweep","Malaise+1","Caltrops","Cloak And Dagger","Deadly Poison","A Thousand Cuts","Bouncing Flask","Calculated Gamble"],"relics":["Ring of the Snake","WarpedTongs","Dead Branch","Sundial","Orichalcum","Cursed Key","Mango","Pen Nib","Ancient Tea Set"],"potions_floor_usage":[7,10,10,21,25,25,30],"damage_taken":[{"damage":0,"enemies":"2 Louse","floor":1,"turns":5},{"damage":0,"enemies":"Cultist","floor":4,"turns":4},{"damage":10,"enemies":"Lagavulin","floor":7,"turns":8},{"damage":17,"enemies":"Gremlin Nob","floor":10,"turns":4},{"damage":2,"enemies":"Jaw Worm","floor":13,"turns":6},{"damage":8,"enemies":"Hexaghost","floor":16,"turns":13},{"damage":6,"enemies":"Spheric Guardian","floor":18,"turns":8},{"damage":0,"enemies":"3 Byrds","floor":19,"turns":4},{"damage":0,"enemies":"Snecko","floor":20,"turns":8},{"damage":14,"enemies":"Centurion and Healer","floor":21,"turns":10},{"damage":0,"enemies":"Snake Plant","floor":22,"turns":5},{"damage":1,"enemies":"Snecko","floor":24,"turns":7},{"damage":37,"enemies":"Gremlin Leader","floor":25,"turns":6},{"damage":8,"enemies":"Chosen and Byrds","floor":28,"turns":6},{"damage":25,"enemies":"Slavers","floor":30,"turns":6},{"damage":56,"enemies":"Collector","floor":33,"turns":8}],"seed_played":"-2350984224172944680","potions_obtained":[{"floor":0,"key":"Poison Potion"},{"floor":0,"key":"Block Potion"},{"floor":7,"key":"AttackPotion"},{"floor":19,"key":"Energy Potion"},{"floor":20,"key":"Regen Potion"},{"floor":24,"key":"PowerPotion"},{"floor":25,"key":"GhostInAJar"}],"is_trial":false,"path_per_floor":["M","?","$","M","?","R","E","R","T","E","R","$","M","?","R","B",null,"M","M","M","M","M","R","M","E","T","R","M","?","E","$","R","B"],"character_chosen":"THE_SILENT","items_purchased":["Noxious Fumes","Leg Sweep","Ancient Tea Set"],"campfire_rested":3,"item_purchase_floors":[3,12,31],"current_hp_per_floor":[59,52,52,52,52,52,42,42,42,25,44,44,42,42,42,34,58,52,52,52,53,53,53,52,29,29,53,45,45,20,20,44,0],"gold":28,"neow_bonus":"THREE_SMALL_POTIONS","is_prod":false,"is_daily":false,"chose_seed":false,"campfire_upgraded":4,"win_rate":0,"timestamp":1559794145,"path_taken":["M","?","$","M","?","R","E","R","T","E","R","$","?","?","R","BOSS","M","M","M","M","M","R","M","E","T","R","M","?","E","$","R","BOSS"],"build_version":"2019-01-23","purchased_purges":2,"victory":false,"max_hp_per_floor":[66,66,66,66,66,66,66,66,66,66,66,66,66,66,66,66,66,66,66,66,66,66,66,66,80,80,80,80,80,80,80,80,80],"card_choices":[{"not_picked":["Caltrops","Setup"],"picked":"Flying Knee","floor":1},{"not_picked":["Prepared","Riddle With Holes","Dodge and Roll"],"picked":"SKIP","floor":4},{"not_picked":["Blur","Dagger Throw"],"picked":"After Image","floor":7},{"not_picked":["Bane","Prepared"],"picked":"PiercingWail","floor":10},{"not_picked":["Deflect","Masterful Stab","Slice"],"picked":"SKIP","floor":13},{"not_picked":["Storm of Steel","Night Terror"],"picked":"Malaise","floor":16},{"not_picked":["Slice","Deflect"],"picked":"Caltrops","floor":18},{"not_picked":["Deflect","Flying Knee","Bane+1"],"picked":"SKIP","floor":19},{"not_picked":["Blade Dance","Backflip"],"picked":"Cloak And Dagger","floor":20},{"not_picked":["Night Terror","Cloak And Dagger","Acrobatics"],"picked":"SKIP","floor":21},{"not_picked":["Outmaneuver","Masterful Stab","Backflip"],"picked":"SKIP","floor":22},{"not_picked":["Quick Slash","Bane"],"picked":"Deadly Poison","floor":24},{"not_picked":["Burst","Flechettes"],"picked":"A Thousand Cuts","floor":25},{"not_picked":["Flying Knee","Predator"],"picked":"Bouncing Flask","floor":28},{"not_picked":["Dagger Spray","Reflex"],"picked":"Calculated Gamble","floor":30}],"player_experience":1509713,"relics_obtained":[{"floor":7,"key":"Dead Branch"},{"floor":9,"key":"Sundial"},{"floor":10,"key":"Orichalcum"},{"floor":25,"key":"Mango"},{"floor":30,"key":"Pen Nib"}],"event_choices":[{"cards_removed":["Strike_G"],"damage_healed":0,"gold_gain":0,"player_choice":"Card Removal","damage_taken":7,"max_hp_gain":0,"max_hp_loss":0,"event_name":"Golden Wing","floor":2,"gold_loss":0},{"damage_healed":0,"gold_gain":0,"player_choice":"Rummage","damage_taken":0,"relics_obtained":["WarpedTongs"],"max_hp_gain":0,"max_hp_loss":0,"event_name":"Accursed Blacksmith","floor":5,"gold_loss":0,"cards_obtained":["Pain"]},{"cards_removed":["Pain"],"damage_healed":0,"gold_gain":0,"player_choice":"Forget","damage_taken":0,"max_hp_gain":0,"max_hp_loss":0,"event_name":"Living Wall","floor":14,"gold_loss":0},{"damage_healed":0,"gold_gain":0,"player_choice":"Ignored","damage_taken":0,"max_hp_gain":0,"max_hp_loss":0,"event_name":"Vampires","floor":29,"gold_loss":0}],"is_beta":false,"boss_relics":[{"not_picked":["Philosopher\u0027s Stone","Eternal Feather"],"picked":"Cursed Key"}],"items_purged_floors":[3,31],"is_endless":false,"potions_floor_spawned":[4,7,19,20,24,25],"killed_by":"Collector","ascension_level":20}