{"gold_per_floor":[109,122,71,19,29,29,62,73,148,148,113,139,149,149,149,224,224,237,237,162,77,101,114,149,149,218,218,236,57,57,82,82,82],"floor_reached":33,"playtime":1211,"items_purged":["Endless Agony","Strike_G"],"score":632,"play_id":"2e6eaf05-70dc-42aa-a1f0-6c9947ed3b2d","local_time":"20190714170301","is_ascension_mode":true,"campfire_choices":[{"data":"Deadly Poison","floor":6,"key":"SMITH"},{"floor":10,"key":"REST"},{"data":"Catalyst","floor":15,"key":"SMITH"},{"data":"Wraith Form v2","floor":25,"key":"SMITH"},{"data":"Crippling Poison","floor":27,"key":"SMITH"},{"floor":32,"key":"REST"}],"neow_cost":"NONE","seed_source_timestamp":397703054804123,"circlet_count":0,"master_deck":["AscendersBane","Strike_G","Strike_G","Strike_G","Strike_G","Defend_G","Defend_G","Defend_G","Defend_G","Defend_G","Survivor+1","Neutralize","Quick Slash","Deadly Poison","Deadly Poison+1","PiercingWail","Catalyst+1","Backflip","Corpse Explosion+1","Wraith Form v2+1","Crippling Poison+1","Leg Sweep"],"relics":["Ring of the Snake","NeowsBlessing","StoneCalendar","Letter Opener","Snecko Eye","War Paint","Orichalcum","Dodecahedron","Bottled Lightning","Nloth\u0027s Gift","Ginger"],"potions_floor_usage":[7,12,24,33,33],"damage_taken":[{"damage":0,"enemies":"Cultist","floor":1,"turns":1},{"damage":0,"enemies":"2 Louse","floor":2,"turns":1},{"damage":0,"enemies":"Jaw Worm","floor":5,"turns":1},{"damage":35,"enemies":"3 Sentries","floor":7,"turns":8},{"damage":17,"enemies":"Exordium Thugs","floor":8,"turns":6},{"damage":33,"enemies":"Gremlin Nob","floor":12,"turns":4},{"damage":0,"enemies":"2 Fungi Beasts","floor":13,"turns":3},{"damage":8,"enemies":"Hexaghost","floor":16,"turns":8},{"damage":17,"enemies":"Shell Parasite","floor":18,"turns":5},{"damage":0,"enemies":"Chosen","floor":23,"turns":2},{"damage":13,"enemies":"Slavers","floor":24,"turns":4},{"damage":8,"enemies":"Centurion and Healer","floor":28,"turns":3},{"damage":19,"enemies":"Gremlin Leader","floor":31,"turns":6},{"damage":34,"enemies":"Automaton","floor":33,"turns":10}],"seed_played":"-5997945028518396091","potions_obtained":[{"floor":1,"key":"SkillPotion"},{"floor":2,"key":"Swift Potion"},{"floor":12,"key":"SmokeBomb"},{"floor":13,"key":"Explosive Potion"},{"floor":23,"key":"Regen Potion"},{"floor":31,"key":"Block Potion"}],"is_trial":false,"path_per_floor":["M","M","$","$","M","R","E","M","T","R","?","E","M","?","R","B",null,"M","?","$","?","T","M","E","R","T","R","M","$","?","E","R","B"],"character_chosen":"THE_SILENT","items_purchased":["Quick Slash","Deadly Poison","Leg Sweep"],"campfire_rested":2,"item_purchase_floors":[3,4,29],"current_hp_per_floor":[59,59,59,59,59,59,24,7,7,26,42,9,9,9,9,1,50,33,33,33,33,33,33,34,34,34,34,26,26,26,7,26,0],"gold":82,"neow_bonus":"THREE_ENEMY_KILL","is_prod":false,"is_daily":false,"chose_seed":false,"campfire_upgraded":4,"win_rate":0,"timestamp":1563138181,"path_taken":["M","?","?","$","M","R","E","M","T","R","?","E","M","?","R","BOSS","M","?","?","?","?","M","E","R","T","R","M","$","?","E","R","BOSS"],"build_version":"2019-07-05","purchased_purges":2,"victory":false,"max_hp_per_floor":[66,66,66,66,66,66,66,66,66,66,66,66,66,66,66,66,66,66,66,66,66,66,66,66,66,66,66,66,66,66,66,66,66],"card_choices":[{"not_picked":["Sucker Punch","Slice"],"picked":"Endless Agony","floor":1},{"not_picked":["Outmaneuver","Underhanded Strike","Bane"],"picked":"SKIP","floor":2},{"not_picked":["Acrobatics","Setup"],"picked":"Deadly Poison","floor":5},{"not_picked":["Acrobatics","Phantasmal Killer"],"picked":"PiercingWail","floor":7},{"not_picked":["Concentrate","Bane","Dodge and Roll"],"picked":"SKIP","floor":8},{"not_picked":["Slice","Infinite Blades"],"picked":"Catalyst","floor":12},{"not_picked":["Bouncing Flask","Slice"],"picked":"Backflip","floor":13},{"not_picked":["A Thousand Cuts","Envenom"],"picked":"Corpse Explosion","floor":16},{"not_picked":["Caltrops","Terror","Bane"],"picked":"SKIP","floor":18},{"not_picked":["Prepared","Infinite Blades","All Out Attack+1"],"picked":"SKIP","floor":23},{"not_picked":["Underhanded Strike","Unload"],"picked":"Crippling Poison","floor":24},{"not_picked":["Flechettes","Quick Slash","Escape Plan"],"picked":"SKIP","floor":28},{"not_picked":["Envenom","Expertise","Underhanded Strike"],"picked":"SKIP","floor":31}],"player_experience":1604748,"relics_obtained":[{"floor":7,"key":"StoneCalendar"},{"floor":9,"key":"Letter Opener"},{"floor":12,"key":"Anchor"},{"floor":22,"key":"Orichalcum"},{"floor":24,"key":"Dodecahedron"},{"floor":26,"key":"Bottled Lightning"},{"floor":31,"key":"Ginger"}],"event_choices":[{"damage_healed":16,"gold_gain":0,"player_choice":"Healed","damage_taken":0,"max_hp_gain":0,"max_hp_loss":0,"event_name":"The Cleric","floor":11,"gold_loss":35},{"damage_healed":0,"gold_gain":0,"player_choice":"Ignored","damage_taken":0,"max_hp_gain":0,"max_hp_loss":0,"event_name":"Liars Game","floor":14,"gold_loss":0},{"damage_healed":0,"gold_gain":0,"player_choice":"1 cards matched","damage_taken":0,"max_hp_gain":0,"max_hp_loss":0,"event_name":"Match and Keep!","floor":19,"gold_loss":0,"cards_obtained":["Wraith Form v2"]},{"damage_healed":0,"gold_gain":0,"player_choice":"Obtained Relic","damage_taken":0,"relics_obtained":["War Paint"],"max_hp_gain":0,"max_hp_loss":0,"event_name":"Addict","floor":21,"gold_loss":85},{"damage_healed":0,"gold_gain":0,"player_choice":"Traded Relic","damage_taken":0,"relics_obtained":["Nloth\u0027s Gift"],"max_hp_gain":0,"max_hp_loss":0,"event_name":"N\u0027loth","floor":30,"relics_lost":["Anchor"],"gold_loss":0}],"is_beta":false,"boss_relics":[{"not_picked":["HoveringKite","Pandora\u0027s Box"],"picked":"Snecko Eye"}],"items_purged_floors":[20,29],"is_endless":false,"potions_floor_spawned":[1,2,12,13,23,31],"killed_by":"Automaton","ascension_level":20}