{"gold_per_floor":[18,18,38,49,61,93,93,122,122,122,154,171,246,275,275,350,350,364,380,380,380,399,429,448,448,500,345,345,345,370,383,383,457,457,470,522,522,536,549,610,610,622,699,724,363,383,61,79,79,79,79,79,79,23,23],"floor_reached":55,"playtime":5362,"items_purged":["Bite","Cleave"],"score":2194,"play_id":"f921f0be-aa7e-4cf1-8a99-5221230be6ff","local_time":"20190512021630","is_ascension_mode":true,"campfire_choices":[{"data":"Feed","floor":7.0,"key":"SMITH"},{"floor":10.0,"key":"REST"},{"data":"Battle Trance","floor":15.0,"key":"SMITH"},{"data":"Entrench","floor":25.0,"key":"SMITH"},{"data":"Metallicize","floor":28.0,"key":"SMITH"},{"data":"Entrench","floor":32.0,"key":"SMITH"},{"floor":41.0,"key":"RECALL"},{"data":"Offering","floor":49.0,"key":"SMITH"},{"data":"True Grit","floor":53.0,"key":"SMITH"}],"neow_cost":"NO_GOLD","seed_source_timestamp":689338159522553,"circlet_count":0,"master_deck":["AscendersBane","Defend_R","Defend_R+1","Defend_R","Defend_R","Bash+1","Feed+1","Sword Boomerang","Battle Trance+1","Fiend Fire+1","Armaments+1","Whirlwind","Entrench+1","Entrench+1","Offering+1","True Grit+1","Bite","Bite","Bite","Spot Weakness","Headbutt","Metallicize+1","Barricade","Disarm","Impervious","Warcry+1","Body Slam","Shockwave+1","True Grit+1","Battle Trance+1","Shrug It Off"],"special_seed":0,"relics":["Burning Blood","War Paint","Centennial Puzzle","Whetstone","Paper Frog","Meat on the Bone","Runic Dome","Matryoshka","Happy Flower","Bronze Scales","Question Card","Omamori","Cursed Key","Girya","Tiny Chest","Pear","MawBank","Gambling Chip","DollysMirror"],"potions_floor_usage":[],"damage_taken":[{"damage":3.0,"enemies":"2 Louse","floor":1.0,"turns":4.0},{"damage":9.0,"enemies":"Jaw Worm","floor":3.0,"turns":5.0},{"damage":2.0,"enemies":"Cultist","floor":4.0,"turns":4.0},{"damage":26.0,"enemies":"Lots of Slimes","floor":5.0,"turns":5.0},{"damage":30.0,"enemies":"Lagavulin","floor":6.0,"turns":5.0},{"damage":8.0,"enemies":"Gremlin Nob","floor":8.0,"turns":3.0},{"damage":27.0,"enemies":"Lagavulin","floor":11.0,"turns":6.0},{"damage":4.0,"enemies":"2 Fungi Beasts","floor":12.0,"turns":3.0},{"damage":0.0,"enemies":"Gremlin Nob","floor":14.0,"turns":2.0},{"damage":12.0,"enemies":"Slime Boss","floor":16.0,"turns":6.0},{"damage":9.0,"enemies":"2 Thieves","floor":18.0,"turns":3.0},{"damage":42.0,"enemies":"Shell Parasite","floor":19.0,"turns":9.0},{"damage":75.0,"enemies":"Snecko","floor":22.0,"turns":15.0},{"damage":11.0,"enemies":"Gremlin Leader","floor":23.0,"turns":6.0},{"damage":7.0,"enemies":"3 Cultists","floor":24.0,"turns":5.0},{"damage":17.0,"enemies":"Book of Stabbing","floor":30.0,"turns":4.0},{"damage":36.0,"enemies":"Shelled Parasite and Fungi","floor":31.0,"turns":4.0},{"damage":40.0,"enemies":"Collector","floor":33.0,"turns":9.0},{"damage":13.0,"enemies":"3 Shapes","floor":35.0,"turns":10.0},{"damage":66.0,"enemies":"2 Orb Walkers","floor":36.0,"turns":7.0},{"damage":11.0,"enemies":"Orb Walker","floor":38.0,"turns":2.0},{"damage":23.0,"enemies":"Writhing Mass","floor":39.0,"turns":12.0},{"damage":43.0,"enemies":"Reptomancer","floor":40.0,"turns":12.0},{"damage":6.0,"enemies":"Spire Growth","floor":42.0,"turns":13.0},{"damage":51.0,"enemies":"Nemesis","floor":44.0,"turns":9.0},{"damage":6.0,"enemies":"Maw","floor":46.0,"turns":21.0},{"damage":14.0,"enemies":"Sphere and 2 Shapes","floor":48.0,"turns":10.0},{"damage":12.0,"enemies":"Time Eater","floor":50.0,"turns":34.0},{"damage":6.0,"enemies":"Awakened One","floor":51.0,"turns":8.0},{"damage":152,"enemies":"Shield and Spear","floor":55,"turns":5}],"seed_played":"2133835056273550519","potions_obtained":[{"floor":3.0,"key":"Poison Potion"},{"floor":5.0,"key":"SteroidPotion"},{"floor":11.0,"key":"Block Potion"},{"floor":14.0,"key":"FearPotion"},{"floor":18.0,"key":"PowerPotion"},{"floor":23.0,"key":"AttackPotion"},{"floor":35.0,"key":"Fire Potion"},{"floor":39.0,"key":"BloodPotion"},{"floor":46.0,"key":"FairyPotion"},{"floor":48.0,"key":"AttackPotion"}],"is_trial":false,"path_per_floor":["M","?","M","M","M","E","R","E","T","R","E","M","?","E","R","B",null,"M","M","?","?","M","E","M","R","T","$","R","T","E","M","R","B",null,"M","?","?","M","M","E","R","M","T","E","$","M","$","M","R","B","B",null,"R","$","E"],"character_chosen":"IRONCLAD","items_purchased":["Metallicize","True Grit","Gambling Chip","DollysMirror","PowerPotion"],"campfire_rested":1,"item_purchase_floors":[27,45,45,47,54],"current_hp_per_floor":[74,74,74,81,64,43,43,41,41,68,47,53,42,48,48,54,84,81,61,61,61,24,50,65,65,65,65,65,65,60,50,50,37,72,79,38,25,40,61,66,66,93,103,68,68,114,114,118,118,122,126,126,126,126,0],"gold":23,"neow_bonus":"THREE_RARE_CARDS","is_prod":false,"is_daily":false,"chose_seed":false,"campfire_upgraded":7,"win_rate":0,"timestamp":1557641790,"path_taken":["M","?","M","M","M","E","R","E","T","R","E","M","?","E","R","BOSS","M","M","?","?","M","E","M","R","T","$","R","?","E","M","R","BOSS","M","?","?","?","?","E","R","?","T","E","?","M","$","M","R","BOSS","BOSS","R","$","E"],"build_version":"2019-01-23","purchased_purges":2,"victory":false,"max_hp_per_floor":[78,78,81,84,87,90,90,90,90,90,90,94,94,94,94,94,94,94,98,68,68,72,76,80,80,80,80,80,80,80,84,84,84,84,88,88,88,92,96,96,96,100,110,110,110,114,114,118,118,122,126,126,126,126,126],"card_choices":[{"not_picked":["Dark Embrace","Bludgeon"],"picked":"Feed","floor":0.0},{"not_picked":["Havoc","Armaments"],"picked":"Sword Boomerang","floor":1.0},{"not_picked":["Havoc","Shrug It Off"],"picked":"Battle Trance","floor":3.0},{"not_picked":["Clothesline","Reckless Charge"],"picked":"Cleave","floor":4.0},{"not_picked":["Twin Strike","Body Slam"],"picked":"Fiend Fire","floor":5.0},{"not_picked":["Cleave","Combust"],"picked":"Armaments","floor":6.0},{"not_picked":["Burning Pact","Corruption"],"picked":"Whirlwind","floor":8.0},{"not_picked":["Rupture","Wild Strike","Sword Boomerang"],"picked":"SKIP","floor":11.0},{"not_picked":["Pommel Strike","Armaments"],"picked":"Entrench","floor":12.0},{"not_picked":["True Grit","Shockwave"],"picked":"Entrench","floor":14.0},{"not_picked":["Demon Form","Reaper"],"picked":"Offering","floor":16.0},{"not_picked":["Thunderclap","Bloodletting+1","Anger"],"picked":"SKIP","floor":18.0},{"not_picked":["Perfected Strike","Iron Wave"],"picked":"True Grit+1","floor":19.0},{"not_picked":["Havoc","Carnage","Dropkick"],"picked":"SKIP","floor":22.0},{"not_picked":["Pummel","Flex"],"picked":"Spot Weakness","floor":23.0},{"not_picked":["Blood for Blood","Rampage"],"picked":"Headbutt","floor":24.0},{"not_picked":["Wild Strike","Searing Blow","True Grit","Heavy Blade"],"picked":"SKIP","floor":30.0},{"not_picked":["Rupture","Power Through","Pommel Strike+1","Twin Strike"],"picked":"SKIP","floor":31.0},{"not_picked":["Bludgeon","Juggernaut","Exhume"],"picked":"Barricade","floor":33.0},{"not_picked":["Headbutt","Anger","Cleave"],"picked":"Disarm","floor":35.0},{"not_picked":["Headbutt","Iron Wave","Fire Breathing"],"picked":"Impervious","floor":38.0},{"not_picked":["Clothesline+1","Twin Strike","Dual Wield","Shockwave"],"picked":"SKIP","floor":39.0},{"not_picked":["Infernal Blade","Body Slam+1","Iron Wave"],"picked":"Warcry+1","floor":40.0},{"not_picked":["Rampage","Sword Boomerang+1","Flex"],"picked":"Body Slam","floor":42.0},{"not_picked":["Heavy Blade","Rage","Armaments+1"],"picked":"Shockwave+1","floor":44.0},{"not_picked":["Clash+1","Body Slam","Armaments","Pommel Strike"],"picked":"SKIP","floor":46.0},{"not_picked":["Evolve","Limit Break","Twin Strike"],"picked":"Shrug It Off","floor":48.0}],"player_experience":1298840,"relics_obtained":[{"floor":6.0,"key":"War Paint"},{"floor":8.0,"key":"Centennial Puzzle"},{"floor":9.0,"key":"Whetstone"},{"floor":11.0,"key":"Paper Frog"},{"floor":14.0,"key":"Meat on the Bone"},{"floor":23.0,"key":"Matryoshka"},{"floor":26.0,"key":"Happy Flower"},{"floor":26.0,"key":"Bronze Scales"},{"floor":29.0,"key":"Question Card"},{"floor":30.0,"key":"Omamori"},{"floor":36.0,"key":"Girya"},{"floor":40.0,"key":"Tiny Chest"},{"floor":43.0,"key":"Pear"},{"floor":44.0,"key":"MawBank"}],"event_choices":[{"damage_healed":0.0,"max_hp_gain":0.0,"max_hp_loss":0.0,"gold_gain":0.0,"event_name":"The Cleric","player_choice":"Leave","floor":2.0,"gold_loss":0.0,"damage_taken":0.0},{"damage_healed":0.0,"max_hp_gain":0.0,"max_hp_loss":0.0,"gold_gain":75.0,"event_name":"World of Goop","player_choice":"Gather Gold","floor":13.0,"gold_loss":0.0,"damage_taken":11.0},{"damage_healed":0.0,"max_hp_gain":0.0,"max_hp_loss":30.0,"gold_gain":0.0,"event_name":"Vampires","player_choice":"Became a vampire","floor":20.0,"gold_loss":0.0,"damage_taken":0.0,"cards_obtained":["Bite","Bite","Bite","Bite","Bite"]},{"cards_removed":["Bite"],"damage_healed":0.0,"max_hp_gain":0.0,"max_hp_loss":0.0,"gold_gain":0.0,"event_name":"Back to Basics","player_choice":"Elegance","floor":21.0,"gold_loss":0.0,"damage_taken":0.0},{"damage_healed":0.0,"max_hp_gain":0.0,"max_hp_loss":0.0,"gold_gain":0.0,"event_name":"Mysterious Sphere","player_choice":"Fight","floor":36.0,"gold_loss":0.0,"damage_taken":0.0},{"damage_healed":0.0,"max_hp_gain":0.0,"max_hp_loss":0.0,"gold_gain":0.0,"event_name":"Wheel of Change","player_choice":"Damaged","floor":37.0,"gold_loss":0.0,"damage_taken":13.0}],"is_beta":false,"boss_relics":[{"not_picked":["Eternal Feather","Mark of Pain"],"picked":"Runic Dome"},{"not_picked":["Sozu","Philosopher\u0027s Stone"],"picked":"Cursed Key"}],"items_purged_floors":[27,47],"is_endless":false,"potions_floor_spawned":[3,5,11,14,18,19,23,24,35,39,46,48],"killed_by":"Shield and Spear","ascension_level":20}