{"gold_per_floor":[114,114,133,147,0,26,26,60,60,93,93,113,113,123,123,223,223,236,247,122,122,122,155,155,174,200,200,234,253,253,8,8,107,107,117,117,136,150,150,150,150,161,206,206,221,251,251,651,651,651],"floor_reached":51,"playtime":4100,"items_purged":["Strike_R"],"score":829,"play_id":"a8fe4e84-54cb-4893-8a80-8c3a02985f00","local_time":"20190719225856","is_ascension_mode":true,"campfire_choices":[{"data":"Immolate","floor":7,"key":"SMITH"},{"floor":13,"key":"DIG"},{"floor":15,"key":"DIG"},{"data":"Ghostly","floor":24,"key":"SMITH"},{"floor":27,"key":"DIG"},{"data":"Ghostly","floor":30,"key":"SMITH"},{"floor":32,"key":"DIG"},{"floor":40,"key":"DIG"},{"floor":44,"key":"DIG"},{"floor":47,"key":"DIG"},{"data":"Demon Form","floor":49,"key":"SMITH"}],"neow_cost":"NONE","seed_source_timestamp":46460119646360,"circlet_count":0,"master_deck":["Strike_R","Strike_R","Strike_R","Strike_R+1","Defend_R","Defend_R","Defend_R","Defend_R+1","Bash","Anger","Shockwave","Clothesline","Immolate+1","Rampage","Shrug It Off","True Grit+1","Flame Barrier","Disarm","Ghostly Armor","Ghostly+1","Ghostly+1","Ghostly","Ghostly","Ghostly","Feel No Pain","Disarm","Ghostly+1","Shrug It Off","Feed","Armaments+1","Madness","Madness","Demon Form+1"],"relics":["Burning Blood","Ginger","Shovel","Turnip","Strawberry","Pantograph","Bronze Scales","Eternal Feather","Shuriken","Bag of Preparation","Singing Bowl","Regal Pillow","DollysMirror","Red Skull","Runic Cube","PreservedInsect","Lantern","Juzu Bracelet","Darkstone Periapt","Bottled Lightning","Old Coin"],"potions_floor_usage":[10,12,19,23,33,42,46,50,50],"damage_taken":[{"damage":11,"enemies":"Jaw Worm","floor":1,"turns":5},{"damage":0,"enemies":"2 Louse","floor":3,"turns":4},{"damage":2,"enemies":"Small Slimes","floor":4,"turns":3},{"damage":14,"enemies":"3 Sentries","floor":6,"turns":4},{"damage":22,"enemies":"Gremlin Nob","floor":8,"turns":4},{"damage":9,"enemies":"3 Sentries","floor":10,"turns":2},{"damage":13,"enemies":"3 Louse","floor":12,"turns":3},{"damage":11,"enemies":"2 Fungi Beasts","floor":14,"turns":4},{"damage":5,"enemies":"The Guardian","floor":16,"turns":14},{"damage":20,"enemies":"Spheric Guardian","floor":18,"turns":5},{"damage":7,"enemies":"Chosen","floor":19,"turns":6},{"damage":19,"enemies":"Slavers","floor":23,"turns":6},{"damage":15,"enemies":"Shelled Parasite and Fungi","floor":25,"turns":8},{"damage":0,"enemies":"Gremlin Leader","floor":28,"turns":7},{"damage":6,"enemies":"Snake Plant","floor":29,"turns":4},{"damage":20,"enemies":"Champ","floor":33,"turns":23},{"damage":5,"enemies":"3 Darklings","floor":35,"turns":4},{"damage":0,"enemies":"Orb Walker","floor":37,"turns":7},{"damage":16,"enemies":"Sphere and 2 Shapes","floor":38,"turns":8},{"damage":30,"enemies":"Writhing Mass","floor":42,"turns":8},{"damage":25,"enemies":"Maw","floor":45,"turns":11},{"damage":30,"enemies":"Nemesis","floor":46,"turns":7},{"damage":13,"enemies":"Mind Bloom Boss Battle","floor":48,"turns":8},{"damage":30,"enemies":"Time Eater","floor":50,"turns":12}],"seed_played":"3060858155820187394","potions_obtained":[{"floor":0,"key":"Strength Potion"},{"floor":0,"key":"PowerPotion"},{"floor":0,"key":"FearPotion"},{"floor":8,"key":"AttackPotion"},{"floor":10,"key":"Ancient Potion"},{"floor":12,"key":"FearPotion"},{"floor":28,"key":"Dexterity Potion"},{"floor":33,"key":"Strength Potion"},{"floor":38,"key":"Weak Potion"},{"floor":45,"key":"Energy Potion"},{"floor":48,"key":"FearPotion"}],"is_trial":false,"path_per_floor":["M","?","M","M","$","E","R","E","T","E","?","M","R","M","R","B",null,"M","M","$","?","?","E","R","M","T","R","E","M","R","$","R","B",null,"M","?","M","M","?","R","?","M","T","R","M","E","R","?","R","B",null],"character_chosen":"IRONCLAD","items_purchased":["Immolate","Rampage","Block Potion","DollysMirror","Shrug It Off"],"campfire_rested":0,"item_purchase_floors":[5,5,20,31,31],"current_hp_per_floor":[75,59,65,69,69,61,61,45,45,49,49,60,60,63,63,87,87,73,76,76,43,53,40,53,44,44,53,53,55,55,55,55,41,55,55,55,57,53,55,65,57,35,35,53,34,12,30,53,71,50],"gold":651,"neow_bonus":"THREE_SMALL_POTIONS","is_prod":false,"is_daily":false,"chose_seed":false,"campfire_upgraded":4,"win_rate":0,"timestamp":1563569936,"path_taken":["M","?","M","M","$","E","R","E","T","E","?","M","R","M","R","BOSS","M","M","$","?","?","E","R","?","T","R","E","M","R","$","R","BOSS","M","?","M","M","?","R","?","M","T","R","M","E","R","?","R","BOSS"],"build_version":"2019-07-17","purchased_purges":1,"victory":true,"max_hp_per_floor":[80,80,80,80,80,80,80,80,80,87,87,87,87,87,87,87,87,87,87,87,43,53,53,53,53,53,53,53,55,55,55,55,55,55,55,55,57,63,65,65,65,67,67,67,67,69,69,74,74,74],"card_choices":[{"not_picked":["Thunderclap","Disarm"],"picked":"Anger","floor":1},{"not_picked":["Corruption","True Grit"],"picked":"Shockwave","floor":3},{"not_picked":["Body Slam","True Grit"],"picked":"Clothesline","floor":4},{"not_picked":["Reckless Charge","Warcry"],"picked":"Shrug It Off","floor":6},{"not_picked":["Armaments","Seeing Red"],"picked":"True Grit","floor":8},{"not_picked":["Exhume","Perfected Strike"],"picked":"Reaper","floor":10},{"not_picked":["Blood for Blood","Iron Wave"],"picked":"Flame Barrier","floor":12},{"not_picked":["Cleave","Sword Boomerang"],"picked":"Disarm","floor":14},{"not_picked":["Pommel Strike","Sever Soul+1","Cleave"],"picked":"SKIP","floor":18},{"not_picked":["Body Slam","Flex"],"picked":"Ghostly Armor","floor":19},{"not_picked":["Flame Barrier+1","Reckless Charge"],"picked":"Feel No Pain","floor":23},{"not_picked":["True Grit+1","Perfected Strike","Pommel Strike"],"picked":"SKIP","floor":25},{"not_picked":["Sword Boomerang","Feel No Pain"],"picked":"Disarm","floor":28},{"not_picked":["Rupture","Cleave+1","Perfected Strike"],"picked":"Singing Bowl","floor":29},{"not_picked":["Double Tap","Bludgeon"],"picked":"Feed","floor":33},{"not_picked":["Cleave","Iron Wave"],"picked":"Armaments+1","floor":35},{"not_picked":["Flex","Iron Wave","Warcry"],"picked":"Singing Bowl","floor":37},{"not_picked":["Reckless Charge","Clothesline+1","Whirlwind"],"picked":"Singing Bowl","floor":38},{"not_picked":["Deep Breath","Trip","Panacea"],"picked":"Singing Bowl","floor":39},{"not_picked":["Pummel+1","Rupture+1","Ghostly Armor"],"picked":"Singing Bowl","floor":42},{"not_picked":["True Grit+1","Dropkick"],"picked":"Demon Form","floor":45},{"not_picked":["Warcry","Seeing Red+1","Heavy Blade"],"picked":"Singing Bowl","floor":46},{"not_picked":["Carnage+1","Dual Wield","Anger"],"picked":"Singing Bowl","floor":48}],"player_experience":548191,"relics_obtained":[{"floor":6,"key":"Ginger"},{"floor":8,"key":"Shovel"},{"floor":9,"key":"Turnip"},{"floor":10,"key":"Strawberry"},{"floor":13,"key":"Pantograph"},{"floor":15,"key":"Bronze Scales"},{"floor":23,"key":"Shuriken"},{"floor":26,"key":"Bag of Preparation"},{"floor":27,"key":"Singing Bowl"},{"floor":28,"key":"Regal Pillow"},{"floor":32,"key":"Red Skull"},{"floor":40,"key":"PreservedInsect"},{"floor":43,"key":"Lantern"},{"floor":44,"key":"Juzu Bracelet"},{"floor":46,"key":"Darkstone Periapt"},{"floor":47,"key":"Bottled Lightning"},{"floor":48,"key":"Old Coin"}],"event_choices":[{"damage_healed":0,"gold_gain":0,"player_choice":"Entered Light","damage_taken":16,"max_hp_gain":0,"max_hp_loss":0,"event_name":"Shining Light","floor":2,"gold_loss":0,"cards_upgraded":["Defend_R","Strike_R"]},{"damage_healed":0,"gold_gain":0,"player_choice":"Grow","damage_taken":0,"max_hp_gain":0,"max_hp_loss":0,"event_name":"Living Wall","floor":11,"gold_loss":0,"cards_upgraded":["True Grit"]},{"damage_healed":0,"gold_gain":0,"player_choice":"Became a Ghost","damage_taken":0,"max_hp_gain":0,"max_hp_loss":44,"event_name":"Ghosts","floor":21,"gold_loss":0,"cards_obtained":["Ghostly","Ghostly","Ghostly","Ghostly","Ghostly"]},{"cards_removed":["Reaper"],"damage_healed":0,"gold_gain":0,"player_choice":"Offered Rare","damage_taken":0,"max_hp_gain":10,"max_hp_loss":0,"event_name":"Bonfire Elementals","floor":22,"gold_loss":0},{"damage_healed":0,"gold_gain":0,"player_choice":"Ignored","damage_taken":0,"max_hp_gain":0,"max_hp_loss":0,"event_name":"Tomb of Lord Red Mask","floor":36,"gold_loss":0},{"damage_healed":0,"gold_gain":0,"player_choice":"Memory 1","damage_taken":0,"max_hp_gain":0,"max_hp_loss":0,"event_name":"SensoryStone","floor":39,"gold_loss":0},{"damage_healed":0,"gold_gain":0,"player_choice":"Embrace Madness","damage_taken":8,"max_hp_gain":0,"max_hp_loss":0,"event_name":"Winding Halls","floor":41,"gold_loss":0,"cards_obtained":["Madness","Madness"]},{"damage_healed":0,"gold_gain":0,"player_choice":"Fight","damage_taken":0,"max_hp_gain":0,"max_hp_loss":0,"event_name":"MindBloom","floor":48,"gold_loss":0}],"is_beta":false,"boss_relics":[{"not_picked":["Tiny House","Runic Dome"],"picked":"Eternal Feather"},{"not_picked":["Black Blood","Snecko Eye"],"picked":"Runic Cube"}],"items_purged_floors":[20],"is_endless":false,"potions_floor_spawned":[1,8,10,12,28,33,38,45,48],"ascension_level":2}