{"gold_per_floor":[219,219,144,4,19,54,54,74,97,132,132,150,150,161,161,235,235,253,253,33,53,103,103,123,123],"floor_reached":25,"playtime":1083,"items_purged":[],"score":422,"play_id":"c2db6571-9d7d-493c-ba95-4b51606cb159","local_time":"20190510223912","is_ascension_mode":true,"campfire_choices":[{"data":"Cleave","floor":7,"key":"SMITH"},{"data":"Rampage","floor":11,"key":"SMITH"},{"data":"Armaments","floor":13,"key":"SMITH"},{"data":"Battle Trance","floor":15,"key":"SMITH"},{"data":"Feed","floor":23,"key":"SMITH"}],"neow_cost":"NONE","seed_source_timestamp":595174045873864,"circlet_count":0,"master_deck":["AscendersBane","Strike_R","Strike_R","Strike_R","Strike_R","Defend_R","Defend_R","Defend_R","Defend_R","Bash+1","Battle Trance+1","Feel No Pain","Cleave+1","Pommel Strike","Dark Embrace","Iron Wave","Rampage+1","Armaments+1","Feed+1","Inflame","Corruption","Whirlwind","Shrug It Off"],"relics":["Burning Blood","Oddly Smooth Stone","Red Skull","Bronze Scales","Snecko Eye","Membership Card"],"potions_floor_usage":[6,25],"damage_taken":[{"damage":8,"enemies":"2 Louse","floor":1,"turns":3},{"damage":6,"enemies":"Jaw Worm","floor":5,"turns":7},{"damage":16,"enemies":"3 Sentries","floor":6,"turns":13},{"damage":0,"enemies":"Cultist","floor":8,"turns":3},{"damage":32,"enemies":"Gremlin Nob","floor":10,"turns":4},{"damage":11,"enemies":"Gremlin Gang","floor":12,"turns":4},{"damage":2,"enemies":"Large Slime","floor":14,"turns":4},{"damage":21,"enemies":"Hexaghost","floor":16,"turns":9},{"damage":3,"enemies":"Shell Parasite","floor":18,"turns":4},{"damage":9,"enemies":"3 Byrds","floor":21,"turns":2},{"damage":17,"enemies":"Snake Plant","floor":24,"turns":5},{"damage":57,"enemies":"Gremlin Leader","floor":25,"turns":3}],"seed_played":"-7626083803186344412","potions_obtained":[{"floor":5,"key":"SteroidPotion"},{"floor":14,"key":"EssenceOfSteel"},{"floor":16,"key":"SpeedPotion"}],"is_trial":false,"path_per_floor":["M","?","?","$","M","E","R","M","T","E","R","M","R","M","R","B",null,"M","?","$","M","?","R","M","E"],"character_chosen":"IRONCLAD","items_purchased":["Feel No Pain","Cleave","Membership Card"],"campfire_rested":0,"item_purchase_floors":[4,4,20],"current_hp_per_floor":[66,66,66,66,66,56,56,62,62,36,36,31,31,35,35,20,61,64,64,64,61,61,61,54,0],"gold":123,"neow_bonus":"HUNDRED_GOLD","is_prod":false,"is_daily":false,"chose_seed":false,"campfire_upgraded":5,"win_rate":0,"timestamp":1557542352,"path_taken":["M","?","?","?","M","E","R","M","T","E","R","M","R","M","R","BOSS","M","?","$","M","?","R","M","E"],"build_version":"2019-01-23","purchased_purges":0,"victory":false,"max_hp_per_floor":[75,75,75,75,75,75,75,75,75,75,75,75,75,75,75,75,75,75,75,75,75,75,75,79,79],"card_choices":[{"not_picked":["Iron Wave","Thunderclap"],"picked":"Battle Trance","floor":1},{"not_picked":["Warcry","Perfected Strike"],"picked":"Pommel Strike","floor":5},{"not_picked":["Sever Soul","Battle Trance"],"picked":"Dark Embrace","floor":6},{"not_picked":["Flex","Heavy Blade"],"picked":"Iron Wave","floor":8},{"not_picked":["Pommel Strike","Bludgeon"],"picked":"Rampage","floor":10},{"not_picked":["Sword Boomerang","Heavy Blade"],"picked":"Armaments","floor":12},{"not_picked":["Bloodletting","Blood for Blood","Thunderclap"],"picked":"SKIP","floor":14},{"not_picked":["Impervious","Bludgeon"],"picked":"Feed","floor":16},{"not_picked":["Anger+1","Ghostly Armor+1"],"picked":"Inflame","floor":18},{"not_picked":["Clothesline","Warcry"],"picked":"Whirlwind","floor":21},{"not_picked":["Twin Strike","Uppercut"],"picked":"Shrug It Off","floor":24}],"player_experience":1272051,"relics_obtained":[{"floor":6,"key":"Oddly Smooth Stone"},{"floor":9,"key":"Red Skull"},{"floor":10,"key":"Bronze Scales"}],"event_choices":[{"damage_healed":0,"gold_gain":0,"player_choice":"Grow","damage_taken":0,"max_hp_gain":0,"max_hp_loss":0,"event_name":"Living Wall","floor":2,"gold_loss":0,"cards_upgraded":["Bash"]},{"cards_removed":["Strike_R"],"damage_healed":0,"gold_gain":0,"player_choice":"Card Removal","damage_taken":0,"max_hp_gain":0,"max_hp_loss":0,"event_name":"The Cleric","floor":3,"gold_loss":75},{"damage_healed":0,"gold_gain":0,"player_choice":"Read","damage_taken":0,"max_hp_gain":0,"max_hp_loss":0,"event_name":"The Library","floor":19,"gold_loss":0,"cards_obtained":["Corruption"]},{"damage_healed":0,"gold_gain":50,"player_choice":"Pray","damage_taken":0,"max_hp_gain":0,"max_hp_loss":0,"event_name":"Golden Shrine","floor":22,"gold_loss":0}],"is_beta":false,"boss_relics":[{"not_picked":["Runic Dome","Ectoplasm"],"picked":"Snecko Eye"}],"items_purged_floors":[],"is_endless":false,"potions_floor_spawned":[5,14,16,21],"killed_by":"Gremlin Leader","ascension_level":20}