{"gold_per_floor":[114,189,208,208,226,226,253,253,253,253,280,298,313,327,327,401,401,414,329,81,95,145,145,178,178,178,190,190,243,243,253,253,327,327,344,361,145,161,0,0,35,35,35,53,64,98,98,446,446,446,446,446,446,54,84,84],"floor_reached":57,"playtime":4454,"items_purged":["Strike_G","Strike_G","Strike_G"],"score":2855,"play_id":"402399e8-36bf-48d5-bbc5-8ef48f637fdf","local_time":"20190512033113","is_ascension_mode":true,"campfire_choices":[{"data":"Neutralize","floor":6,"key":"SMITH"},{"data":"Masterful Stab","floor":8,"key":"SMITH"},{"floor":10,"key":"REST"},{"data":"Noxious Fumes","floor":15,"key":"SMITH"},{"data":"Wraith Form v2","floor":23,"key":"SMITH"},{"data":"Burst","floor":25,"key":"SMITH"},{"data":"Crippling Poison","floor":28,"key":"SMITH"},{"data":"Footwork","floor":30,"key":"SMITH"},{"floor":32,"key":"REST"},{"floor":40,"key":"RECALL"},{"data":"Venomology","floor":42,"key":"SMITH"},{"floor":47,"key":"REST"},{"data":"PiercingWail","floor":49,"key":"SMITH"},{"data":"Survivor","floor":53,"key":"SMITH"}],"neow_cost":"NONE","seed_source_timestamp":695711394949369,"circlet_count":0,"master_deck":["AscendersBane","Defend_G+1","Defend_G","Defend_G","Defend_G","Defend_G","Strike_G","Strike_G","Survivor+1","Neutralize+1","Flying Knee","Masterful Stab+1","Footwork+1","Burst+1","Venomology+1","Crippling Poison+1","PiercingWail+1","Noxious Fumes+1","Wraith Form v2+1","PiercingWail+1","Catalyst+1","Blade Dance+1","Leg Sweep+1","Deflect+1","Bullet Time+1","Deadly Poison+1","Backflip+1","Backflip+1","Crippling Poison+1","Prepared+1","PiercingWail+1","PanicButton+1"],"relics":["Ring of the Snake","Boot","Question Card","Paper Crane","Potion Belt","Orichalcum","Runic Pyramid","Toxic Egg 2","PreservedInsect","Turnip","Frozen Egg 2","Omamori","Busted Crown","Red Mask","War Paint","Unceasing Top","Old Coin","Bag of Marbles","Blood Vial"],"potions_floor_usage":[7,11,14,16,18,21,24,24,33,35,35,36,38,41,41,41,46,48,50,55,55,56,56,56,56,56,56,56],"damage_taken":[{"damage":0,"enemies":"Small Slimes","floor":1,"turns":5},{"damage":2,"enemies":"Jaw Worm","floor":3,"turns":4},{"damage":0,"enemies":"2 Louse","floor":5,"turns":3},{"damage":21,"enemies":"Gremlin Nob","floor":7,"turns":5},{"damage":20,"enemies":"3 Sentries","floor":11,"turns":9},{"damage":4,"enemies":"Large Slime","floor":12,"turns":6},{"damage":7,"enemies":"2 Fungi Beasts","floor":13,"turns":4},{"damage":0,"enemies":"Looter","floor":14,"turns":3},{"damage":0,"enemies":"Hexaghost","floor":16,"turns":9},{"damage":14,"enemies":"2 Thieves","floor":18,"turns":4},{"damage":0,"enemies":"Chosen","floor":21,"turns":5},{"damage":4,"enemies":"Gremlin Leader","floor":24,"turns":5},{"damage":0,"enemies":"Snake Plant","floor":27,"turns":5},{"damage":0,"enemies":"Sentry and Sphere","floor":31,"turns":5},{"damage":3,"enemies":"Collector","floor":33,"turns":6},{"damage":1,"enemies":"3 Shapes","floor":35,"turns":6},{"damage":0,"enemies":"Orb Walker","floor":36,"turns":4},{"damage":0,"enemies":"Sphere and 2 Shapes","floor":38,"turns":5},{"damage":0,"enemies":"Reptomancer","floor":41,"turns":4},{"damage":17,"enemies":"Spire Growth","floor":44,"turns":5},{"damage":0,"enemies":"Transient","floor":45,"turns":6},{"damage":0,"enemies":"Giant Head","floor":46,"turns":6},{"damage":2,"enemies":"2 Orb Walkers","floor":48,"turns":5},{"damage":1,"enemies":"Awakened One","floor":50,"turns":19},{"damage":17,"enemies":"Donu and Deca","floor":51,"turns":12},{"damage":9,"enemies":"Shield and Spear","floor":55,"turns":6},{"damage":18,"enemies":"The Heart","floor":56,"turns":11}],"seed_played":"8989980647754185234","potions_obtained":[{"floor":3,"key":"GhostInAJar"},{"floor":7,"key":"AttackPotion"},{"floor":11,"key":"Poison Potion"},{"floor":16,"key":"SpeedPotion"},{"floor":18,"key":"Weak Potion"},{"floor":31,"key":"EntropicBrew"},{"floor":38,"key":"SkillPotion"},{"floor":48,"key":"Regen Potion"}],"is_trial":false,"path_per_floor":["M","?","M","T","M","R","E","R","T","R","E","M","M","M","R","B",null,"M","?","$","M","?","R","E","R","T","M","R","T","R","M","R","B",null,"M","M","$","M","?","R","E","R","T","M","M","E","R","?","R","B","B",null,"R","$","E","B",null],"character_chosen":"THE_SILENT","items_purchased":["PreservedInsect","Deadly Poison+1","Backflip+1","Bag of Marbles","PanicButton+1"],"campfire_rested":3,"item_purchase_floors":[20,37,37,54,54],"current_hp_per_floor":[59,48,46,46,46,46,25,25,25,44,24,20,13,13,13,13,53,39,39,39,39,39,39,35,35,35,35,35,35,35,35,54,51,62,61,61,61,66,66,66,66,66,66,49,49,49,66,64,64,66,49,62,62,62,53,37],"gold":84,"neow_bonus":"RANDOM_COMMON_RELIC","is_prod":false,"is_daily":false,"chose_seed":false,"campfire_upgraded":10,"win_rate":0,"timestamp":1557646273,"path_taken":["M","?","M","?","M","R","E","R","T","R","E","M","M","M","R","BOSS","M","?","$","M","?","R","E","R","T","M","R","?","R","?","R","BOSS","M","M","$","M","?","R","E","R","T","M","M","E","R","?","R","BOSS","BOSS","R","$","E","BOSS"],"build_version":"2019-01-23","purchased_purges":3,"victory":true,"max_hp_per_floor":[66,66,66,66,66,66,66,66,66,66,66,66,66,66,66,66,66,66,66,66,66,66,66,66,66,66,66,66,66,66,66,66,66,66,66,66,66,66,66,66,66,66,66,66,66,66,66,66,66,66,66,66,66,66,66,66],"card_choices":[{"not_picked":["Quick Slash","Dodge and Roll"],"picked":"Flying Knee","floor":1},{"not_picked":["Finisher","Blade Dance"],"picked":"Masterful Stab","floor":3},{"not_picked":["Deflect","Slice","Cloak And Dagger"],"picked":"Footwork","floor":5},{"not_picked":["Terror","Quick Slash","Storm of Steel"],"picked":"Burst","floor":7},{"not_picked":["PiercingWail","Backflip","Predator"],"picked":"Venomology","floor":11},{"not_picked":["Dagger Throw","Bane","Underhanded Strike"],"picked":"Crippling Poison","floor":12},{"not_picked":["Flying Knee","Blade Dance","Prepared"],"picked":"PiercingWail","floor":13},{"not_picked":["Escape Plan","Prepared","Dodge and Roll"],"picked":"Noxious Fumes","floor":14},{"not_picked":["Die Die Die","Grand Finale","Burst"],"picked":"Wraith Form v2","floor":16},{"not_picked":["Dodge and Roll","Leg Sweep","Escape Plan+1"],"picked":"PiercingWail","floor":18},{"not_picked":["Concentrate+1","Dagger Throw","Blur+1"],"picked":"Catalyst+1","floor":21},{"not_picked":["Setup+1","Calculated Gamble+1","Flechettes"],"picked":"Blade Dance+1","floor":24},{"not_picked":["Poisoned Stab","Distraction+1","Outmaneuver+1"],"picked":"Leg Sweep+1","floor":27},{"not_picked":["Blade Dance+1","Dagger Spray","Dagger Throw"],"picked":"Deflect+1","floor":31},{"not_picked":["Doppelganger+1","Venomology+1","Grand Finale"],"picked":"Bullet Time+1","floor":33},{"not_picked":["Quick Slash","Tactician+1"],"picked":"SKIP","floor":35},{"not_picked":["All Out Attack+1","Calculated Gamble+1"],"picked":"SKIP","floor":36},{"not_picked":["Dagger Throw"],"picked":"Backflip+1","floor":38},{"not_picked":["Terror+1"],"picked":"Crippling Poison+1","floor":41},{"not_picked":["Slice+1"],"picked":"Prepared+1","floor":44},{"not_picked":["Expertise+1","Acrobatics+1"],"picked":"SKIP","floor":45},{"not_picked":["Catalyst+1"],"picked":"PiercingWail+1","floor":46},{"not_picked":["Flying Knee","Finisher"],"picked":"SKIP","floor":55}],"player_experience":1304202,"relics_obtained":[{"floor":4,"key":"Question Card"},{"floor":7,"key":"Paper Crane"},{"floor":9,"key":"Potion Belt"},{"floor":11,"key":"Orichalcum"},{"floor":24,"key":"Turnip"},{"floor":26,"key":"Frozen Egg 2"},{"floor":29,"key":"Omamori"},{"floor":41,"key":"War Paint"},{"floor":46,"key":"Unceasing Top"},{"floor":48,"key":"Old Coin"},{"floor":55,"key":"Blood Vial"}],"event_choices":[{"damage_healed":0,"gold_gain":75,"player_choice":"Gather Gold","damage_taken":11,"max_hp_gain":0,"max_hp_loss":0,"event_name":"World of Goop","floor":2,"gold_loss":0},{"damage_healed":0,"gold_gain":0,"player_choice":"Obtained Relic","damage_taken":0,"relics_obtained":["Toxic Egg 2"],"max_hp_gain":0,"max_hp_loss":0,"event_name":"Addict","floor":19,"gold_loss":85},{"damage_healed":0,"gold_gain":50,"player_choice":"Stole From Cult","damage_taken":0,"max_hp_gain":0,"max_hp_loss":0,"event_name":"Nest","floor":22,"gold_loss":0},{"damage_healed":0,"gold_gain":0,"player_choice":"Paid","damage_taken":0,"relics_obtained":["Red Mask"],"max_hp_gain":0,"max_hp_loss":0,"event_name":"Tomb of Lord Red Mask","floor":39,"gold_loss":161},{"damage_healed":0,"gold_gain":0,"player_choice":"Fight","damage_taken":0,"max_hp_gain":0,"max_hp_loss":0,"event_name":"Mysterious Sphere","floor":48,"gold_loss":0}],"is_beta":false,"boss_relics":[{"not_picked":["Orrery","Cursed Key"],"picked":"Runic Pyramid"},{"not_picked":["Calling Bell","Velvet Choker"],"picked":"Busted Crown"}],"items_purged_floors":[20,37,54],"is_endless":false,"potions_floor_spawned":[3,7,11,16,18,21,31,36,38,45,48],"ascension_level":20}