{"gold_per_floor":[111,36,36,48,98,98,132,132,155,188,113,113,127,147,147,225,225,243,243,243,62,40,69,69,69],"floor_reached":25,"playtime":1458,"items_purged":["Strike_B","Writhe"],"score":466,"play_id":"1ae48a82-39e7-4b04-a624-55bb0bbcca09","local_time":"20180916124517","is_ascension_mode":true,"campfire_choices":[{"data":"Zap","floor":6.0,"key":"SMITH"},{"data":"Self Repair","floor":8.0,"key":"SMITH"},{"floor":12.0,"key":"REST"},{"data":"Hologram","floor":15.0,"key":"SMITH"},{"data":"Fission","floor":24.0,"key":"SMITH"}],"neow_cost":"NONE","seed_source_timestamp":299429518818443,"circlet_count":0,"master_deck":["Strike_B","Strike_B+1","Defend_B","Defend_B","Defend_B","Defend_B","Zap+1","Dualcast","AscendersBane","Rebound+1","Self Repair+1","Doom and Gloom","Turbo","Cold Snap","Hologram+1","Fission+1","Stack","Necronomicurse","Steam","Ball Lightning","White Noise"],"special_seed":0,"relics":["Cracked Core","Strawberry","The Courier","Bag of Marbles","Whetstone","Inserter","DataDisk","Necronomicon","Pear"],"potions_floor_usage":[25],"damage_taken":[{"damage":4.0,"enemies":"2 Louse","floor":1.0,"turns":2.0},{"damage":12.0,"enemies":"Jaw Worm","floor":4.0,"turns":3.0},{"damage":20.0,"enemies":"Lagavulin","floor":7.0,"turns":7.0},{"damage":19.0,"enemies":"Gremlin Nob","floor":10.0,"turns":4.0},{"damage":6.0,"enemies":"Cultist","floor":13.0,"turns":4.0},{"damage":14.0,"enemies":"Lots of Slimes","floor":14.0,"turns":3.0},{"damage":43.0,"enemies":"The Guardian","floor":16.0,"turns":9.0},{"damage":16.0,"enemies":"Chosen","floor":18.0,"turns":5.0},{"damage":30.0,"enemies":"2 Thieves","floor":22.0,"turns":5.0},{"damage":0.0,"enemies":"Gremlin Leader","floor":23.0,"turns":5.0},{"damage":49,"enemies":"Book of Stabbing","floor":25,"turns":5}],"seed_played":"-3062419738564074213","potions_obtained":[{"floor":10.0,"key":"Weak Potion"},{"floor":13.0,"key":"Weak Potion"},{"floor":16.0,"key":"SteroidPotion"},{"floor":23.0,"key":"Ancient Potion"}],"is_trial":false,"path_per_floor":["M","$","?","M","?","R","E","R","T","E","?","R","M","M","R","B",null,"M","?","?","$","M","E","R"],"character_chosen":"DEFECT","items_purchased":["Steam","GamblersBrew"],"campfire_rested":1,"item_purchase_floors":[21,21],"current_hp_per_floor":[67,67,72,60,60,60,47,47,47,38,38,62,66,62,62,29,70,64,64,43,43,23,43,43,0],"gold":69,"neow_bonus":"RANDOM_COMMON_RELIC","is_prod":false,"is_daily":false,"chose_seed":false,"campfire_upgraded":4,"win_rate":0,"timestamp":1537116317,"path_taken":["M","$","?","M","?","R","E","R","T","E","?","R","M","M","R","BOSS","M","?","?","$","M","E","R","E"],"build_version":"2018-09-06","purchased_purges":2,"victory":false,"max_hp_per_floor":[78,78,83,83,83,83,83,83,83,83,83,83,83,83,83,83,83,83,83,83,83,83,93,93,93],"card_choices":[{"not_picked":["Reprogram","Heatsinks"],"picked":"Rebound","floor":1.0},{"not_picked":["Compile Driver","Skim"],"picked":"Self Repair","floor":4.0},{"not_picked":["Self Repair","Steam Power"],"picked":"Doom and Gloom","floor":7.0},{"not_picked":["Static Discharge","Heatsinks"],"picked":"Turbo","floor":10.0},{"not_picked":["Rebound","White Noise"],"picked":"Cold Snap","floor":13.0},{"not_picked":["Barrage","Compile Driver"],"picked":"Hologram","floor":14.0},{"not_picked":["Meteor Strike","Hyperbeam"],"picked":"Fission","floor":16.0},{"not_picked":["Turbo","Gash+1"],"picked":"Stack","floor":18.0},{"not_picked":["Heatsinks","Lockon"],"picked":"Ball Lightning","floor":22.0},{"not_picked":["Static Discharge+1","Steam+1"],"picked":"White Noise","floor":23.0}],"player_experience":408563,"relics_obtained":[{"floor":7.0,"key":"The Courier"},{"floor":9.0,"key":"Bag of Marbles"},{"floor":10.0,"key":"Whetstone"},{"floor":20.0,"key":"Necronomicon"},{"floor":23.0,"key":"Pear"}],"event_choices":[{"event_name":"Big Fish","player_choice":"Donut","floor":3.0,"damage_taken":0.0},{"event_name":"Golden Shrine","player_choice":"Pray","floor":5.0,"damage_taken":0.0},{"event_name":"The Cleric","player_choice":"Card Removal","floor":11.0,"damage_taken":0.0},{"event_name":"The Mausoleum","player_choice":"Yes","floor":19.0,"damage_taken":0.0},{"event_name":"Cursed Tome","player_choice":"Obtained Book","floor":20.0,"damage_taken":0.0}],"is_beta":false,"boss_relics":[{"not_picked":["Empty Cage","Nuclear Battery"],"picked":"Inserter"}],"items_purged_floors":[2,21],"is_endless":false,"potions_floor_spawned":[10,13,16,22,23],"killed_by":"Book of Stabbing","ascension_level":15}