{"gold_per_floor":[119,119,135,32,43,43,68,68,117,117,142,142,157,172,172,251,251,269,281,151,164,164,164,164,198,198,223,233,233,233,247,247,320,320,339,26,36,54,64,64,75,103,155,155,155,66,94,0,0,0],"floor_reached":50,"playtime":2433,"items_purged":["Strike_B"],"score":1250,"play_id":"608309f2-5d2b-439b-a90a-d851d481275e","local_time":"20190705144000","is_ascension_mode":true,"campfire_choices":[{"data":"Rip and Tear","floor":6.0,"key":"SMITH"},{"data":"Biased Cognition","floor":8.0,"key":"SMITH"},{"data":"Tempest","floor":10.0,"key":"SMITH"},{"data":"Darkness","floor":15.0,"key":"SMITH"},{"floor":23.0,"key":"REST"},{"data":"Seek","floor":30,"key":"SMITH"},{"data":"Defragment","floor":32,"key":"SMITH"},{"data":"Consume","floor":40,"key":"SMITH"},{"floor":44,"key":"REST"},{"floor":49,"key":"RECALL"}],"neow_cost":"NONE","seed_source_timestamp":343486886454350,"circlet_count":0,"master_deck":["AscendersBane","Strike_B","Defend_B","Defend_B","Defend_B","Zap","Dualcast","Rip and Tear+1","Leap","Tempest+1","Biased Cognition+1","Sweeping Beam","Conserve Battery","Darkness+1","Seek+1","Defragment+1","Steam","Coolheaded","Defragment+1","Force Field+1","Cold Snap","Amplify","Capacitor+1","Hologram","Buffer","Consume+1","White Noise+1","Force Field","Dark Shackles","Darkness+1"],"special_seed":0,"relics":["Cracked Core","Happy Flower","Meat on the Bone","Bronze Scales","Omamori","WarpedTongs","Empty Cage","Enchiridion","Pantograph","Darkstone Periapt","Bottled Lightning","Girya","Busted Crown","Runic Capacitor","PreservedInsect","Juzu Bracelet","Bag of Marbles","Red Mask"],"potions_floor_usage":[],"damage_taken":[{"damage":0.0,"enemies":"Small Slimes","floor":1.0,"turns":4.0},{"damage":0.0,"enemies":"Cultist","floor":3.0,"turns":4.0},{"damage":0.0,"enemies":"2 Louse","floor":5.0,"turns":2.0},{"damage":31.0,"enemies":"3 Sentries","floor":7.0,"turns":8.0},{"damage":16.0,"enemies":"Lagavulin","floor":11.0,"turns":4.0},{"damage":1.0,"enemies":"Red Slaver","floor":13.0,"turns":2.0},{"damage":0.0,"enemies":"2 Fungi Beasts","floor":14.0,"turns":2.0},{"damage":11.0,"enemies":"Slime Boss","floor":16.0,"turns":5.0},{"damage":15.0,"enemies":"2 Thieves","floor":18.0,"turns":4.0},{"damage":14.0,"enemies":"Shell Parasite","floor":19.0,"turns":3.0},{"damage":0.0,"enemies":"Snake Plant","floor":21.0,"turns":2.0},{"damage":0.0,"enemies":"Slavers","floor":25.0,"turns":1.0},{"damage":28,"enemies":"Gremlin Leader","floor":27,"turns":7},{"damage":0,"enemies":"Centurion and Healer","floor":28,"turns":3},{"damage":0,"enemies":"Snecko","floor":31,"turns":3},{"damage":11,"enemies":"Champ","floor":33,"turns":11},{"damage":49,"enemies":"3 Darklings","floor":35,"turns":3},{"damage":0,"enemies":"3 Shapes","floor":37,"turns":4},{"damage":12,"enemies":"Spire Growth","floor":38,"turns":4},{"damage":15,"enemies":"4 Shapes","floor":39,"turns":3},{"damage":8,"enemies":"Transient","floor":41,"turns":6},{"damage":29,"enemies":"Nemesis","floor":42,"turns":5},{"damage":0,"enemies":"Giant Head","floor":47,"turns":8},{"damage":75,"enemies":"Awakened One","floor":50,"turns":4}],"seed_played":"-202378906467080827","potions_obtained":[{"floor":7.0,"key":"SpeedPotion"},{"floor":11.0,"key":"Ancient Potion"},{"floor":13.0,"key":"SteroidPotion"},{"floor":18.0,"key":"Fire Potion"},{"floor":27,"key":"Explosive Potion"},{"floor":42,"key":"Ancient Potion"}],"is_trial":false,"path_per_floor":["M","?","M","$","M","R","E","R","T","R","E","?","M","M","R","B",null,"M","M","$","M","?","R","?","E","T","E","M","T","R","M","R","B",null,"M","$","M","M","M","R","M","E","T","R","?","$","E","?","R","B"],"character_chosen":"DEFECT","items_purchased":["Leap","Coolheaded","Defragment","Runic Capacitor","Consume","Dark Shackles"],"campfire_rested":2,"item_purchase_floors":[4,20,20,36,36,46],"current_hp_per_floor":[64,64,64,64,64,64,33,33,33,33,29,29,40,40,40,41,64,49,47,47,47,26,47,47,47,47,31,43,43,43,43,43,57,68,31,31,43,43,40,40,44,27,27,48,48,48,48,48,48,0],"gold":0,"neow_bonus":"REMOVE_CARD","is_prod":false,"is_daily":false,"chose_seed":false,"campfire_upgraded":7,"win_rate":0,"timestamp":1562352000,"path_taken":["M","?","M","?","M","R","E","R","T","R","E","?","?","M","R","BOSS","M","M","$","M","?","R","?","E","T","E","M","?","R","M","R","BOSS","M","$","M","M","?","R","M","E","T","R","?","$","E","?","R","BOSS"],"build_version":"2019-07-01","purchased_purges":1,"victory":false,"max_hp_per_floor":[71,71,71,71,71,71,71,71,71,71,71,71,71,71,71,71,71,71,71,71,71,71,71,71,71,71,71,71,71,71,71,71,71,71,71,71,71,71,71,71,71,71,71,71,71,71,71,71,71,71],"card_choices":[{"not_picked":["Leap","Hologram"],"picked":"Rebound","floor":1.0},{"not_picked":["Redo","White Noise"],"picked":"Rip and Tear","floor":3.0},{"not_picked":["Chaos","Amplify"],"picked":"Tempest","floor":5.0},{"not_picked":["Barrage","Go for the Eyes"],"picked":"Biased Cognition","floor":7.0},{"not_picked":["Rebound","Compile Driver"],"picked":"Sweeping Beam","floor":11.0},{"not_picked":["Tempest","Gash"],"picked":"Conserve Battery","floor":13.0},{"not_picked":["Gash","Rebound"],"picked":"Darkness","floor":14.0},{"not_picked":["Fission","Amplify"],"picked":"Seek","floor":16.0},{"not_picked":["Conserve Battery","Leap"],"picked":"Defragment+1","floor":18.0},{"not_picked":["Beam Cell+1","Compile Driver"],"picked":"Steam","floor":19.0},{"not_picked":["Skim","Gash"],"picked":"Force Field+1","floor":21.0},{"not_picked":["Tempest","Leap"],"picked":"Cold Snap","floor":25.0},{"not_picked":["Stack","Beam Cell"],"picked":"Amplify","floor":27},{"not_picked":["Blizzard","Reprogram"],"picked":"Capacitor+1","floor":28},{"not_picked":["Steam Power","Go for the Eyes+1"],"picked":"Hologram","floor":31},{"not_picked":["Thunder Strike","Machine Learning"],"picked":"Buffer","floor":33},{"not_picked":["Steam"],"picked":"SKIP","floor":35},{"not_picked":[],"picked":"White Noise+1","floor":37},{"not_picked":["Rebound+1"],"picked":"SKIP","floor":38},{"not_picked":["Go for the Eyes"],"picked":"SKIP","floor":39},{"not_picked":[],"picked":"Force Field","floor":41},{"not_picked":["Consume"],"picked":"SKIP","floor":42},{"not_picked":[],"picked":"Darkness+1","floor":47}],"player_experience":1574025,"relics_obtained":[{"floor":7.0,"key":"Meat on the Bone"},{"floor":9.0,"key":"Bronze Scales"},{"floor":11.0,"key":"Omamori"},{"floor":22.0,"key":"Enchiridion"},{"floor":25.0,"key":"Darkstone Periapt"},{"floor":26.0,"key":"Bottled Lightning"},{"floor":27,"key":"Girya"},{"floor":42,"key":"PreservedInsect"},{"floor":43,"key":"Juzu Bracelet"},{"floor":47,"key":"Bag of Marbles"}],"event_choices":[{"cards_removed":["Rebound"],"damage_healed":0.0,"max_hp_gain":0.0,"max_hp_loss":0.0,"gold_gain":0.0,"event_name":"WeMeetAgain","player_choice":"Gave Card","floor":2.0,"gold_loss":0.0,"damage_taken":0.0,"relics_obtained":["Happy Flower"]},{"damage_healed":0.0,"max_hp_gain":0.0,"max_hp_loss":0.0,"gold_gain":0.0,"event_name":"Accursed Blacksmith","player_choice":"Rummage","floor":12.0,"gold_loss":0.0,"damage_taken":0.0,"relics_obtained":["WarpedTongs"],"cards_obtained":["Pain"]},{"damage_healed":0.0,"max_hp_gain":0.0,"max_hp_loss":0.0,"gold_gain":0.0,"event_name":"Cursed Tome","player_choice":"Obtained Book","floor":22.0,"gold_loss":0.0,"damage_taken":21.0},{"damage_healed":0.0,"max_hp_gain":0.0,"max_hp_loss":0.0,"gold_gain":0.0,"event_name":"Addict","player_choice":"Stole Relic","floor":24.0,"gold_loss":0.0,"damage_taken":0.0,"relics_obtained":["Pantograph"],"cards_obtained":["Shame"]},{"damage_healed":0,"gold_gain":0,"player_choice":"Memory 1","damage_taken":0,"max_hp_gain":0,"max_hp_loss":0,"event_name":"SensoryStone","floor":45,"gold_loss":0},{"damage_healed":0,"gold_gain":0,"player_choice":"Paid","damage_taken":0,"relics_obtained":["Red Mask"],"max_hp_gain":0,"max_hp_loss":0,"event_name":"Tomb of Lord Red Mask","floor":48,"gold_loss":94}],"is_beta":false,"boss_relics":[{"not_picked":["Calling Bell","Lizard Tail"],"picked":"Empty Cage"},{"not_picked":["Black Star","Pandora\u0027s Box"],"picked":"Busted Crown"}],"items_purged_floors":[4],"is_endless":false,"potions_floor_spawned":[7,11,13,16,18,19,27,41,42],"killed_by":"Awakened One","ascension_level":20}