{"gold_per_floor":[209,209,28,28,43,60,60,88,150,162,187,199,229,221,233,347,359,383,395,157,174,89,89,109,109,109,109,125,125,125,135,135,238,238,248,248,262,68,85,85,385,438,487,503,503],"floor_reached":45,"playtime":2413,"items_purged":["Strike_B","Strike_B","Strike_B"],"score":521,"play_id":"329335e3-391f-4f20-9265-85a3aa31a3d6","local_time":"20180822012432","is_ascension_mode":true,"campfire_choices":[{"data":"White Noise","floor":7,"key":"SMITH"},{"data":"White Noise","floor":10,"key":"SMITH"},{"floor":15,"key":"REST"},{"data":"Conserve Battery","floor":23,"key":"SMITH"},{"data":"Rainbow","floor":25,"key":"SMITH"},{"floor":27,"key":"REST"},{"data":"Defend_B","floor":30,"key":"SMITH"},{"floor":32,"key":"REST"},{"data":"Fusion","floor":40,"key":"SMITH"}],"neow_cost":"NONE","seed_source_timestamp":509784709243816,"circlet_count":0,"master_deck":["Strike_B","Defend_B+1","Defend_B","Defend_B","Defend_B+1","Zap+1","Dualcast","Conserve Battery+1","Loop+1","White Noise+1","White Noise+1","Rainbow+1","Steam+1","Seek","Leap+1","Storm","Fusion+1"],"relics":["Cracked Core","MawBank","Happy Flower","Busted Crown","DataDisk","Orichalcum","Mummified Hand","Lizard Tail","Old Coin","Bag of Preparation","Anchor"],"potions_floor_usage":[28,33],"damage_taken":[{"damage":6,"enemies":"Small Slimes","floor":1,"turns":4},{"damage":0,"enemies":"2 Louse","floor":5,"turns":2},{"damage":7,"enemies":"Jaw Worm","floor":6,"turns":3},{"damage":13,"enemies":"3 Sentries","floor":8,"turns":3},{"damage":12,"enemies":"Exordium Thugs","floor":11,"turns":6},{"damage":5,"enemies":"2 Fungi Beasts","floor":13,"turns":3},{"damage":32,"enemies":"Hexaghost","floor":16,"turns":8},{"damage":5,"enemies":"Spheric Guardian","floor":18,"turns":6},{"damage":13,"enemies":"3 Byrds","floor":21,"turns":4},{"damage":14,"enemies":"Cultist and Chosen","floor":24,"turns":10},{"damage":22,"enemies":"Sentry and Sphere","floor":28,"turns":5},{"damage":17,"enemies":"Shelled Parasite and Fungi","floor":31,"turns":4},{"damage":77,"enemies":"Champ","floor":33,"turns":14},{"damage":5,"enemies":"Orb Walker","floor":35,"turns":2},{"damage":10,"enemies":"3 Shapes","floor":37,"turns":6},{"damage":16,"enemies":"Transient","floor":39,"turns":5},{"damage":0,"floor":41,"turns":7},{"damage":26,"enemies":"3 Darklings","floor":44,"turns":7},{"damage":77,"enemies":"Maw","floor":45,"turns":10}],"seed_played":"-3010105656965042410","potions_obtained":[{"floor":5,"key":"Ancient Potion"},{"floor":8,"key":"FearPotion"},{"floor":11,"key":"Energy Potion"},{"floor":14,"key":"FairyPotion"},{"floor":18,"key":"PowerPotion"},{"floor":24,"key":"Regen Potion"},{"floor":39,"key":"PowerPotion"}],"is_trial":false,"path_per_floor":["M","?","$","?","M","M","R","E","T","R","M","?","M","?","R","B",null,"M","?","$","M","?","R","M","R","T","R","M","?","R","M","R","B",null,"M","?","M","$","M","R","?","T","T","M"],"character_chosen":"DEFECT","items_purchased":["Loop","White Noise","DataDisk","Storm"],"campfire_rested":3,"item_purchase_floors":[3,3,20,38],"current_hp_per_floor":[69,69,69,69,69,62,62,49,49,49,37,22,17,17,39,7,75,70,70,70,57,57,57,43,43,43,65,62,62,62,45,67,6,75,70,70,67,67,51,51,51,51,51,32,0],"gold":503,"neow_bonus":"HUNDRED_GOLD","is_prod":false,"is_daily":false,"chose_seed":false,"campfire_upgraded":6,"win_rate":0,"timestamp":1534915472,"path_taken":["M","?","$","?","M","M","R","E","T","R","M","?","?","?","R","BOSS","M","?","$","M","?","R","M","R","T","R","M","?","R","M","R","BOSS","M","?","M","$","M","R","?","?","T","M","M"],"build_version":"2018-08-16","purchased_purges":3,"victory":false,"max_hp_per_floor":[75,75,75,75,75,75,75,75,75,75,75,75,75,75,75,75,75,75,75,75,75,75,75,75,75,75,75,75,75,75,75,75,75,75,75,75,75,75,75,75,75,75,75,75,75],"card_choices":[{"not_picked":["Turbo","Beam Cell"],"picked":"Conserve Battery","floor":1},{"not_picked":["Streamline","Go for the Eyes","Melter"],"picked":"SKIP","floor":5},{"not_picked":["Turbo","Ball Lightning"],"picked":"White Noise","floor":6},{"not_picked":["Gash","Compile Driver","Stack"],"picked":"SKIP","floor":8},{"not_picked":["Barrage","Scrape","FTL"],"picked":"SKIP","floor":11},{"not_picked":["Cold Snap","Streamline","Hologram"],"picked":"SKIP","floor":13},{"not_picked":["Creative AI","Seek"],"picked":"Rainbow","floor":16},{"not_picked":["Compile Driver+1"],"picked":"SKIP","floor":18},{"not_picked":["Sunder"],"picked":"SKIP","floor":21},{"not_picked":["Go for the Eyes"],"picked":"SKIP","floor":24},{"not_picked":["Beam Cell"],"picked":"SKIP","floor":28},{"not_picked":[],"picked":"Steam+1","floor":31},{"not_picked":[],"picked":"Seek","floor":33},{"not_picked":[],"picked":"Leap+1","floor":35},{"not_picked":["Sweeping Beam"],"picked":"SKIP","floor":37},{"not_picked":[],"picked":"Fusion","floor":39},{"not_picked":["Go for the Eyes"],"picked":"SKIP","floor":44}],"player_experience":130823,"relics_obtained":[{"floor":8,"key":"MawBank"},{"floor":9,"key":"Happy Flower"},{"floor":26,"key":"Mummified Hand"},{"floor":41,"key":"Old Coin"},{"floor":42,"key":"Bag of Preparation"},{"floor":43,"key":"Anchor"}],"event_choices":[{"event_name":"Liars Game","player_choice":"disagreed","floor":2,"damage_taken":0},{"event_name":"Upgrade Shrine","player_choice":"Upgraded","floor":4,"damage_taken":0},{"event_name":"Shining Light","player_choice":"Entered Light","floor":12,"damage_taken":0},{"event_name":"The Woman in Blue","player_choice":"Bought 1 Potion","floor":14,"damage_taken":0},{"event_name":"Accursed Blacksmith","player_choice":"Ignore","floor":19,"damage_taken":0},{"event_name":"Addict","player_choice":"Obtained Relic","floor":22,"damage_taken":0},{"event_name":"Ghosts","player_choice":"Ignored","floor":29,"damage_taken":0},{"event_name":"Tomb of Lord Red Mask","player_choice":"Ignored","floor":36,"damage_taken":0},{"event_name":"MindBloom","player_choice":"Fight","floor":41,"damage_taken":0}],"is_beta":false,"boss_relics":[{"not_picked":["White Beast Statue","Runic Dome"],"picked":"Busted Crown"},{"not_picked":["Philosopher\u0027s Stone","Empty Cage"],"picked":"Lizard Tail"}],"items_purged_floors":[3,20,38],"is_endless":false,"potions_floor_spawned":[5,8,11,18,21,24,39],"killed_by":"Maw","ascension_level":4}