{"gold_per_floor":[219,7,82,7,27,52,52,79,134,148,174,13,13,27,27,102,102,122,122,122,34,44,44,109,109,136,136,213,248,6,25,25,97,97,116,133,149,166,0,0,34,45,45,45,145,161,161,174,174,174,174,174,174,7,39,39],"floor_reached":56,"playtime":4487,"items_purged":["Strike_B"],"score":1991,"play_id":"a044ea9b-36dd-496e-bc1a-ecd8ad97455f","local_time":"20190627005559","is_ascension_mode":true,"campfire_choices":[{"data":"Loop","floor":7.0,"key":"SMITH"},{"data":"Zap","floor":15.0,"key":"SMITH"},{"data":"Defragment","floor":23.0,"key":"SMITH"},{"data":"Ghostly","floor":25,"key":"SMITH"},{"data":"Ghostly","floor":32,"key":"SMITH"},{"data":"Fission","floor":40,"key":"SMITH"},{"data":"Loop","floor":44,"key":"SMITH"},{"floor":47,"key":"RECALL"},{"data":"Ghostly","floor":49,"key":"SMITH"},{"data":"Consume","floor":53,"key":"SMITH"}],"neow_cost":"NONE","seed_source_timestamp":988363966716874,"circlet_count":0,"master_deck":["AscendersBane","Strike_B","Strike_B+1","Defend_B","Defend_B","Defend_B","Zap+1","Dualcast","Compile Driver","Self Repair","Loop+1","Sweeping Beam","Compile Driver","Cold Snap","Coolheaded","Fission+1","Sunder+1","Ghostly+1","Ghostly+1","Ghostly+1","Defragment+1","Force Field","Fusion","Ball Lightning","Echo Form","Conserve Battery","Glacier","Recycle+1","Loop+1","Reinforced Body+1","Consume+1"],"special_seed":0,"relics":["Cracked Core","Anchor","Matryoshka","Regal Pillow","Bag of Marbles","Pantograph","DataDisk","Snecko Eye","Tiny Chest","Omamori","Whetstone","Mummified Hand","Peace Pipe","Lee\u0027s Waffle","Sozu","Red Mask","Meat on the Bone","Ginger","Centennial Puzzle","Boot"],"potions_floor_usage":[55],"damage_taken":[{"damage":0.0,"enemies":"Small Slimes","floor":1.0,"turns":3.0},{"damage":1.0,"enemies":"Cultist","floor":5.0,"turns":3.0},{"damage":31.0,"enemies":"Gremlin Nob","floor":6.0,"turns":4.0},{"damage":25.0,"enemies":"Lagavulin","floor":8.0,"turns":6.0},{"damage":2.0,"enemies":"Jaw Worm","floor":10.0,"turns":4.0},{"damage":35.0,"enemies":"3 Sentries","floor":11.0,"turns":7.0},{"damage":3.0,"enemies":"Exordium Wildlife","floor":14.0,"turns":3.0},{"damage":3.0,"enemies":"Hexaghost","floor":16.0,"turns":9.0},{"damage":17.0,"enemies":"Chosen","floor":18.0,"turns":7.0},{"damage":0.0,"enemies":"2 Thieves","floor":22.0,"turns":4.0},{"damage":33,"enemies":"Gremlin Leader","floor":24,"turns":6},{"damage":0,"enemies":"Slavers","floor":29,"turns":6},{"damage":0,"enemies":"Centurion and Healer","floor":31,"turns":6},{"damage":32,"enemies":"Automaton","floor":33,"turns":11},{"damage":13,"enemies":"Orb Walker","floor":35,"turns":3},{"damage":13,"enemies":"3 Darklings","floor":36,"turns":5},{"damage":0,"enemies":"Jaw Worm Horde","floor":37,"turns":6},{"damage":0,"enemies":"Sphere and 2 Shapes","floor":38,"turns":4},{"damage":14,"enemies":"Nemesis","floor":41,"turns":9},{"damage":0,"enemies":"Spire Growth","floor":42,"turns":6},{"damage":0,"enemies":"Mind Bloom Boss Battle","floor":45,"turns":6},{"damage":0,"enemies":"Maw","floor":46,"turns":7},{"damage":0,"enemies":"4 Shapes","floor":48,"turns":6},{"damage":12,"enemies":"Donu and Deca","floor":50,"turns":18},{"damage":0,"enemies":"Time Eater","floor":51,"turns":36},{"damage":40,"enemies":"Shield and Spear","floor":55,"turns":13},{"damage":42,"enemies":"The Heart","floor":56,"turns":14}],"seed_played":"5620659724931473048","potions_obtained":[{"floor":5.0,"key":"Regen Potion"},{"floor":6.0,"key":"LiquidBronze"},{"floor":8.0,"key":"FocusPotion"},{"floor":22.0,"key":"SpeedPotion"},{"floor":33,"key":"Regen Potion"}],"is_trial":false,"path_per_floor":["M","$","?","?","M","E","R","E","T","M","E","$","?","M","R","B",null,"M","?","?","$","M","R","E","R","T","?","T","E","$","M","R","B",null,"M","M","M","M","?","R","E","M","T","R","?","M","R","M","R","B","B",null,"R","$","E","B"],"character_chosen":"DEFECT","items_purchased":["Self Repair","Fire Potion","DataDisk","Defragment","Lee\u0027s Waffle","Ball Lightning","Centennial Puzzle"],"campfire_rested":0,"item_purchase_floors":[2,2,12,21,30,30,54],"current_hp_per_floor":[64,64,53,53,59,35,35,32,32,37,9,9,9,6,6,35,62,45,45,35,35,35,35,9,9,9,9,9,16,42,42,42,17,36,30,24,31,42,42,42,35,35,35,35,42,42,42,42,42,37,42,42,42,42,21,0],"gold":39,"neow_bonus":"HUNDRED_GOLD","is_prod":false,"is_daily":false,"chose_seed":false,"campfire_upgraded":9,"win_rate":0,"timestamp":1561611359,"path_taken":["M","$","?","?","M","E","R","E","T","M","E","$","?","M","R","BOSS","M","?","?","?","M","R","E","R","T","?","?","E","$","M","R","BOSS","M","M","M","M","?","R","E","M","T","R","?","M","R","M","R","BOSS","BOSS","R","$","E","BOSS"],"build_version":"2019-01-23","purchased_purges":1,"victory":false,"max_hp_per_floor":[71,71,71,71,71,71,71,71,71,71,71,71,71,71,71,71,71,71,71,35,35,35,35,35,35,35,35,35,35,42,42,42,42,42,42,42,42,42,42,42,42,42,42,42,42,42,42,42,42,42,42,42,42,42,42,42],"card_choices":[{"not_picked":["Redo","Leap"],"picked":"Compile Driver","floor":1.0},{"not_picked":["Blizzard","Streamline"],"picked":"Loop","floor":5.0},{"not_picked":["Reprogram","Hello World","Rebound"],"picked":"SKIP","floor":6.0},{"not_picked":["Leap","Self Repair"],"picked":"Sweeping Beam","floor":8.0},{"not_picked":["Sweeping Beam","Scrape"],"picked":"Compile Driver","floor":10.0},{"not_picked":["Go for the Eyes","Barrage"],"picked":"Cold Snap","floor":11.0},{"not_picked":["Sweeping Beam","Lockon"],"picked":"Coolheaded","floor":14.0},{"not_picked":["Multi-Cast","Creative AI"],"picked":"Fission","floor":16.0},{"not_picked":["Coolheaded","Chill","White Noise+1"],"picked":"SKIP","floor":18.0},{"not_picked":["Static Discharge","Self Repair","Skim"],"picked":"SKIP","floor":22.0},{"not_picked":["Scrape","Chill"],"picked":"Force Field","floor":24},{"not_picked":["Machine Learning","Beam Cell"],"picked":"Fusion","floor":29},{"not_picked":["Turbo","Leap","Ball Lightning"],"picked":"SKIP","floor":31},{"not_picked":["Core Surge","All For One"],"picked":"Echo Form","floor":33},{"not_picked":["Beam Cell+1","Streamline"],"picked":"Conserve Battery","floor":35},{"not_picked":["Ball Lightning","Beam Cell"],"picked":"Glacier","floor":36},{"not_picked":["Coolheaded","Melter","Beam Cell"],"picked":"SKIP","floor":37},{"not_picked":["BootSequence","Go for the Eyes+1","Hologram"],"picked":"SKIP","floor":38},{"not_picked":["Rebound+1","Go for the Eyes"],"picked":"Recycle+1","floor":41},{"not_picked":["Fusion","Conserve Battery"],"picked":"Loop","floor":42},{"not_picked":["Go for the Eyes","Hyperbeam"],"picked":"Reinforced Body+1","floor":45},{"not_picked":["Coolheaded","Streamline","Stack"],"picked":"SKIP","floor":46},{"not_picked":["Conserve Battery+1","Aggregate+1"],"picked":"Consume","floor":48},{"not_picked":["Barrage","Ball Lightning","Melter"],"picked":"SKIP","floor":55}],"player_experience":1547773,"relics_obtained":[{"floor":6.0,"key":"Anchor"},{"floor":8.0,"key":"Matryoshka"},{"floor":9.0,"key":"Regal Pillow"},{"floor":9.0,"key":"Bag of Marbles"},{"floor":11.0,"key":"Pantograph"},{"floor":24,"key":"Tiny Chest"},{"floor":26,"key":"Omamori"},{"floor":26,"key":"Whetstone"},{"floor":28,"key":"Mummified Hand"},{"floor":29,"key":"Peace Pipe"},{"floor":41,"key":"Meat on the Bone"},{"floor":45,"key":"Ginger"},{"floor":55,"key":"Boot"}],"event_choices":[{"damage_healed":0.0,"max_hp_gain":0.0,"max_hp_loss":0.0,"gold_gain":75.0,"event_name":"World of Goop","player_choice":"Gather Gold","floor":3.0,"gold_loss":0.0,"damage_taken":11.0},{"cards_removed":["Defend_B"],"damage_healed":0.0,"max_hp_gain":0.0,"max_hp_loss":0.0,"gold_gain":0.0,"event_name":"The Cleric","player_choice":"Card Removal","floor":4.0,"gold_loss":75.0,"damage_taken":0.0},{"damage_healed":0.0,"max_hp_gain":0.0,"max_hp_loss":0.0,"gold_gain":0.0,"event_name":"Match and Keep!","player_choice":"0 cards matched","floor":13.0,"gold_loss":0.0,"damage_taken":0.0,"cards_obtained":[]},{"damage_healed":0.0,"max_hp_gain":0.0,"max_hp_loss":0.0,"gold_gain":0.0,"event_name":"The Library","player_choice":"Read","floor":19.0,"gold_loss":0.0,"damage_taken":0.0,"cards_obtained":["Sunder"]},{"damage_healed":0.0,"max_hp_gain":0.0,"max_hp_loss":36.0,"gold_gain":0.0,"event_name":"Ghosts","player_choice":"Became a Ghost","floor":20.0,"gold_loss":0.0,"damage_taken":0.0,"cards_obtained":["Ghostly","Ghostly","Ghostly"]},{"cards_removed":["Strike_B"],"damage_healed":0,"gold_gain":0,"player_choice":"Elegance","damage_taken":0,"max_hp_gain":0,"max_hp_loss":0,"event_name":"Back to Basics","floor":27,"gold_loss":0},{"damage_healed":0,"gold_gain":0,"player_choice":"Paid","damage_taken":0,"relics_obtained":["Red Mask"],"max_hp_gain":0,"max_hp_loss":0,"event_name":"Tomb of Lord Red Mask","floor":39,"gold_loss":166},{"damage_healed":0,"gold_gain":0,"player_choice":"Fight","damage_taken":0,"max_hp_gain":0,"max_hp_loss":0,"event_name":"MindBloom","floor":45,"gold_loss":0}],"is_beta":false,"boss_relics":[{"not_picked":["Eternal Feather","Runic Dome"],"picked":"Snecko Eye"},{"not_picked":["Orrery","Inserter"],"picked":"Sozu"}],"items_purged_floors":[2],"is_endless":false,"potions_floor_spawned":[5,6,8,11,22,29,33,37,38,42,46,48],"killed_by":"The Heart","ascension_level":20}