{"gold_per_floor":[10,26,26,26,26,26,36,53,53,53,68,83,83,97,97,193,193,205,305,255,265,118,130,144,144,144,144,160,174,174,192,192,289,289,305,315,315,327,227,227,227],"floor_reached":41,"playtime":2115,"items_purged":["Strike_B","Defend_B"],"score":389,"play_id":"f105e5c5-676e-45e1-9e42-d750c6f8f1b4","local_time":"20181004194510","is_ascension_mode":false,"campfire_choices":[{"data":"Fusion","floor":6,"key":"SMITH"},{"data":"Go for the Eyes","floor":13,"key":"SMITH"},{"data":"Coolheaded","floor":15,"key":"SMITH"},{"data":"Sunder","floor":25,"key":"SMITH"},{"data":"Consume","floor":27,"key":"SMITH"},{"data":"Echo Form","floor":32,"key":"SMITH"},{"data":"Seek","floor":40,"key":"SMITH"}],"neow_cost":"NO_GOLD","seed_source_timestamp":1879460721475402,"circlet_count":0,"master_deck":["Defend_B","Defend_B","Defend_B","Zap+1","Dualcast","Fusion+1","Meteor Strike+1","Steam","Go for the Eyes+1","Cold Snap","Doom and Gloom","BootSequence","Coolheaded+1","Echo Form+1","Sunder+1","Consume+1","Self Repair","Coolheaded","Glacier","Gash+1","Redo+1","Seek+1","Hologram","Turbo"],"relics":["Cracked Core"],"potions_floor_usage":[41],"damage_taken":[{"damage":5,"enemies":"Cultist","floor":1,"turns":5},{"damage":0,"enemies":"2 Louse","floor":2,"turns":2},{"damage":4,"enemies":"Small Slimes","floor":7,"turns":4},{"damage":0,"enemies":"Exordium Wildlife","floor":8,"turns":3},{"damage":2,"enemies":"Blue Slaver","floor":11,"turns":3},{"damage":1,"enemies":"Looter","floor":12,"turns":2},{"damage":0,"enemies":"Large Slime","floor":14,"turns":4},{"damage":4,"enemies":"The Guardian","floor":16,"turns":11},{"damage":7,"enemies":"Chosen","floor":18,"turns":5},{"damage":15,"enemies":"Spheric Guardian","floor":21,"turns":4},{"damage":11,"enemies":"Snecko","floor":23,"turns":4},{"damage":9,"enemies":"Sentry and Sphere","floor":24,"turns":5},{"damage":2,"enemies":"Cultist and Chosen","floor":28,"turns":9},{"damage":4,"enemies":"3 Cultists","floor":29,"turns":5},{"damage":0,"enemies":"Centurion and Healer","floor":31,"turns":9},{"damage":6,"enemies":"Champ","floor":33,"turns":15},{"damage":11,"enemies":"3 Shapes","floor":35,"turns":9},{"damage":16,"enemies":"3 Darklings","floor":36,"turns":5},{"damage":26,"enemies":"Reptomancer","floor":38,"turns":15},{"damage":41,"enemies":"Sphere and 2 Shapes","floor":41,"turns":3}],"seed_played":"3162310666880185347","potions_obtained":[{"floor":11,"key":"Strength Potion"},{"floor":14,"key":"SteroidPotion"},{"floor":16,"key":"FearPotion"},{"floor":18,"key":"FocusPotion"},{"floor":21,"key":"GamblersBrew"},{"floor":38,"key":"Explosive Potion"}],"is_trial":false,"path_per_floor":["M","M","?","$","?","R","M","M","T","?","M","M","R","M","R","B",null,"M","?","?","M","$","M","M","R","T","R","M","M","T","M","R","B",null,"M","M","?","M","$","R"],"character_chosen":"DEFECT","items_purchased":["Self Repair"],"campfire_rested":0,"item_purchase_floors":[22],"current_hp_per_floor":[70,70,55,55,55,55,51,51,51,51,49,48,48,48,48,44,75,68,68,68,53,53,56,61,61,61,61,73,75,75,75,75,75,75,75,59,59,40,40,40,0],"gold":227,"neow_bonus":"TRANSFORM_TWO_CARDS","is_prod":false,"is_daily":false,"chose_seed":false,"campfire_upgraded":7,"win_rate":0,"timestamp":1538696710,"path_taken":["M","?","?","$","?","R","M","M","T","?","M","M","R","M","R","BOSS","M","?","?","M","?","?","M","R","T","R","?","M","?","M","R","BOSS","M","M","?","M","$","R","?"],"build_version":"2018-09-27","purchased_purges":2,"victory":false,"max_hp_per_floor":[75,75,75,75,75,75,75,75,75,75,75,75,75,75,75,75,75,75,75,75,75,75,75,75,75,75,75,75,75,75,75,75,75,75,75,75,75,75,75,75,75],"card_choices":[{"not_picked":["Barrage","Compile Driver"],"picked":"Steam","floor":1},{"not_picked":["Rebound","Steam"],"picked":"Go for the Eyes","floor":2},{"not_picked":["Stack","Compile Driver"],"picked":"Cold Snap","floor":7},{"not_picked":["Turbo","Hologram"],"picked":"Ball Lightning","floor":8},{"not_picked":["Go for the Eyes","Tempest","Streamline"],"picked":"SKIP","floor":11},{"not_picked":["Stack","Barrage"],"picked":"BootSequence","floor":12},{"not_picked":["Compile Driver","Steam"],"picked":"Coolheaded","floor":14},{"not_picked":["Thunder Strike","Buffer"],"picked":"Echo Form","floor":16},{"not_picked":["Compile Driver","BootSequence"],"picked":"Sunder","floor":18},{"not_picked":["Doom and Gloom","Melter"],"picked":"Consume","floor":21},{"not_picked":["Go for the Eyes","Ball Lightning+1"],"picked":"Coolheaded","floor":23},{"not_picked":["Compile Driver","Conserve Battery"],"picked":"Glacier","floor":24},{"not_picked":["Coolheaded","Streamline"],"picked":"Gash+1","floor":28},{"not_picked":["Static Discharge","Steam","Rebound+1"],"picked":"SKIP","floor":29},{"not_picked":["Glacier","Undo"],"picked":"Redo+1","floor":31},{"not_picked":["Core Surge","Echo Form"],"picked":"Seek","floor":33},{"not_picked":["Doom and Gloom+1","Beam Cell+1"],"picked":"Hologram","floor":35},{"not_picked":["Compile Driver+1","FTL+1"],"picked":"Turbo","floor":36},{"not_picked":["Streamline+1","Chaos+1","Redo"],"picked":"SKIP","floor":38}],"player_experience":558372,"relics_obtained":[],"event_choices":[{"event_name":"Shining Light","player_choice":"Entered Light","floor":3,"damage_taken":0},{"event_name":"Golden Idol","player_choice":"Ignored","floor":5,"damage_taken":0},{"event_name":"Living Wall","player_choice":"Change","floor":10,"damage_taken":0},{"event_name":"Golden Shrine","player_choice":"Pray","floor":19,"damage_taken":0},{"event_name":"The Joust","player_choice":"Bet on Owner","floor":20,"damage_taken":0},{"event_name":"Falling","player_choice":"Removed Attack","floor":37,"damage_taken":0}],"is_beta":false,"boss_relics":[{"not_picked":["Black Star","Fusion Hammer","Runic Pyramid"]},{"not_picked":["Runic Dome","Coffee Dripper","Astrolabe"]}],"items_purged_floors":[22,39],"is_endless":false,"potions_floor_spawned":[11,14,16,18,21,33,36,38],"killed_by":"Sphere and 2 Shapes","ascension_level":0}