{"gold_per_floor":[215,9,84,84,95,95,113,144,169,40,40,67,67,67,67,141,141,156,169,77,91,101,101,113,113,140,173,73,73,73,86,86,158,158,178,193,17,0,16,44,44,44,44,76,76,87,98,114,114,114],"floor_reached":51,"playtime":4801,"items_purged":["Strike_G","Defend_G","All Out Attack+1"],"score":1232,"play_id":"9a30a43b-b836-40e8-bd00-8250507c6a97","local_time":"20180919223401","is_ascension_mode":true,"campfire_choices":[{"data":"Neutralize","floor":6,"key":"SMITH"},{"floor":11,"key":"REST"},{"data":"Noxious Fumes","floor":13,"key":"SMITH"},{"data":"Adrenaline","floor":15,"key":"SMITH"},{"data":"Footwork","floor":23,"key":"SMITH"},{"floor":25,"key":"REST"},{"floor":32,"key":"REST"},{"data":"Catalyst","floor":41,"key":"SMITH"},{"floor":45,"key":"REST"},{"floor":49,"key":"REST"}],"neow_cost":"NONE","seed_source_timestamp":590771472618060,"circlet_count":0,"master_deck":["Defend_G","Defend_G","Defend_G","Defend_G","Survivor","Neutralize+1","AscendersBane","Poisoned Stab","Well Laid Plans","Deadly Poison","Bane","Infinite Blades","Adrenaline+1","Dodge and Roll","Noxious Fumes+1","Burst","Dagger Throw+1","Well Laid Plans+1","Burst+1","Deflect","Outmaneuver","Catalyst+1","Footwork+1","Dodge and Roll","Malaise","Backflip","Adrenaline","Blur+1","Prepared","Tactician","Crippling Poison+1","Writhe","Corpse Explosion","Sucker Punch","Footwork"],"relics":["Ring of the Snake","Blood Vial","Whetstone","Bird Faced Urn","Paper Crane","Astrolabe","Lantern","Art of War","Runic Pyramid","Red Mask","Mercury Hourglass","Ninja Scroll","Orichalcum"],"potions_floor_usage":[16,22,27,40,50],"damage_taken":[{"damage":0,"enemies":"2 Louse","floor":1,"turns":5},{"damage":0,"enemies":"Cultist","floor":5,"turns":3},{"damage":8,"enemies":"Small Slimes","floor":7,"turns":3},{"damage":22,"enemies":"Lagavulin","floor":8,"turns":7},{"damage":9,"enemies":"3 Sentries","floor":12,"turns":6},{"damage":20,"enemies":"Hexaghost","floor":16,"turns":8},{"damage":0,"enemies":"Spheric Guardian","floor":18,"turns":7},{"damage":14,"enemies":"Shell Parasite","floor":19,"turns":5},{"damage":44,"enemies":"Sentry and Sphere","floor":21,"turns":8},{"damage":7,"enemies":"Cultist and Chosen","floor":22,"turns":7},{"damage":23,"enemies":"Snake Plant","floor":24,"turns":4},{"damage":30,"enemies":"Gremlin Leader","floor":27,"turns":7},{"damage":12,"enemies":"Colosseum Slavers","floor":29,"turns":8},{"damage":14,"enemies":"Shelled Parasite and Fungi","floor":31,"turns":6},{"damage":14,"enemies":"Automaton","floor":33,"turns":11},{"damage":0,"enemies":"Orb Walker","floor":35,"turns":5},{"damage":7,"enemies":"3 Darklings","floor":36,"turns":7},{"damage":0,"enemies":"Spire Growth","floor":39,"turns":6},{"damage":45,"enemies":"2 Orb Walkers","floor":40,"turns":10},{"damage":48,"enemies":"Nemesis","floor":44,"turns":7},{"damage":0,"enemies":"Transient","floor":46,"turns":5},{"damage":25,"enemies":"3 Darklings","floor":47,"turns":5},{"damage":0,"enemies":"Spire Growth","floor":48,"turns":5},{"damage":26,"enemies":"Donu and Deca","floor":50,"turns":6}],"seed_played":"6333100379810781566","potions_obtained":[{"floor":5,"key":"GhostInAJar"},{"floor":7,"key":"PowerPotion"},{"floor":21,"key":"SteroidPotion"},{"floor":24,"key":"LiquidBronze"},{"floor":27,"key":"LiquidBronze"},{"floor":31,"key":"SpeedPotion"},{"floor":36,"key":"Weak Potion"},{"floor":44,"key":"LiquidBronze"},{"floor":46,"key":"EssenceOfSteel"}],"is_trial":false,"path_per_floor":["M","$","?","?","M","R","M","E","T","$","R","E","R","T","R","B",null,"M","M","$","M","M","R","M","R","T","E","$","?","?","M","R","B",null,"M","M","$","?","M","E","R","?","T","E","R","M","M","M","R","B"],"character_chosen":"THE_SILENT","items_purchased":["Well Laid Plans","Deadly Poison","Quick Slash","Adrenaline","Dodge and Roll","Deflect","Outmaneuver","Prepared"],"campfire_rested":5,"item_purchase_floors":[2,2,2,10,10,20,20,37],"current_hp_per_floor":[59,59,53,53,53,53,45,23,23,23,42,35,35,35,35,25,56,66,54,54,20,23,23,12,31,31,13,13,13,13,11,30,28,57,66,66,66,66,66,27,27,44,44,8,27,39,26,40,59,44],"gold":114,"neow_bonus":"HUNDRED_GOLD","is_prod":false,"is_daily":false,"chose_seed":false,"campfire_upgraded":5,"win_rate":0,"timestamp":1537410841,"path_taken":["M","$","?","?","M","R","M","E","T","$","R","E","R","?","R","BOSS","M","M","$","M","M","R","M","R","T","E","$","?","?","M","R","BOSS","M","M","$","?","M","E","R","?","T","E","R","M","?","M","R","BOSS"],"build_version":"2018-09-06","purchased_purges":3,"victory":true,"max_hp_per_floor":[66,66,66,66,66,66,66,66,66,66,66,66,66,66,66,66,66,66,66,66,66,66,66,66,66,66,66,66,66,66,66,66,66,66,66,66,66,66,66,66,66,66,66,66,66,66,66,66,66,66],"card_choices":[{"not_picked":["Heel Hook","Concentrate"],"picked":"Poisoned Stab","floor":1},{"not_picked":["Tactician","Acrobatics"],"picked":"Bane","floor":5},{"not_picked":["Prepared","Choke"],"picked":"Infinite Blades","floor":7},{"not_picked":["Tactician","Reflex"],"picked":"All Out Attack","floor":8},{"not_picked":["Backflip","Eviscerate"],"picked":"Noxious Fumes","floor":12},{"not_picked":["After Image","Glass Knife"],"picked":"Burst","floor":16},{"not_picked":["Choke","All Out Attack","Flying Knee"],"picked":"SKIP","floor":18},{"not_picked":["Flying Knee","Prepared","Dagger Throw"],"picked":"SKIP","floor":19},{"not_picked":["Dagger Spray","Quick Slash+1"],"picked":"Catalyst","floor":21},{"not_picked":["Slice","Backflip"],"picked":"Footwork","floor":22},{"not_picked":["Dash","Quick Slash+1"],"picked":"Dodge and Roll","floor":24},{"not_picked":["Deadly Poison","Well Laid Plans"],"picked":"Malaise","floor":27},{"not_picked":["Backstab","Infinite Blades"],"picked":"Backflip","floor":31},{"not_picked":["Venomology","Bullet Time"],"picked":"Adrenaline","floor":33},{"not_picked":["Outmaneuver","Slice","Dash"],"picked":"SKIP","floor":35},{"not_picked":["Catalyst","Bane+1"],"picked":"Blur+1","floor":36},{"not_picked":["Underhanded Strike","Acrobatics"],"picked":"Tactician","floor":39},{"not_picked":["Quick Slash","Calculated Gamble"],"picked":"Crippling Poison+1","floor":40},{"not_picked":["Poisoned Stab","Malaise"],"picked":"Corpse Explosion","floor":44},{"not_picked":["Acrobatics+1","Slice+1"],"picked":"Sucker Punch","floor":46},{"not_picked":["Infinite Blades","Concentrate+1"],"picked":"Footwork","floor":47},{"not_picked":["Accuracy","Slice","Deadly Poison"],"picked":"SKIP","floor":48}],"player_experience":467432,"relics_obtained":[{"floor":8,"key":"Blood Vial"},{"floor":9,"key":"Whetstone"},{"floor":12,"key":"Bird Faced Urn"},{"floor":14,"key":"Paper Crane"},{"floor":26,"key":"Lantern"},{"floor":27,"key":"Art of War"},{"floor":40,"key":"Mercury Hourglass"},{"floor":43,"key":"Ninja Scroll"},{"floor":44,"key":"Orichalcum"}],"event_choices":[{"event_name":"FaceTrader","player_choice":"Touch","floor":3,"damage_taken":0},{"event_name":"Purifier","player_choice":"One Purge","floor":4,"damage_taken":0},{"event_name":"Colosseum","player_choice":"Fight","floor":29,"damage_taken":0},{"event_name":"Colosseum","player_choice":"Fled From Nobs","floor":29,"damage_taken":0},{"event_name":"Purifier","player_choice":"One Purge","floor":30,"damage_taken":0},{"event_name":"Tomb of Lord Red Mask","player_choice":"Paid","floor":38,"damage_taken":0},{"event_name":"Winding Halls","player_choice":"Writhe","floor":42,"damage_taken":0}],"is_beta":false,"boss_relics":[{"not_picked":["Coffee Dripper","WristBlade"],"picked":"Astrolabe"},{"not_picked":["White Beast Statue","Orrery"],"picked":"Runic Pyramid"}],"items_purged_floors":[2,28,37],"is_endless":false,"potions_floor_spawned":[5,7,21,24,27,31,36,44,46,47],"ascension_level":14}