{"gold_per_floor":[114,64,82,100,49,82,82,82,82,101,121,155,155,171,171,272,272,283,283],"floor_reached":19,"playtime":1169,"items_purged":[],"score":251,"play_id":"7f83306a-cae2-4335-b9e2-d6b261ee1ada","local_time":"20180825163449","is_ascension_mode":true,"campfire_choices":[{"floor":8,"key":"REST"},{"data":"White Noise","floor":13,"key":"SMITH"},{"floor":15,"key":"REST"}],"neow_cost":"","seed_source_timestamp":824880144833959,"circlet_count":0,"master_deck":["Strike_B","Strike_B","Strike_B","Defend_B","Defend_B","Defend_B","Zap","Dualcast","Leap","Capacitor","Ball Lightning","Coolheaded","Ball Lightning","Turbo","White Noise+1","Self Repair","Glacier","Loop","Seek","Skim"],"relics":["Cracked Core","Prayer Wheel","Torii","Happy Flower","Busted Crown"],"potions_floor_usage":[12,19,19],"damage_taken":[{"damage":5,"enemies":"Small Slimes","floor":1,"turns":3},{"damage":1,"enemies":"2 Louse","floor":3,"turns":2},{"damage":0,"enemies":"Jaw Worm","floor":4,"turns":3},{"damage":32,"enemies":"3 Sentries","floor":6,"turns":8},{"damage":1,"enemies":"2 Fungi Beasts","floor":10,"turns":4},{"damage":1,"enemies":"Looter","floor":11,"turns":3},{"damage":28,"enemies":"Gremlin Nob","floor":12,"turns":4},{"damage":1,"enemies":"Large Slime","floor":14,"turns":5},{"damage":26,"enemies":"The Guardian","floor":16,"turns":10},{"damage":1,"enemies":"Shell Parasite","floor":18,"turns":6},{"damage":29,"enemies":"Colosseum Slavers","floor":19,"turns":6},{"damage":91,"enemies":"Colosseum Nobs","floor":19,"turns":4}],"seed_played":"-2303936520919048833","potions_obtained":[{"floor":4,"key":"FocusPotion"},{"floor":6,"key":"FocusPotion"},{"floor":12,"key":"Explosive Potion"},{"floor":14,"key":"Regen Potion"}],"is_trial":false,"path_per_floor":["M","?","M","M","$","E","?","R","T","M","M","E","R","M","R","B",null,"M"],"character_chosen":"DEFECT","items_purchased":["Ball Lightning"],"campfire_rested":2,"item_purchase_floors":[5],"current_hp_per_floor":[63,63,62,62,62,30,23,45,45,44,43,22,22,28,50,38,66,75,0],"gold":283,"neow_bonus":"","is_prod":false,"is_daily":false,"chose_seed":false,"campfire_upgraded":1,"win_rate":0,"timestamp":1535229289,"path_taken":["M","?","M","M","$","E","?","R","T","M","M","E","R","M","R","BOSS","M","?"],"build_version":"2018-08-23v2","purchased_purges":0,"victory":false,"max_hp_per_floor":[75,75,75,75,75,75,75,75,75,75,75,75,75,75,75,75,75,75,75],"card_choices":[{"not_picked":["Gash","Fusion","Hologram"],"picked":"SKIP","floor":1},{"not_picked":["Force Field","Coolheaded"],"picked":"Leap","floor":3},{"not_picked":["Static Discharge","Rebound"],"picked":"Capacitor","floor":4},{"not_picked":["Force Field","Amplify"],"picked":"Coolheaded","floor":6},{"not_picked":["Rebound","Chaos"],"picked":"Ball Lightning","floor":10},{"not_picked":["Cold Snap","Sweeping Beam"],"picked":"Turbo","floor":10},{"not_picked":["Skim","Barrage"],"picked":"White Noise","floor":11},{"not_picked":["Lockon","Chaos"],"picked":"Self Repair","floor":11},{"not_picked":["Reprogram","Amplify"],"picked":"Glacier","floor":12},{"not_picked":["Coolheaded","Leap"],"picked":"Loop","floor":14},{"not_picked":["Leap","Lockon","Hologram"],"picked":"SKIP","floor":14},{"not_picked":["Creative AI","Core Surge"],"picked":"Seek","floor":16},{"not_picked":[],"picked":"Skim","floor":18},{"not_picked":["Cold Snap"],"picked":"SKIP","floor":18}],"player_experience":241511,"relics_obtained":[{"floor":6,"key":"Prayer Wheel"},{"floor":9,"key":"Torii"},{"floor":12,"key":"Happy Flower"}],"event_choices":[{"event_name":"The Cleric","player_choice":"Card Removal","floor":2,"damage_taken":0},{"event_name":"Golden Wing","player_choice":"Card Removal","floor":7,"damage_taken":0},{"event_name":"Colosseum","player_choice":"Fight","floor":19,"damage_taken":0},{"event_name":"Colosseum","player_choice":"Fought Nobs","floor":19,"damage_taken":0}],"is_beta":false,"boss_relics":[{"not_picked":["Runic Pyramid","Sozu"],"picked":"Busted Crown"}],"items_purged_floors":[],"is_endless":false,"potions_floor_spawned":[4,6,12,14,18],"killed_by":"Colosseum Nobs","ascension_level":8}