{"gold_per_floor":[114,114,114,129,23,23,54,54,104,124,124,158,172,203,203,326,326,344,344,364,378,378],"floor_reached":22,"playtime":1747,"items_purged":[],"score":223,"play_id":"640f7936-a9e3-485c-a6a2-7342d1d6a37b","local_time":"20180820160953","is_ascension_mode":true,"campfire_choices":[{"data":"Mind Blast","floor":6,"key":"SMITH"},{"data":"Armaments","floor":8,"key":"SMITH"},{"floor":15,"key":"REST"}],"neow_cost":"NONE","seed_source_timestamp":390761302296326,"circlet_count":0,"master_deck":["Strike_R","Strike_R","Strike_R","Strike_R","Strike_R","Defend_R","Defend_R","Defend_R","Defend_R","Bash","Metallicize","Evolve","Mind Blast+1","Armaments+1","Entrench","Berserk","Armaments","Immolate","Bloodletting","Seeing Red","Impervious","Havoc","Armaments","Burning Pact","Cleave+1","Blood for Blood+1"],"relics":["Burning Blood","Happy Flower","Golden Idol","Pantograph","Dream Catcher","Potion Belt","Orichalcum","Oddly Smooth Stone","Orrery","Spirit Poop"],"potions_floor_usage":[],"damage_taken":[{"damage":8,"enemies":"Jaw Worm","floor":1,"turns":4},{"damage":0,"enemies":"2 Louse","floor":4,"turns":3},{"damage":17,"enemies":"3 Sentries","floor":7,"turns":12},{"damage":0,"enemies":"Cultist","floor":10,"turns":3},{"damage":28,"enemies":"Lagavulin","floor":12,"turns":13},{"damage":21,"enemies":"Exordium Thugs","floor":13,"turns":8},{"damage":18,"enemies":"3 Sentries","floor":14,"turns":9},{"damage":55,"enemies":"Slime Boss","floor":16,"turns":18},{"damage":21,"enemies":"Spheric Guardian","floor":18,"turns":7},{"damage":3,"enemies":"Chosen","floor":20,"turns":6},{"damage":44,"enemies":"Snake Plant","floor":21,"turns":6},{"damage":37,"enemies":"Centurion and Healer","floor":22,"turns":7}],"seed_played":"-1383916187892969488","potions_obtained":[{"floor":1,"key":"FearPotion"},{"floor":4,"key":"GamblersBrew"},{"floor":13,"key":"Dexterity Potion"},{"floor":16,"key":"BloodPotion"},{"floor":18,"key":"AttackPotion"},{"floor":21,"key":"Weak Potion"}],"is_trial":false,"path_per_floor":["M","?","$","M","$","R","E","R","T","M","?","E","M","E","R","B",null,"M","?","M","M"],"character_chosen":"IRONCLAD","items_purchased":["Mind Blast"],"campfire_rested":1,"item_purchase_floors":[5],"current_hp_per_floor":[78,58,58,64,64,64,53,53,53,59,59,37,22,10,34,10,80,65,65,68,30,0],"gold":378,"neow_bonus":"RANDOM_COMMON_RELIC","is_prod":false,"is_daily":false,"chose_seed":false,"campfire_upgraded":2,"win_rate":0,"timestamp":1534795793,"path_taken":["M","?","$","M","?","R","E","R","T","M","?","E","?","E","R","BOSS","M","?","M","M","M"],"build_version":"2018-08-16","purchased_purges":0,"victory":false,"max_hp_per_floor":[80,80,80,80,80,80,80,80,80,80,80,80,80,80,80,80,80,80,80,80,80,80],"card_choices":[{"not_picked":["Pummel","Feel No Pain"],"picked":"Metallicize","floor":1},{"not_picked":["True Grit","Corruption"],"picked":"Evolve","floor":4},{"not_picked":["Anger","Carnage"],"picked":"Armaments","floor":7},{"not_picked":["Intimidate","Power Through"],"picked":"Entrench","floor":10},{"not_picked":["Thunderclap","Shrug It Off"],"picked":"Berserk","floor":12},{"not_picked":["Perfected Strike","Blood for Blood"],"picked":"Armaments","floor":13},{"not_picked":["Headbutt","Dark Embrace","Armaments"],"picked":"SKIP","floor":14},{"not_picked":["Feed","Bludgeon"],"picked":"Immolate","floor":16},{"not_picked":["Dual Wield","Clothesline"],"picked":"Bloodletting","floor":17},{"not_picked":["Pommel Strike","Perfected Strike"],"picked":"Seeing Red","floor":17},{"not_picked":["Infernal Blade","Anger"],"picked":"Impervious","floor":17},{"not_picked":["Uppercut","Cleave"],"picked":"Havoc","floor":17},{"not_picked":["Headbutt","Wild Strike"],"picked":"Armaments","floor":17},{"not_picked":["Headbutt","Perfected Strike+1"],"picked":"Burning Pact","floor":18},{"not_picked":["Body Slam","Rage"],"picked":"Cleave+1","floor":20},{"not_picked":["Second Wind","Clash"],"picked":"Blood for Blood+1","floor":21}],"player_experience":77689,"relics_obtained":[{"floor":7,"key":"Pantograph"},{"floor":9,"key":"Dream Catcher"},{"floor":12,"key":"Orichalcum"},{"floor":14,"key":"Oddly Smooth Stone"}],"event_choices":[{"event_name":"Golden Idol","player_choice":"Take Damage","floor":2,"damage_taken":0},{"event_name":"Big Fish","player_choice":"Box","floor":11,"damage_taken":0},{"event_name":"Bonfire Elementals","player_choice":"CURSE","floor":19,"damage_taken":0}],"is_beta":false,"boss_relics":[{"not_picked":["Runic Dome","Ectoplasm"],"picked":"Orrery"}],"items_purged_floors":[],"is_endless":false,"potions_floor_spawned":[1,4,13,16,18,21],"killed_by":"Centurion and Healer","ascension_level":2}