{"gold_per_floor":[114,124,144,160,160,160,160,193,193,48,48],"floor_reached":11,"playtime":427,"items_purged":[],"score":120,"play_id":"74f6373e-70db-4426-8933-6b63adc50620","local_time":"20180911221923","is_ascension_mode":true,"campfire_choices":[{"data":"Chill","floor":6,"key":"SMITH"}],"neow_cost":"NONE","seed_source_timestamp":2315223301036557,"circlet_count":0,"master_deck":["Strike_B","Strike_B","Strike_B","Strike_B","Defend_B","Defend_B","Defend_B","Defend_B","Zap+1","Dualcast","AscendersBane","Thunder Strike","Hologram+1","Chill+1","Ball Lightning","Streamline","Stack","Defragment","Darkness"],"relics":["Cracked Core","Ancient Tea Set","Boot"],"potions_floor_usage":[],"damage_taken":[{"damage":6,"enemies":"Cultist","floor":1,"turns":4},{"damage":2,"enemies":"Jaw Worm","floor":2,"turns":3},{"damage":3,"enemies":"2 Louse","floor":3,"turns":3},{"damage":14,"enemies":"Blue Slaver","floor":4,"turns":4},{"damage":13,"enemies":"3 Sentries","floor":8,"turns":8},{"damage":15,"enemies":"Exordium Wildlife","floor":11,"turns":1}],"seed_played":"-6706091008864155677","potions_obtained":[{"floor":8,"key":"Energy Potion"}],"is_trial":false,"path_per_floor":["M","M","M","M","?","R","?","E","T","$"],"character_chosen":"DEFECT","items_purchased":["Defragment","Darkness"],"campfire_rested":0,"item_purchase_floors":[10,10],"current_hp_per_floor":[62,60,57,43,43,43,28,15,15,15,0],"gold":48,"neow_bonus":"ONE_RANDOM_RARE_CARD","is_prod":false,"is_daily":false,"chose_seed":false,"campfire_upgraded":1,"win_rate":0,"timestamp":1536718763,"path_taken":["M","?","M","M","?","R","?","E","T","?","M"],"build_version":"2018-09-06","purchased_purges":0,"victory":false,"max_hp_per_floor":[75,75,75,75,75,75,75,75,75,75,75],"card_choices":[{"not_picked":["Compile Driver","Barrage"],"picked":"Hologram","floor":1},{"not_picked":["Fusion","Coolheaded"],"picked":"Chill","floor":2},{"not_picked":["Streamline","Glacier"],"picked":"Ball Lightning","floor":3},{"not_picked":["Hologram","Beam Cell"],"picked":"Streamline","floor":4},{"not_picked":["Fusion","Streamline"],"picked":"Stack","floor":8}],"player_experience":322535,"relics_obtained":[{"floor":8,"key":"Ancient Tea Set"},{"floor":9,"key":"Boot"}],"event_choices":[{"event_name":"Liars Game","player_choice":"disagreed","floor":5,"damage_taken":0},{"event_name":"Shining Light","player_choice":"Entered Light","floor":7,"damage_taken":0}],"is_beta":false,"boss_relics":[],"items_purged_floors":[],"is_endless":false,"potions_floor_spawned":[8],"killed_by":"Exordium Wildlife","ascension_level":13}