{"gold_per_floor":[114,39,39,49,49,49,75,86,86,86,147,147,171,207,207,305,305,319,339,99,24,24,24,51,51,51,80,30,48,74,87,87,164,164,183,213,224,224,239,269,269,285,308,361,372,372],"floor_reached":46,"playtime":3526,"items_purged":["Strike_G","Strike_G"],"score":1353,"play_id":"5f9163ae-616a-4eff-9962-e8062eb9a7d6","local_time":"20190309000625","is_ascension_mode":true,"campfire_choices":[{"data":"Neutralize","floor":6.0,"key":"SMITH"},{"data":"Noxious Fumes","floor":12.0,"key":"SMITH"},{"floor":15.0,"key":"REST"},{"data":"Malaise","floor":23.0,"key":"SMITH"},{"data":"Footwork","floor":25.0,"key":"SMITH"},{"data":"Well Laid Plans","floor":32.0,"key":"SMITH"},{"data":"Predator","floor":41.0,"key":"SMITH"}],"neow_cost":"NONE","seed_source_timestamp":11335471046842,"circlet_count":0,"master_deck":["AscendersBane","Defend_G","Defend_G","Defend_G","Defend_G","Defend_G+1","Strike_G","Survivor+1","Neutralize+1","Deadly Poison","Crippling Poison","Predator","Noxious Fumes+1","Blur","Malaise","Malaise+1","Deflect","Well Laid Plans+1","Backflip","Blur","Footwork+1","Noxious Fumes","Backflip","Bullet Time","Deadly Poison","Predator+1","Backflip","Bane+1"],"special_seed":0,"relics":["Ring of the Snake","NeowsBlessing","FossilizedHelix","Bloody Idol","Centennial Puzzle","Smiling Mask","Omamori","Snecko Eye","Strawberry","PreservedInsect","Dream Catcher","Darkstone Periapt","Black Star","Tiny Chest","Gremlin Horn","Lantern","Oddly Smooth Stone","Du-Vu Doll"],"potions_floor_usage":[44,46],"damage_taken":[{"damage":0.0,"enemies":"2 Louse","floor":1.0,"turns":1.0},{"damage":0.0,"enemies":"Jaw Worm","floor":4.0,"turns":1.0},{"damage":0.0,"enemies":"3 Sentries","floor":7.0,"turns":1.0},{"damage":0.0,"enemies":"Small Slimes","floor":8.0,"turns":3.0},{"damage":14.0,"enemies":"Gremlin Nob","floor":11.0,"turns":4.0},{"damage":24.0,"enemies":"Gremlin Nob","floor":14.0,"turns":5.0},{"damage":20.0,"enemies":"Hexaghost","floor":16.0,"turns":11.0},{"damage":0.0,"enemies":"Chosen","floor":18.0,"turns":7.0},{"damage":0.0,"enemies":"2 Thieves","floor":19.0,"turns":4.0},{"damage":0.0,"enemies":"Book of Stabbing","floor":24.0,"turns":9.0},{"damage":0.0,"enemies":"Gremlin Leader","floor":27.0,"turns":5.0},{"damage":4.0,"enemies":"Snake Plant","floor":29.0,"turns":5.0},{"damage":3.0,"enemies":"Book of Stabbing","floor":30.0,"turns":9.0},{"damage":6.0,"enemies":"Shelled Parasite and Fungi","floor":31.0,"turns":7.0},{"damage":0.0,"enemies":"Champ","floor":33.0,"turns":19.0},{"damage":7.0,"enemies":"Orb Walker","floor":35.0,"turns":6.0},{"damage":10.0,"enemies":"3 Darklings","floor":37.0,"turns":5.0},{"damage":0.0,"enemies":"Writhing Mass","floor":39.0,"turns":7.0},{"damage":0.0,"enemies":"Nemesis","floor":40.0,"turns":9.0},{"damage":0.0,"enemies":"4 Shapes","floor":42.0,"turns":5.0},{"damage":12,"enemies":"2 Orb Walkers","floor":44,"turns":6},{"damage":25,"enemies":"3 Darklings","floor":45,"turns":6},{"damage":52,"enemies":"Reptomancer","floor":46,"turns":3}],"seed_played":"2488193015788556206","potions_obtained":[{"floor":1.0,"key":"Poison Potion"},{"floor":8.0,"key":"Dexterity Potion"},{"floor":16.0,"key":"Weak Potion"},{"floor":40.0,"key":"GamblersBrew"}],"is_trial":false,"path_per_floor":["M","?","?","M","?","R","E","M","T","?","?","R","T","E","R","B",null,"M","M","$","?","?","R","E","R","T","E","$","M","E","M","R","B",null,"M","T","M","?","M","E","R","M","T","?","M","E"],"character_chosen":"THE_SILENT","items_purchased":["Well Laid Plans","Backflip","Blur"],"campfire_rested":1,"item_purchase_floors":[20,20,20],"current_hp_per_floor":[59,59,64,64,43,43,43,43,43,43,29,29,29,5,24,4,49,49,49,49,49,49,49,61,61,61,66,66,67,69,68,68,71,71,69,71,66,66,71,71,71,71,71,64,44,0],"gold":372,"neow_bonus":"THREE_ENEMY_KILL","is_prod":false,"is_daily":false,"chose_seed":false,"campfire_upgraded":6,"win_rate":0,"timestamp":1552107985,"path_taken":["M","?","?","M","?","R","E","?","T","?","?","R","?","E","R","BOSS","M","M","$","?","?","R","E","R","T","E","?","M","E","?","R","BOSS","M","?","?","?","M","E","R","M","T","?","M","E"],"build_version":"2019-01-23","purchased_purges":2,"victory":false,"max_hp_per_floor":[66,66,71,71,71,71,71,71,71,64,64,64,64,64,64,64,64,64,64,64,64,64,64,71,71,71,71,71,71,71,71,71,71,71,71,71,71,71,71,71,71,71,71,71,71,71],"card_choices":[{"not_picked":["Crippling Poison","Outmaneuver"],"picked":"Deadly Poison","floor":1.0},{"not_picked":["Dagger Spray","Blade Dance"],"picked":"Crippling Poison","floor":4.0},{"not_picked":["Flying Knee","Acrobatics"],"picked":"Predator","floor":7.0},{"not_picked":["Flechettes","Flying Knee"],"picked":"Noxious Fumes","floor":8.0},{"not_picked":["Cloak And Dagger","Dodge and Roll"],"picked":"Blur","floor":11.0},{"not_picked":["Noxious Fumes","Footwork"],"picked":"Malaise","floor":14.0},{"not_picked":["After Image","Unload"],"picked":"Malaise","floor":16.0},{"not_picked":["Quick Slash","All Out Attack","Cloak And Dagger"],"picked":"SKIP","floor":18.0},{"not_picked":["Tactician","Dagger Spray"],"picked":"Deflect","floor":19.0},{"not_picked":["Sucker Punch+1","Underhanded Strike"],"picked":"Footwork","floor":24.0},{"not_picked":["Flechettes","Eviscerate","Poisoned Stab"],"picked":"SKIP","floor":27.0},{"not_picked":["Deflect","Deadly Poison","Prepared"],"picked":"SKIP","floor":29.0},{"not_picked":["Doppelganger","Backstab"],"picked":"Noxious Fumes","floor":30.0},{"not_picked":["Sucker Punch","Bane"],"picked":"Backflip","floor":31.0},{"not_picked":["Die Die Die","Phantasmal Killer"],"picked":"Bullet Time","floor":33.0},{"not_picked":["Dagger Spray","Quick Slash"],"picked":"Deadly Poison","floor":35.0},{"not_picked":["Distraction","Blade Dance","Dagger Throw"],"picked":"SKIP","floor":37.0},{"not_picked":["Dash+1","Accuracy","Endless Agony"],"picked":"SKIP","floor":39.0},{"not_picked":["Choke","Dagger Throw"],"picked":"Predator","floor":40.0},{"not_picked":["Flying Knee","Skewer","Sucker Punch+1"],"picked":"SKIP","floor":42.0},{"not_picked":["Dagger Spray+1","Die Die Die"],"picked":"Backflip","floor":44},{"not_picked":["Bouncing Flask","Cloak And Dagger"],"picked":"Bane+1","floor":45}],"player_experience":818963,"relics_obtained":[{"floor":7.0,"key":"FossilizedHelix"},{"floor":11.0,"key":"Centennial Puzzle"},{"floor":13.0,"key":"Smiling Mask"},{"floor":14.0,"key":"Omamori"},{"floor":24.0,"key":"Strawberry"},{"floor":26.0,"key":"PreservedInsect"},{"floor":27.0,"key":"Dream Catcher"},{"floor":30.0,"key":"Darkstone Periapt"},{"floor":36.0,"key":"Tiny Chest"},{"floor":40.0,"key":"Gremlin Horn"},{"floor":40.0,"key":"Lantern"},{"floor":43.0,"key":"Oddly Smooth Stone"},{"floor":44,"key":"Du-Vu Doll"}],"event_choices":[{"cards_removed":["Strike_G"],"damage_healed":0.0,"max_hp_gain":0.0,"max_hp_loss":0.0,"gold_gain":0.0,"event_name":"The Cleric","player_choice":"Card Removal","floor":2.0,"gold_loss":75.0,"damage_taken":0.0},{"damage_healed":0.0,"max_hp_gain":5.0,"max_hp_loss":0.0,"gold_gain":0.0,"event_name":"Big Fish","player_choice":"Donut","floor":3.0,"gold_loss":0.0,"damage_taken":0.0},{"damage_healed":0.0,"max_hp_gain":0.0,"max_hp_loss":0.0,"gold_gain":0.0,"event_name":"Shining Light","player_choice":"Entered Light","floor":5.0,"gold_loss":0.0,"damage_taken":21.0,"cards_upgraded":["Survivor","Defend_G"]},{"damage_healed":0.0,"max_hp_gain":0.0,"max_hp_loss":7.0,"gold_gain":0.0,"event_name":"Golden Idol","player_choice":"Lose Max HP","floor":10.0,"gold_loss":0.0,"damage_taken":0.0,"relics_obtained":["Golden Idol"]},{"damage_healed":0.0,"max_hp_gain":0.0,"max_hp_loss":0.0,"gold_gain":30.0,"event_name":"Dead Adventurer","player_choice":"Searched \u00272\u0027 times","floor":11.0,"gold_loss":0.0,"damage_taken":0.0},{"cards_removed":["Strike_G"],"damage_healed":0.0,"max_hp_gain":0.0,"max_hp_loss":0.0,"gold_gain":0.0,"event_name":"Beggar","player_choice":"Gave Gold","floor":21.0,"gold_loss":75.0,"damage_taken":0.0},{"damage_healed":0.0,"max_hp_gain":0.0,"max_hp_loss":0.0,"gold_gain":0.0,"event_name":"Forgotten Altar","player_choice":"Gave Idol","floor":22.0,"relics_lost":["Golden Idol"],"gold_loss":0.0,"damage_taken":0.0,"relics_obtained":["Bloody Idol"]},{"damage_healed":0.0,"max_hp_gain":0.0,"max_hp_loss":0.0,"gold_gain":0.0,"event_name":"Tomb of Lord Red Mask","player_choice":"Ignored","floor":38.0,"gold_loss":0.0,"damage_taken":0.0},{"damage_healed":0,"gold_gain":0,"player_choice":"Fight","damage_taken":0,"max_hp_gain":0,"max_hp_loss":0,"event_name":"Mysterious Sphere","floor":44,"gold_loss":0}],"is_beta":false,"boss_relics":[{"not_picked":["Calling Bell","Orrery"],"picked":"Snecko Eye"},{"not_picked":["WristBlade","Empty Cage"],"picked":"Black Star"}],"items_purged_floors":[20,28],"is_endless":false,"potions_floor_spawned":[1,8,16,19,24,27,29,39,40,42],"killed_by":"Reptomancer","ascension_level":20}