{"gold_per_floor":[112,127,127,137,137,137,150,183,206,223,250,24,38,55,55,55],"floor_reached":16,"playtime":631,"items_purged":[],"score":120,"play_id":"095090c4-cf82-422c-96e6-8c84586e98f3","local_time":"20190716014612","is_ascension_mode":true,"campfire_choices":[{"data":"Inflame","floor":6,"key":"SMITH"},{"data":"Demon Form","floor":15,"key":"SMITH"}],"neow_cost":"NONE","seed_source_timestamp":398813640825800,"circlet_count":0,"master_deck":["Strike_R","Strike_R","Strike_R","Strike_R","Strike_R","Defend_R","Defend_R","Defend_R","Defend_R","Bash","Whirlwind","Heavy Blade","Cleave","Inflame+1","Flex","Armaments","Flex","Whirlwind","Demon Form+1","Feed"],"relics":["Burning Blood","Centennial Puzzle","Potion Belt","Red Skull","MawBank"],"potions_floor_usage":[11,16,16],"damage_taken":[{"damage":10,"enemies":"Cultist","floor":1,"turns":4},{"damage":15,"enemies":"Small Slimes","floor":2,"turns":4},{"damage":7,"enemies":"Jaw Worm","floor":4,"turns":3},{"damage":15,"enemies":"Exordium Wildlife","floor":7,"turns":3},{"damage":16,"enemies":"Gremlin Nob","floor":8,"turns":3},{"damage":0,"enemies":"3 Louse","floor":10,"turns":1},{"damage":12,"enemies":"3 Sentries","floor":11,"turns":6},{"damage":7,"enemies":"Gremlin Gang","floor":13,"turns":2},{"damage":0,"enemies":"2 Fungi Beasts","floor":14,"turns":1},{"damage":54,"enemies":"The Guardian","floor":16,"turns":8}],"seed_played":"8448971001623656829","potions_obtained":[{"floor":8,"key":"AttackPotion"},{"floor":10,"key":"FearPotion"},{"floor":13,"key":"Strength Potion"}],"is_trial":false,"path_per_floor":["M","M","?","M","?","R","M","E","T","M","E","$","M","M","R","B"],"character_chosen":"IRONCLAD","items_purchased":["Demon Form","Feed"],"campfire_rested":0,"item_purchase_floors":[12,12],"current_hp_per_floor":[76,67,67,66,66,66,57,47,47,53,47,47,46,52,52,0],"gold":55,"neow_bonus":"THREE_CARDS","is_prod":false,"is_daily":false,"chose_seed":false,"campfire_upgraded":2,"win_rate":0,"timestamp":1563255972,"path_taken":["M","M","?","M","?","R","M","E","T","M","E","?","?","M","R","BOSS"],"build_version":"2019-07-05","purchased_purges":0,"victory":false,"max_hp_per_floor":[80,80,80,80,80,80,80,80,80,80,80,80,80,80,80,80],"card_choices":[{"not_picked":["Hemokinesis","Dropkick"],"picked":"Whirlwind","floor":0},{"not_picked":["Havoc","Wild Strike"],"picked":"Heavy Blade","floor":1},{"not_picked":["Sword Boomerang","Reckless Charge"],"picked":"Cleave","floor":2},{"not_picked":["Headbutt","Cleave"],"picked":"Inflame","floor":4},{"not_picked":["Dropkick","Havoc"],"picked":"Flex","floor":7},{"not_picked":["Infernal Blade","Rupture"],"picked":"Armaments","floor":8},{"not_picked":["Twin Strike","Iron Wave"],"picked":"Flex","floor":10},{"not_picked":["Armaments","Fire Breathing"],"picked":"Whirlwind","floor":11},{"not_picked":["Rupture","Shrug It Off","Havoc"],"picked":"SKIP","floor":13},{"not_picked":["Sever Soul","Reckless Charge","Headbutt"],"picked":"SKIP","floor":14}],"player_experience":229711,"relics_obtained":[{"floor":8,"key":"Potion Belt"},{"floor":9,"key":"Red Skull"},{"floor":11,"key":"MawBank"}],"event_choices":[{"damage_healed":0,"gold_gain":0,"player_choice":"Box","damage_taken":0,"relics_obtained":["Centennial Puzzle"],"max_hp_gain":0,"max_hp_loss":0,"event_name":"Big Fish","floor":3,"gold_loss":0,"cards_obtained":["Regret"]},{"cards_removed":["Regret"],"damage_healed":0,"gold_gain":0,"player_choice":"Forget","damage_taken":0,"max_hp_gain":0,"max_hp_loss":0,"event_name":"Living Wall","floor":5,"gold_loss":0}],"is_beta":false,"boss_relics":[],"items_purged_floors":[],"is_endless":false,"potions_floor_spawned":[8,10,13],"killed_by":"The Guardian","ascension_level":1}