{"gold_per_floor":[217,235,248,264,5,5,38,38,108,143,170,182,194,221,233,319,331,363,393,504,535,547,559,599,611,646,49,49,67,82,100,100,174,174,185,198,217,16,35,35,45,45,45,45,59,59,59,73,73,73],"floor_reached":50,"playtime":3318,"items_purged":["Clumsy"],"score":855,"play_id":"6c4b756f-48be-4a5d-bbd2-c7410816cc27","local_time":"20180915010611","is_ascension_mode":true,"campfire_choices":[{"data":"Clothesline","floor":6,"key":"SMITH"},{"data":"Armaments","floor":8,"key":"SMITH"},{"data":"True Grit","floor":12,"key":"SMITH"},{"data":"Whirlwind","floor":15,"key":"SMITH"},{"data":"Demon Form","floor":23,"key":"SMITH"},{"floor":32,"key":"REST"},{"data":"True Grit","floor":40,"key":"SMITH"},{"data":"Metallicize","floor":42,"key":"SMITH"},{"data":"Writhe","floor":44,"key":"PURGE"},{"floor":49,"key":"REST"}],"neow_cost":"NONE","seed_source_timestamp":169368430681872,"circlet_count":0,"master_deck":["Strike_R","Strike_R+1","Strike_R","Strike_R","Strike_R","Defend_R","Defend_R","Defend_R","Defend_R","Bash","AscendersBane","Armaments+1","Iron Wave+1","Shrug It Off","Clothesline+1","Whirlwind+1","True Grit+1","Disarm+1","Demon Form+1","Feel No Pain","Metallicize+1","Body Slam+1","True Grit+1","Evolve","Heavy Blade","True Grit+1","Impervious","Ghostly Armor","Shockwave+1","Purity","Iron Wave+1"],"relics":["Burning Blood","Matryoshka","Gambling Chip","Blue Candle","Whetstone","MawBank","Cursed Key","Bottled Tornado","MutagenicStrength","Happy Flower","The Courier","DollysMirror","Bag of Preparation","Gremlin Horn","Peace Pipe","Sozu","Meat on the Bone","Charon\u0027s Ashes"],"potions_floor_usage":[16,21,30,30,33],"damage_taken":[{"damage":3,"enemies":"2 Louse","floor":1,"turns":2},{"damage":1,"enemies":"Cultist","floor":2,"turns":4},{"damage":9,"enemies":"Small Slimes","floor":3,"turns":4},{"damage":2,"enemies":"Exordium Wildlife","floor":4,"turns":4},{"damage":25,"enemies":"Gremlin Nob","floor":7,"turns":5},{"damage":19,"enemies":"3 Sentries","floor":10,"turns":6},{"damage":9,"enemies":"Large Slime","floor":11,"turns":5},{"damage":2,"enemies":"3 Louse","floor":14,"turns":4},{"damage":62,"enemies":"Slime Boss","floor":16,"turns":16},{"damage":1,"enemies":"Chosen","floor":18,"turns":6},{"damage":17,"enemies":"2 Thieves","floor":19,"turns":5},{"damage":14,"enemies":"Chosen and Byrds","floor":21,"turns":7},{"damage":10,"enemies":"Book of Stabbing","floor":24,"turns":7},{"damage":32,"enemies":"Centurion and Healer","floor":29,"turns":4},{"damage":9,"enemies":"Shelled Parasite and Fungi","floor":30,"turns":5},{"damage":12,"enemies":"Snake Plant","floor":31,"turns":4},{"damage":31,"enemies":"Collector","floor":33,"turns":9},{"damage":9,"enemies":"3 Shapes","floor":35,"turns":4},{"damage":6,"enemies":"3 Darklings","floor":36,"turns":3},{"damage":31,"enemies":"Transient","floor":37,"turns":5},{"damage":15,"enemies":"Reptomancer","floor":39,"turns":4},{"damage":5,"enemies":"Sphere and 2 Shapes","floor":41,"turns":6},{"damage":5,"enemies":"4 Shapes","floor":45,"turns":2},{"damage":0,"enemies":"Mind Bloom Boss Battle","floor":47,"turns":6},{"damage":11,"enemies":"Spire Growth","floor":48,"turns":5},{"damage":82,"enemies":"Donu and Deca","floor":50,"turns":8}],"seed_played":"4830072261116924295","potions_obtained":[{"floor":1,"key":"Regen Potion"},{"floor":7,"key":"GamblersBrew"},{"floor":24,"key":"SteroidPotion"},{"floor":29,"key":"Regen Potion"},{"floor":30,"key":"LiquidBronze"}],"is_trial":false,"path_per_floor":["M","M","M","M","$","R","E","R","T","E","M","R","?","M","R","B",null,"M","M","?","M","$","R","E","?","T","$","?","M","M","M","R","B",null,"M","M","M","$","M","R","M","R","T","R","M","?","?","M","R"],"character_chosen":"IRONCLAD","items_purchased":["Matryoshka","DollysMirror","Bag of Preparation","Gremlin Horn","Fire Potion","Meat on the Bone"],"campfire_rested":2,"item_purchase_floors":[5,27,27,27,27,38],"current_hp_per_floor":[75,80,77,80,80,80,61,61,61,48,45,45,45,49,49,8,62,67,56,56,48,48,48,44,44,44,44,44,18,24,18,42,17,64,61,61,36,36,39,39,52,52,52,52,53,53,59,54,78,0],"gold":73,"neow_bonus":"HUNDRED_GOLD","is_prod":false,"is_daily":false,"chose_seed":false,"campfire_upgraded":7,"win_rate":0,"timestamp":1536987971,"path_taken":["M","M","M","M","$","R","E","R","T","E","M","R","?","M","R","BOSS","M","M","?","?","?","R","E","?","T","$","?","M","M","?","R","BOSS","M","M","M","$","?","R","?","R","T","R","?","?","?","M","R","BOSS"],"build_version":"2018-09-06","purchased_purges":1,"victory":false,"max_hp_per_floor":[80,80,80,80,80,80,80,80,80,80,80,80,80,80,80,80,80,80,80,80,80,80,80,80,80,80,80,80,80,80,80,80,80,80,80,80,80,80,80,80,80,80,80,80,80,80,80,80,80,80],"card_choices":[{"not_picked":["Havoc","Rampage"],"picked":"Armaments","floor":1},{"not_picked":["Armaments","Heavy Blade"],"picked":"Iron Wave","floor":2},{"not_picked":["Sword Boomerang","Cleave"],"picked":"Shrug It Off","floor":3},{"not_picked":["Twin Strike","Thunderclap"],"picked":"Clothesline","floor":4},{"not_picked":["Power Through","Armaments"],"picked":"Whirlwind","floor":7},{"not_picked":["Evolve","Feed"],"picked":"True Grit","floor":10},{"not_picked":["Pommel Strike","Sword Boomerang"],"picked":"Disarm","floor":11},{"not_picked":["Wild Strike","Twin Strike","Clothesline"],"picked":"SKIP","floor":14},{"not_picked":["Immolate","Fiend Fire"],"picked":"Demon Form","floor":16},{"not_picked":["Cleave","Flex"],"picked":"Feel No Pain","floor":18},{"not_picked":["Pommel Strike","Rampage"],"picked":"Metallicize","floor":19},{"not_picked":["Warcry","Wild Strike","Twin Strike"],"picked":"SKIP","floor":21},{"not_picked":["Ghostly Armor","Havoc"],"picked":"Body Slam+1","floor":24},{"not_picked":["Headbutt","Spot Weakness"],"picked":"Evolve","floor":29},{"not_picked":["Entrench","Rage+1"],"picked":"Heavy Blade","floor":30},{"not_picked":["Clash","Clothesline"],"picked":"True Grit","floor":31},{"not_picked":["Immolate","Bludgeon"],"picked":"Impervious","floor":33},{"not_picked":["Clash+1","Rampage","Body Slam+1"],"picked":"SKIP","floor":35},{"not_picked":["Sever Soul","Pummel","Body Slam+1"],"picked":"SKIP","floor":36},{"not_picked":["Perfected Strike","Hemokinesis","Pommel Strike"],"picked":"SKIP","floor":37},{"not_picked":["Metallicize","Shockwave"],"picked":"Ghostly Armor","floor":39},{"not_picked":["Feel No Pain","Body Slam","Clash"],"picked":"SKIP","floor":41},{"not_picked":["Entrench","Reckless Charge"],"picked":"Shockwave+1","floor":45},{"not_picked":["Trip","Jack Of All Trades"],"picked":"Purity","floor":46},{"not_picked":["Hemokinesis+1","Rampage"],"picked":"Iron Wave+1","floor":48}],"player_experience":372944,"relics_obtained":[{"floor":7,"key":"Gambling Chip"},{"floor":9,"key":"Blue Candle"},{"floor":9,"key":"Whetstone"},{"floor":10,"key":"MawBank"},{"floor":24,"key":"Bottled Tornado"},{"floor":26,"key":"Happy Flower"},{"floor":26,"key":"The Courier"},{"floor":47,"key":"Charon\u0027s Ashes"}],"event_choices":[{"event_name":"Upgrade Shrine","player_choice":"Upgraded","floor":13,"damage_taken":0},{"event_name":"Nest","player_choice":"Stole From Cult","floor":20,"damage_taken":0},{"event_name":"Drug Dealer","player_choice":"Inject Mutagens","floor":25,"damage_taken":0},{"event_name":"The Mausoleum","player_choice":"Yes","floor":28,"damage_taken":0},{"event_name":"SensoryStone","player_choice":"Memory 1","floor":46,"damage_taken":0},{"event_name":"MindBloom","player_choice":"Fight","floor":47,"damage_taken":0}],"is_beta":false,"boss_relics":[{"not_picked":["Empty Cage","Tiny House"],"picked":"Cursed Key"},{"not_picked":["Runic Pyramid","Runic Cube"],"picked":"Sozu"}],"items_purged_floors":[27],"is_endless":false,"potions_floor_spawned":[1,7,14,24,29,30,36,37,48],"killed_by":"Donu and Deca","ascension_level":13}