{"gold_per_floor":[14,14,14,31,48,48,75,88,88,113,168,168,178,188,188,262,262,262],"floor_reached":18,"playtime":1116,"items_purged":[],"score":394,"play_id":"533b7b56-0127-4b96-83ac-30a8e15beadd","local_time":"20190513215443","is_ascension_mode":true,"campfire_choices":[{"data":"Fiend Fire","floor":6.0,"key":"SMITH"},{"data":"Uppercut","floor":12,"key":"SMITH"},{"data":"Armaments","floor":15,"key":"SMITH"}],"neow_cost":"NO_GOLD","seed_source_timestamp":851544343540933,"circlet_count":0,"master_deck":["AscendersBane","Strike_R","Strike_R","Strike_R","Defend_R","Defend_R","Defend_R","Defend_R","Bash","Fiend Fire+1","Rampage","Brutality","Dark Embrace","Anger","Armaments+1","Headbutt","Inflame","Uppercut+1","Corruption","Reaper","Fiend Fire"],"special_seed":0,"relics":["Burning Blood","Shovel","Blue Candle","Ice Cream","Philosopher\u0027s Stone"],"potions_floor_usage":[11,16],"damage_taken":[{"damage":4.0,"enemies":"Jaw Worm","floor":1.0,"turns":4.0},{"damage":0.0,"enemies":"Cultist","floor":4.0,"turns":2.0},{"damage":15.0,"enemies":"2 Louse","floor":5.0,"turns":6.0},{"damage":0.0,"enemies":"Lagavulin","floor":7.0,"turns":3.0},{"damage":3.0,"enemies":"Large Slime","floor":8.0,"turns":4.0},{"damage":24.0,"enemies":"3 Sentries","floor":10.0,"turns":10.0},{"damage":1,"enemies":"Gremlin Nob","floor":11,"turns":2},{"damage":9,"enemies":"Blue Slaver","floor":13,"turns":4},{"damage":7,"enemies":"Gremlin Gang","floor":14,"turns":6},{"damage":54,"enemies":"Hexaghost","floor":16,"turns":9},{"damage":67,"enemies":"3 Byrds","floor":18,"turns":4}],"seed_played":"-303820607229889380","potions_obtained":[{"floor":4.0,"key":"Dexterity Potion"},{"floor":10.0,"key":"FearPotion"},{"floor":11,"key":"GamblersBrew"},{"floor":13,"key":"Poison Potion"}],"is_trial":false,"path_per_floor":["M","?","?","M","M","R","E","M","T","E","?","R","M","M","R","B",null,"M"],"character_chosen":"IRONCLAD","items_purchased":[],"campfire_rested":0,"item_purchase_floors":[],"current_hp_per_floor":[70,63,63,69,60,60,66,69,69,51,56,56,53,52,52,13,60,0],"gold":262,"neow_bonus":"THREE_RARE_CARDS","is_prod":false,"is_daily":false,"chose_seed":false,"campfire_upgraded":3,"win_rate":0,"timestamp":1557798883,"path_taken":["M","?","?","M","?","R","E","M","T","E","?","R","M","M","R","BOSS","M"],"build_version":"2019-01-23","purchased_purges":0,"victory":false,"max_hp_per_floor":[75,75,75,75,75,75,75,75,75,75,75,75,75,75,75,75,75,75],"card_choices":[{"not_picked":["Barricade","Impervious"],"picked":"Fiend Fire","floor":0.0},{"not_picked":["Armaments","Clothesline"],"picked":"Rampage","floor":1.0},{"not_picked":["Body Slam","Infernal Blade"],"picked":"Dark Embrace","floor":4.0},{"not_picked":["Sentinel","Havoc"],"picked":"Anger","floor":5.0},{"not_picked":["Body Slam","Sword Boomerang"],"picked":"Armaments","floor":7.0},{"not_picked":["Shockwave","Thunderclap"],"picked":"Headbutt","floor":8.0},{"not_picked":["True Grit","Warcry"],"picked":"Inflame","floor":10.0},{"not_picked":["Bloodletting","Intimidate"],"picked":"Uppercut","floor":11},{"not_picked":["Wild Strike","Fire Breathing"],"picked":"Corruption","floor":13},{"not_picked":["Heavy Blade","Flame Barrier"],"picked":"Reaper","floor":14},{"not_picked":["Double Tap","Dark Embrace"],"picked":"Fiend Fire","floor":16}],"player_experience":1332727,"relics_obtained":[{"floor":7.0,"key":"Shovel"},{"floor":10.0,"key":"Blue Candle"},{"floor":11,"key":"Ice Cream"}],"event_choices":[{"cards_removed":["Strike_R"],"damage_healed":0.0,"max_hp_gain":0.0,"max_hp_loss":0.0,"gold_gain":0.0,"event_name":"Golden Wing","player_choice":"Card Removal","floor":2.0,"gold_loss":0.0,"damage_taken":7.0},{"damage_healed":0.0,"max_hp_gain":0.0,"max_hp_loss":0.0,"gold_gain":0.0,"cards_transformed":["Strike_R"],"event_name":"Transmorgrifier","player_choice":"Transformed","floor":3.0,"gold_loss":0.0,"damage_taken":0.0,"cards_obtained":["Brutality"]},{"damage_healed":0,"gold_gain":0,"player_choice":"Searched \u00271\u0027 times","damage_taken":0,"max_hp_gain":0,"max_hp_loss":0,"event_name":"Dead Adventurer","floor":11,"gold_loss":0}],"is_beta":false,"boss_relics":[{"not_picked":["Black Star","Calling Bell"],"picked":"Philosopher\u0027s Stone"}],"items_purged_floors":[],"is_endless":false,"potions_floor_spawned":[4,10,11,13,14],"killed_by":"3 Byrds","ascension_level":20}