{"gold_per_floor":[110,260,159,172,172,172,204,204,204,222,236,248,279,293,293,370,370,382,400,325,325,343,343,243,243,269,300,320,320],"floor_reached":29,"playtime":1443,"items_purged":["Doubt","Accuracy"],"score":560,"play_id":"0fbaa303-6ccb-40b6-b873-e7c99001a093","local_time":"20190526010936","is_ascension_mode":true,"campfire_choices":[{"data":"Deadly Poison","floor":6,"key":"SMITH"},{"data":"Footwork","floor":8,"key":"SMITH"},{"data":"Neutralize","floor":15,"key":"SMITH"},{"data":"Malaise","floor":23,"key":"SMITH"},{"data":"Noxious Fumes","floor":25,"key":"SMITH"}],"neow_cost":"NONE","seed_source_timestamp":884199164791335,"circlet_count":0,"master_deck":["AscendersBane","Defend_G","Defend_G","Defend_G","Defend_G","Defend_G","Strike_G","Strike_G","Strike_G","Survivor","Neutralize+1","Deadly Poison+1","Dagger Throw","Bane","Calculated Gamble","Footwork+1","Backflip","After Image","Corpse Explosion","PiercingWail","Malaise+1","PiercingWail","Bouncing Flask","Noxious Fumes+1","Dodge and Roll","Masterful Stab","Prepared+1"],"relics":["Ring of the Snake","NeowsBlessing","Paper Crane","Incense Burner","Mercury Hourglass","Orrery","Potion Belt","Smiling Mask"],"potions_floor_usage":[13,27,29],"damage_taken":[{"damage":0,"enemies":"Small Slimes","floor":1,"turns":1},{"damage":0,"enemies":"Jaw Worm","floor":4,"turns":1},{"damage":0,"enemies":"Gremlin Nob","floor":7,"turns":1},{"damage":0,"enemies":"Cultist","floor":10,"turns":3},{"damage":0,"enemies":"Looter","floor":11,"turns":5},{"damage":0,"enemies":"Large Slime","floor":12,"turns":7},{"damage":13,"enemies":"Lagavulin","floor":13,"turns":6},{"damage":5,"enemies":"Exordium Thugs","floor":14,"turns":5},{"damage":17,"enemies":"Hexaghost","floor":16,"turns":10},{"damage":6,"enemies":"3 Byrds","floor":18,"turns":3},{"damage":3,"enemies":"Spheric Guardian","floor":19,"turns":7},{"damage":16,"enemies":"Centurion and Healer","floor":22,"turns":11},{"damage":7,"enemies":"Slavers","floor":27,"turns":4},{"damage":10,"enemies":"Snake Plant","floor":28,"turns":6},{"damage":19,"enemies":"Shelled Parasite and Fungi","floor":29,"turns":4}],"seed_played":"1142367663112558371","potions_obtained":[{"floor":1,"key":"Strength Potion"},{"floor":4,"key":"AttackPotion"},{"floor":16,"key":"AttackPotion"},{"floor":27,"key":"Dexterity Potion"}],"is_trial":false,"path_per_floor":["M","?","$","M","?","R","E","R","T","M","M","M","E","M","R","B",null,"M","M","?","?","M","R","$","R","T","E","M","M"],"character_chosen":"THE_SILENT","items_purchased":["Dagger Throw"],"campfire_rested":0,"item_purchase_floors":[3],"current_hp_per_floor":[59,59,59,59,59,59,59,59,59,59,59,59,46,41,41,24,56,50,47,47,47,31,31,31,31,31,24,14,0],"gold":320,"neow_bonus":"THREE_ENEMY_KILL","is_prod":false,"is_daily":false,"chose_seed":false,"campfire_upgraded":5,"win_rate":0,"timestamp":1558847376,"path_taken":["M","?","$","M","?","R","E","R","T","M","M","?","E","M","R","BOSS","M","M","?","?","?","R","$","R","T","E","?","M"],"build_version":"2019-01-23","purchased_purges":2,"victory":false,"max_hp_per_floor":[66,66,66,66,66,66,66,66,66,66,66,66,66,66,66,66,66,66,66,66,66,66,66,66,66,66,66,66,66],"card_choices":[{"not_picked":["Flying Knee","Dodge and Roll"],"picked":"Deadly Poison","floor":1},{"not_picked":["Cloak And Dagger","Sucker Punch"],"picked":"Bane","floor":4},{"not_picked":["Dagger Throw","Deflect"],"picked":"Footwork","floor":7},{"not_picked":["Dagger Throw","Blade Dance","Reflex"],"picked":"SKIP","floor":10},{"not_picked":["Sucker Punch","Backstab"],"picked":"Backflip","floor":11},{"not_picked":["Outmaneuver","Prepared"],"picked":"After Image","floor":12},{"not_picked":["Flying Knee","Outmaneuver"],"picked":"Corpse Explosion","floor":13},{"not_picked":["All Out Attack","Backstab"],"picked":"PiercingWail","floor":14},{"not_picked":["Grand Finale","Burst"],"picked":"Malaise","floor":16},{"not_picked":["Blur","Deflect"],"picked":"PiercingWail","floor":17},{"not_picked":["Poisoned Stab","Dagger Throw"],"picked":"Bouncing Flask","floor":17},{"not_picked":["Dagger Throw","Slice"],"picked":"Noxious Fumes","floor":17},{"not_picked":["Outmaneuver","Deadly Poison"],"picked":"Dodge and Roll","floor":17},{"not_picked":["Acrobatics","Sucker Punch","Bouncing Flask"],"picked":"SKIP","floor":18},{"not_picked":["Acrobatics+1","Bullet Time"],"picked":"Masterful Stab","floor":19},{"not_picked":["Poisoned Stab","Deadly Poison","Outmaneuver"],"picked":"SKIP","floor":22},{"not_picked":["Bane","Setup","Concentrate"],"picked":"SKIP","floor":27},{"not_picked":["Endless Agony","Deadly Poison"],"picked":"Prepared+1","floor":28}],"player_experience":1416225,"relics_obtained":[{"floor":7,"key":"Paper Crane"},{"floor":9,"key":"Incense Burner"},{"floor":13,"key":"Mercury Hourglass"},{"floor":26,"key":"Potion Belt"},{"floor":27,"key":"Smiling Mask"}],"event_choices":[{"damage_healed":0,"gold_gain":150,"player_choice":"AGREE","damage_taken":0,"max_hp_gain":0,"max_hp_loss":0,"event_name":"Liars Game","floor":2,"gold_loss":0,"cards_obtained":["Doubt"]},{"damage_healed":0,"gold_gain":0,"cards_transformed":["Strike_G"],"player_choice":"Transformed","damage_taken":0,"max_hp_gain":0,"max_hp_loss":0,"event_name":"Transmorgrifier","floor":5,"gold_loss":0,"cards_obtained":["Calculated Gamble"]},{"cards_removed":["Strike_G"],"damage_healed":0,"gold_gain":0,"player_choice":"Gave Gold","damage_taken":0,"max_hp_gain":0,"max_hp_loss":0,"event_name":"Beggar","floor":20,"gold_loss":75},{"damage_healed":0,"gold_gain":0,"player_choice":"1 cards matched","damage_taken":0,"max_hp_gain":0,"max_hp_loss":0,"event_name":"Match and Keep!","floor":21,"gold_loss":0,"cards_obtained":["Accuracy"]}],"is_beta":false,"boss_relics":[{"not_picked":["Tiny House","Eternal Feather"],"picked":"Orrery"}],"items_purged_floors":[3,24],"is_endless":false,"potions_floor_spawned":[1,4,7,16,19,27],"killed_by":"Shelled Parasite and Fungi","ascension_level":20}