{"gold_per_floor":[111,111,61,76,89,89,118,135,135,135,169,169,183,183,183,282,282,302,312,402,415,432,432,463,479,503,503,195,195,195,208,208,312,312,322,372,78,144,154,154,223,223,248,264,264,414,414,426,426,426],"floor_reached":51,"playtime":4892,"items_purged":["Strike_B","Glacier"],"score":975,"play_id":"ab6e517f-860d-488b-8996-8a35f0e315d7","local_time":"20180825160711","is_ascension_mode":true,"campfire_choices":[{"data":"Zap","floor":6,"key":"SMITH"},{"floor":10,"key":"REST"},{"data":"Redo","floor":12,"key":"SMITH"},{"floor":15,"key":"REST"},{"data":"Recycle","floor":23,"key":"SMITH"},{"data":"Dualcast","floor":27,"key":"SMITH"},{"floor":29,"key":"REST"},{"data":"Redo","floor":32,"key":"SMITH"},{"data":"Defragment","floor":40,"key":"SMITH"},{"data":"Redo","floor":42,"key":"SMITH"},{"data":"Seek","floor":45,"key":"SMITH"},{"data":"Seek","floor":47,"key":"SMITH"},{"data":"Echo Form","floor":49,"key":"SMITH"}],"neow_cost":"TEN_PERCENT_HP_LOSS","seed_source_timestamp":819447447668202,"circlet_count":0,"master_deck":["Strike_B+1","Strike_B+1","Defend_B","Defend_B","Defend_B","Zap+1","Dualcast+1","Machine Learning","Blind","Recycle+1","Beam Cell","Self Repair","Redo+1","Steam","BootSequence","Echo Form+1","Gash","Dramatic Entrance","Redo+1","White Noise+1","Redo+1","Seek+1","Defragment+1","Bandage Up","Redo+1","Seek+1","Gash","Recycle+1","Go for the Eyes+1","Self Repair+1","Gash+1","Redo+1"],"relics":["FrozenCore","Unceasing Top","Vajra","Ancient Tea Set","Ornamental Fan","Orichalcum","Dream Catcher","SsserpentHead","Empty Cage","Lantern","Omamori"],"potions_floor_usage":[19,31,31,41,50,50],"damage_taken":[{"damage":3,"enemies":"Jaw Worm","floor":1,"turns":4},{"damage":3,"enemies":"Cultist","floor":4,"turns":4},{"damage":3,"enemies":"2 Louse","floor":5,"turns":2},{"damage":24,"enemies":"3 Sentries","floor":7,"turns":9},{"damage":25,"enemies":"Large Slime","floor":8,"turns":6},{"damage":12,"enemies":"Gremlin Nob","floor":11,"turns":4},{"damage":0,"enemies":"3 Louse","floor":13,"turns":2},{"damage":17,"enemies":"The Guardian","floor":16,"turns":14},{"damage":1,"enemies":"Shell Parasite","floor":18,"turns":7},{"damage":4,"enemies":"Chosen","floor":19,"turns":7},{"damage":17,"enemies":"Snake Plant","floor":21,"turns":7},{"damage":10,"enemies":"Snecko","floor":22,"turns":9},{"damage":29,"enemies":"Gremlin Leader","floor":24,"turns":12},{"damage":7,"enemies":"Cultist and Chosen","floor":25,"turns":10},{"damage":2,"enemies":"Chosen and Byrds","floor":31,"turns":7},{"damage":0,"enemies":"Champ","floor":33,"turns":12},{"damage":0,"enemies":"3 Shapes","floor":35,"turns":5},{"damage":0,"enemies":"Flame Bruiser 1 Orb","floor":38,"turns":7},{"damage":6,"enemies":"Spire Growth","floor":39,"turns":4},{"damage":1,"enemies":"Flame Bruiser 2 Orb","floor":41,"turns":6},{"damage":0,"enemies":"Transient","floor":44,"turns":5},{"damage":0,"enemies":"3 Darklings","floor":48,"turns":4},{"damage":5,"enemies":"Donu and Deca","floor":50,"turns":6}],"seed_played":"5468742470300668811","potions_obtained":[{"floor":4,"key":"Dexterity Potion"},{"floor":7,"key":"SkillPotion"},{"floor":11,"key":"AttackPotion"},{"floor":16,"key":"SpeedPotion"},{"floor":19,"key":"Swift Potion"},{"floor":24,"key":"Block Potion"},{"floor":39,"key":"Ancient Potion"},{"floor":41,"key":"Fruit Juice"}],"is_trial":false,"path_per_floor":["M","?","?","M","M","R","E","M","T","R","E","R","M","?","R","B",null,"M","M","?","M","M","R","E","M","T","R","$","R","?","M","R","B",null,"M","?","$","M","M","R","M","R","T","M","R","?","R","M","R","B"],"character_chosen":"DEFECT","items_purchased":["Defragment","Turbo","Bandage Up","Gash","Lantern"],"campfire_rested":3,"item_purchase_floors":[28,28,28,37,37],"current_hp_per_floor":[65,65,65,62,59,59,35,17,17,37,25,25,32,18,38,28,58,68,68,50,47,44,44,22,22,22,22,22,42,42,51,51,62,67,67,67,67,68,68,68,73,73,73,73,73,73,73,73,73,73],"gold":426,"neow_bonus":"ONE_RARE_RELIC","is_prod":false,"is_daily":false,"chose_seed":false,"campfire_upgraded":10,"win_rate":0,"timestamp":1535227631,"path_taken":["M","?","?","M","M","R","E","?","T","R","E","R","M","?","R","BOSS","M","?","?","M","M","R","E","M","T","R","$","R","?","M","R","BOSS","M","?","$","?","M","R","?","R","T","M","R","?","R","M","R","BOSS"],"build_version":"2018-08-23v2","purchased_purges":2,"victory":true,"max_hp_per_floor":[68,68,68,68,68,68,68,68,68,68,68,68,68,68,68,68,68,68,68,68,68,68,68,68,68,68,68,68,68,68,68,68,68,68,68,68,68,68,68,68,73,73,73,73,73,73,73,73,73,73],"card_choices":[{"not_picked":["Stack","Conserve Battery"],"picked":"Glacier","floor":1},{"not_picked":["Compile Driver","Chaos"],"picked":"Recycle","floor":4},{"not_picked":["Reinforced Body","Melter"],"picked":"Beam Cell","floor":5},{"not_picked":["Static Discharge","Consume"],"picked":"Self Repair","floor":7},{"not_picked":["Sweeping Beam","Beam Cell"],"picked":"Redo","floor":8},{"not_picked":["Capacitor","Ball Lightning"],"picked":"Steam","floor":11},{"not_picked":["Barrage","Scrape"],"picked":"BootSequence","floor":13},{"not_picked":["Biased Cognition","Meteor Strike"],"picked":"Echo Form","floor":16},{"not_picked":["Cold Snap","Blizzard+1"],"picked":"Gash","floor":18},{"not_picked":["Fusion","Self Repair","Sweeping Beam"],"picked":"SKIP","floor":19},{"not_picked":["Compile Driver+1","BootSequence"],"picked":"Redo","floor":21},{"not_picked":["Rebound+1","Force Field"],"picked":"White Noise+1","floor":22},{"not_picked":["Self Repair","Rebound"],"picked":"Redo","floor":24},{"not_picked":["Static Discharge","Skim"],"picked":"Seek","floor":25},{"not_picked":["Beam Cell","Cold Snap"],"picked":"Redo+1","floor":31},{"not_picked":["All For One","Hyperbeam"],"picked":"Seek","floor":33},{"not_picked":["Reinforced Body","Sweeping Beam+1","Scrape+1"],"picked":"SKIP","floor":35},{"not_picked":["Steam","FTL+1"],"picked":"Recycle+1","floor":38},{"not_picked":["Steam+1","Reprogram+1"],"picked":"Go for the Eyes+1","floor":39},{"not_picked":["Turbo","Stack+1"],"picked":"Self Repair+1","floor":41},{"not_picked":["Skim+1","Defragment"],"picked":"Gash+1","floor":44},{"not_picked":["Ball Lightning+1","Loop"],"picked":"Redo+1","floor":48}],"player_experience":236164,"relics_obtained":[{"floor":7,"key":"Vajra"},{"floor":9,"key":"Ancient Tea Set"},{"floor":11,"key":"Ornamental Fan"},{"floor":24,"key":"Orichalcum"},{"floor":26,"key":"Dream Catcher"},{"floor":43,"key":"Omamori"}],"event_choices":[{"event_name":"Match and Keep!","player_choice":"2 cards matched","floor":2,"damage_taken":0},{"event_name":"The Cleric","player_choice":"Card Removal","floor":3,"damage_taken":0},{"event_name":"Shining Light","player_choice":"Entered Light","floor":14,"damage_taken":0},{"event_name":"Knowing Skull","player_choice":"CARD GOLD ","floor":20,"damage_taken":0},{"event_name":"FaceTrader","player_choice":"Trade","floor":30,"damage_taken":0},{"event_name":"Tomb of Lord Red Mask","player_choice":"Ignored","floor":36,"damage_taken":0},{"event_name":"Golden Shrine","player_choice":"Pray","floor":46,"damage_taken":0}],"is_beta":false,"boss_relics":[{"not_picked":["Eternal Feather","Runic Pyramid"],"picked":"FrozenCore"},{"not_picked":["Busted Crown","Velvet Choker"],"picked":"Empty Cage"}],"items_purged_floors":[28,37],"is_endless":false,"potions_floor_spawned":[4,7,11,16,19,22,24,39,41],"ascension_level":7}