{"gold_per_floor":[116,116,128,27,47,47,65,82,82,115,115,115,115,128,128,254,254,273,267,17,36,36],"floor_reached":22,"playtime":932,"items_purged":["Strike_B"],"score":234,"play_id":"f2b369a7-61ca-439b-98c3-7f5f6551f825","local_time":"20190624040909","is_ascension_mode":true,"campfire_choices":[{"floor":6,"key":"RECALL"},{"floor":13,"key":"REST"},{"data":"Redo","floor":15,"key":"SMITH"}],"neow_cost":"NONE","seed_source_timestamp":47012529084700,"circlet_count":0,"master_deck":["Strike_B+1","Strike_B","Strike_B","Defend_B","Defend_B","Defend_B","Defend_B+1","Zap","Dualcast","Genetic Algorithm","Redo","Steam","Doom and Gloom","Melter","Redo+1","Hyperbeam","Injury","Ball Lightning","Echo Form","Turbo+1","Self Repair","Rebound+1"],"relics":["Cracked Core","NeowsBlessing","Bottled Lightning","Blood Vial","Golden Idol","Lizard Tail","Cables"],"potions_floor_usage":[7,10,10,10,10,16,16,22],"damage_taken":[{"damage":0,"enemies":"2 Louse","floor":1,"turns":1},{"damage":0,"enemies":"Jaw Worm","floor":3,"turns":1},{"damage":0,"enemies":"Small Slimes","floor":5,"turns":1},{"damage":5,"enemies":"Looter","floor":7,"turns":3},{"damage":0,"enemies":"Lots of Slimes","floor":8,"turns":2},{"damage":0,"enemies":"Lagavulin","floor":10,"turns":5},{"damage":13,"enemies":"Exordium Thugs","floor":14,"turns":3},{"damage":20,"enemies":"Slime Boss","floor":16,"turns":8},{"damage":31,"enemies":"Shell Parasite","floor":18,"turns":6},{"damage":28,"enemies":"2 Thieves","floor":19,"turns":4},{"damage":58,"enemies":"3 Cultists","floor":21,"turns":5},{"damage":9,"enemies":"Centurion and Healer","floor":22,"turns":4}],"seed_played":"3756291344121448502","potions_obtained":[{"floor":3,"key":"Weak Potion"},{"floor":5,"key":"Regen Potion"},{"floor":7,"key":"EntropicBrew"},{"floor":8,"key":"PowerPotion"},{"floor":18,"key":"Dexterity Potion"}],"is_trial":false,"path_per_floor":["M","?","M","$","M","R","M","M","T","E","?","T","R","M","R","B",null,"M","M","$","M","M"],"character_chosen":"DEFECT","items_purchased":["Steam","Cables"],"campfire_rested":1,"item_purchase_floors":[4,20],"current_hp_per_floor":[75,60,60,60,60,60,64,64,64,64,64,64,75,62,62,44,75,44,18,18,4,0],"gold":36,"neow_bonus":"THREE_ENEMY_KILL","is_prod":false,"is_daily":false,"chose_seed":false,"campfire_upgraded":1,"win_rate":0,"timestamp":1561363749,"path_taken":["M","?","M","$","M","R","M","M","T","E","?","?","R","M","R","BOSS","M","M","$","M","M"],"build_version":"2019-01-23","purchased_purges":1,"victory":false,"max_hp_per_floor":[75,75,75,75,75,75,75,75,75,75,75,75,75,75,75,75,75,75,75,75,75,75],"card_choices":[{"not_picked":["Turbo","Beam Cell"],"picked":"Genetic Algorithm","floor":1},{"not_picked":["Leap","Gash"],"picked":"Redo","floor":3},{"not_picked":["Rebound","Compile Driver"],"picked":"Doom and Gloom","floor":5},{"not_picked":["Sunder","Compile Driver"],"picked":"Melter","floor":7},{"not_picked":["Sunder","Heatsinks"],"picked":"Redo","floor":8},{"not_picked":["Scrape","Aggregate"],"picked":"Hyperbeam","floor":10},{"not_picked":["Beam Cell","Gash"],"picked":"Ball Lightning","floor":14},{"not_picked":["Fission","Reboot"],"picked":"Echo Form","floor":16},{"not_picked":["Auto Shields","Scrape"],"picked":"Turbo+1","floor":18},{"not_picked":["Redo","Hologram"],"picked":"Self Repair","floor":19},{"not_picked":["FTL","Force Field"],"picked":"Rebound+1","floor":21}],"player_experience":125382,"relics_obtained":[{"floor":9,"key":"Bottled Lightning"},{"floor":10,"key":"Blood Vial"}],"event_choices":[{"damage_healed":0,"gold_gain":0,"player_choice":"Entered Light","damage_taken":15,"max_hp_gain":0,"max_hp_loss":0,"event_name":"Shining Light","floor":2,"gold_loss":0,"cards_upgraded":["Defend_B","Strike_B"]},{"damage_healed":0,"gold_gain":0,"player_choice":"Take Wound","damage_taken":0,"relics_obtained":["Golden Idol"],"max_hp_gain":0,"max_hp_loss":0,"event_name":"Golden Idol","floor":11,"gold_loss":0,"cards_obtained":["Injury"]}],"is_beta":false,"boss_relics":[{"not_picked":["Coffee Dripper","Busted Crown"],"picked":"Lizard Tail"}],"items_purged_floors":[4],"is_endless":false,"potions_floor_spawned":[3,5,7,8,18],"killed_by":"Centurion and Healer","ascension_level":2}