{"gold_per_floor":[10,10,85,98,112,112,129,48,73,86,86,97,112,141,141,213,213,226,226,242,242,262,262],"floor_reached":23,"playtime":1302,"items_purged":[],"score":390,"play_id":"fc016da2-0cef-4e3d-bec4-4420886ef395","local_time":"20190312020158","is_ascension_mode":true,"campfire_choices":[{"data":"Deadly Poison","floor":6,"key":"SMITH"},{"floor":11,"key":"REST"},{"floor":15,"key":"REST"}],"neow_cost":"NO_GOLD","seed_source_timestamp":276324816931322,"circlet_count":0,"master_deck":["AscendersBane","Defend_G","Defend_G","Defend_G","Defend_G","Defend_G","Strike_G","Survivor","Neutralize","Cloak And Dagger","Flying Knee","Deadly Poison+1","Bane","Well Laid Plans","Calculated Gamble","Crippling Poison","After Image","Venomology","PiercingWail","Backflip","Cloak And Dagger"],"relics":["Ring of the Snake","StoneCalendar","Bronze Scales","Potion Belt","Empty Cage"],"potions_floor_usage":[14,14,16,18,20,23,23],"damage_taken":[{"damage":10,"enemies":"Jaw Worm","floor":1,"turns":6},{"damage":0,"enemies":"Cultist","floor":4,"turns":4},{"damage":3,"enemies":"Small Slimes","floor":5,"turns":4},{"damage":3,"enemies":"Blue Slaver","floor":7,"turns":4},{"damage":9,"enemies":"3 Louse","floor":10,"turns":3},{"damage":0,"enemies":"Looter","floor":12,"turns":2},{"damage":0,"enemies":"Exordium Wildlife","floor":13,"turns":5},{"damage":27,"enemies":"3 Sentries","floor":14,"turns":7},{"damage":13,"enemies":"The Guardian","floor":16,"turns":9},{"damage":4,"enemies":"Shell Parasite","floor":18,"turns":7},{"damage":8,"enemies":"Chosen","floor":20,"turns":7},{"damage":4,"enemies":"Centurion and Healer","floor":22,"turns":7},{"damage":39,"enemies":"Book of Stabbing","floor":23,"turns":6}],"seed_played":"1326770779599992017","potions_obtained":[{"floor":1,"key":"PowerPotion"},{"floor":4,"key":"Swift Potion"},{"floor":14,"key":"Poison Potion"},{"floor":18,"key":"GamblersBrew"}],"is_trial":false,"path_per_floor":["M","?","?","M","M","R","M","$","T","M","R","M","M","E","R","B",null,"M","?","M","?","M","E"],"character_chosen":"THE_SILENT","items_purchased":["Well Laid Plans"],"campfire_rested":2,"item_purchase_floors":[8],"current_hp_per_floor":[49,42,31,31,28,28,25,25,25,16,35,35,35,8,27,14,53,49,49,41,41,37,0],"gold":262,"neow_bonus":"ONE_RARE_RELIC","is_prod":false,"is_daily":false,"chose_seed":false,"campfire_upgraded":1,"win_rate":0,"timestamp":1552370518,"path_taken":["M","?","?","M","M","R","M","$","T","M","R","M","M","E","R","BOSS","M","?","?","?","M","E"],"build_version":"2019-01-23","purchased_purges":0,"victory":false,"max_hp_per_floor":[66,66,66,66,66,66,66,66,66,66,66,66,66,66,66,66,66,66,66,66,66,66,66],"card_choices":[{"not_picked":["Concentrate","Setup"],"picked":"Cloak And Dagger","floor":1},{"not_picked":["Underhanded Strike","Eviscerate"],"picked":"Flying Knee","floor":4},{"not_picked":["Reflex","Cloak And Dagger"],"picked":"Deadly Poison","floor":5},{"not_picked":["Dagger Throw","Outmaneuver"],"picked":"Bane","floor":7},{"not_picked":["Slice","Dodge and Roll"],"picked":"Calculated Gamble","floor":10},{"not_picked":["Expertise","Flying Knee","Dagger Spray"],"picked":"SKIP","floor":12},{"not_picked":["Dagger Spray","Acrobatics"],"picked":"Crippling Poison","floor":13},{"not_picked":["Envenom","Outmaneuver"],"picked":"After Image","floor":14},{"not_picked":["Doppelganger","Unload"],"picked":"Venomology","floor":16},{"not_picked":["Quick Slash","Deadly Poison"],"picked":"PiercingWail","floor":18},{"not_picked":["Sucker Punch","Endless Agony"],"picked":"Backflip","floor":20},{"not_picked":["Predator","PiercingWail"],"picked":"Cloak And Dagger","floor":22}],"player_experience":823462,"relics_obtained":[{"floor":9,"key":"Bronze Scales"},{"floor":14,"key":"Potion Belt"}],"event_choices":[{"cards_removed":["Strike_G"],"damage_healed":0,"gold_gain":0,"player_choice":"Card Removal","damage_taken":7,"max_hp_gain":0,"max_hp_loss":0,"event_name":"Golden Wing","floor":2,"gold_loss":0},{"damage_healed":0,"gold_gain":75,"player_choice":"Gather Gold","damage_taken":11,"max_hp_gain":0,"max_hp_loss":0,"event_name":"World of Goop","floor":3,"gold_loss":0},{"cards_removed":["Strike_G"],"damage_healed":0,"gold_gain":0,"player_choice":"Purged","damage_taken":0,"max_hp_gain":0,"max_hp_loss":0,"event_name":"Purifier","floor":19,"gold_loss":0},{"damage_healed":0,"gold_gain":0,"player_choice":"Ignored","damage_taken":0,"max_hp_gain":0,"max_hp_loss":0,"event_name":"Ghosts","floor":21,"gold_loss":0}],"is_beta":false,"boss_relics":[{"not_picked":["Lizard Tail","HoveringKite"],"picked":"Empty Cage"}],"items_purged_floors":[],"is_endless":false,"potions_floor_spawned":[1,4,12,14,18],"killed_by":"Book of Stabbing","ascension_level":20}