{"gold_per_floor":[121,133,163,187,199,237,249,272,284,331,362,146,158,158,158,158],"floor_reached":16,"playtime":541,"items_purged":["Strike_R"],"score":224,"play_id":"88174dff-c00b-451e-85e4-724c5cef24eb","local_time":"20190627142445","is_ascension_mode":true,"campfire_choices":[{"data":"Inflame","floor":7,"key":"SMITH"},{"floor":15,"key":"REST"}],"neow_cost":"NONE","seed_source_timestamp":1041071216697402,"circlet_count":0,"master_deck":["AscendersBane","Strike_R","Strike_R","Strike_R","Strike_R","Defend_R","Defend_R","Defend_R","Defend_R","Bash+1","Wild Strike","Thunderclap","Inflame+1","Anger","Shockwave","Sentinel","Cleave","Exhume","Fiend Fire"],"relics":["Burning Blood","MawBank","Dead Branch","Self Forming Clay","Ornamental Fan","Golden Idol"],"potions_floor_usage":[16],"damage_taken":[{"damage":8,"enemies":"2 Louse","floor":1,"turns":3},{"damage":7,"enemies":"Jaw Worm","floor":3,"turns":3},{"damage":6,"enemies":"Cultist","floor":4,"turns":3},{"damage":31,"enemies":"Gremlin Nob","floor":6,"turns":4},{"damage":7,"enemies":"Large Slime","floor":8,"turns":4},{"damage":22,"enemies":"Lagavulin","floor":10,"turns":6},{"damage":11,"enemies":"3 Louse","floor":11,"turns":3},{"damage":9,"enemies":"Blue Slaver","floor":13,"turns":2},{"damage":42,"enemies":"The Guardian","floor":16,"turns":8}],"seed_played":"4863213770248101450","potions_obtained":[{"floor":4,"key":"Weak Potion"},{"floor":11,"key":"SteroidPotion"}],"is_trial":false,"path_per_floor":["M","?","M","M","$","E","R","M","T","E","M","$","M","?","R","B"],"character_chosen":"IRONCLAD","items_purchased":["Exhume"],"campfire_rested":1,"item_purchase_floors":[12],"current_hp_per_floor":[66,66,65,65,65,40,40,39,39,23,18,18,15,15,35,0],"gold":158,"neow_bonus":"RANDOM_COMMON_RELIC","is_prod":false,"is_daily":false,"chose_seed":false,"campfire_upgraded":1,"win_rate":0,"timestamp":1561659885,"path_taken":["M","?","M","M","$","E","R","M","T","E","M","?","?","?","R","BOSS"],"build_version":"2019-01-23","purchased_purges":1,"victory":false,"max_hp_per_floor":[75,75,75,75,75,75,75,75,75,75,75,75,75,68,68,68],"card_choices":[{"not_picked":["Clash","Armaments"],"picked":"Wild Strike","floor":1},{"not_picked":["Heavy Blade","Cleave"],"picked":"Thunderclap","floor":3},{"not_picked":["Blood for Blood","True Grit"],"picked":"Inflame","floor":4},{"not_picked":["Dropkick","Pommel Strike"],"picked":"Anger","floor":6},{"not_picked":["Metallicize","Body Slam"],"picked":"Shockwave","floor":8},{"not_picked":["Clothesline","Thunderclap"],"picked":"Sentinel","floor":10},{"not_picked":["Perfected Strike","Fire Breathing"],"picked":"Cleave","floor":11},{"not_picked":["Perfected Strike","Twin Strike"],"picked":"Fiend Fire","floor":13}],"player_experience":1555325,"relics_obtained":[{"floor":6,"key":"Dead Branch"},{"floor":9,"key":"Self Forming Clay"},{"floor":10,"key":"Ornamental Fan"}],"event_choices":[{"damage_healed":0,"gold_gain":0,"player_choice":"Grow","damage_taken":0,"max_hp_gain":0,"max_hp_loss":0,"event_name":"Living Wall","floor":2,"gold_loss":0,"cards_upgraded":["Bash"]},{"damage_healed":0,"gold_gain":0,"player_choice":"Lose Max HP","damage_taken":0,"relics_obtained":["Golden Idol"],"max_hp_gain":0,"max_hp_loss":7,"event_name":"Golden Idol","floor":14,"gold_loss":0}],"is_beta":false,"boss_relics":[],"items_purged_floors":[12],"is_endless":false,"potions_floor_spawned":[4,11],"killed_by":"The Guardian","ascension_level":20}