{"gold_per_floor":[13,13,32,32,52,52,117,192,216,235,235,270,270,284,284,284],"floor_reached":16,"playtime":657,"items_purged":[],"score":220,"play_id":"a7347ca9-5995-4450-877e-c8c7a1221d53","local_time":"20190511234554","is_ascension_mode":true,"campfire_choices":[{"data":"Immolate","floor":6.0,"key":"SMITH"},{"data":"Bash","floor":11,"key":"SMITH"},{"data":"Shockwave","floor":13,"key":"SMITH"},{"data":"Spot Weakness","floor":15,"key":"SMITH"}],"neow_cost":"NO_GOLD","seed_source_timestamp":685956215693243,"circlet_count":0,"master_deck":["AscendersBane","Strike_R","Strike_R","Strike_R","Strike_R","Strike_R","Defend_R","Defend_R","Defend_R","Defend_R","Bash+1","Thunderclap","Inflame","Armaments","Anger","Immolate+1","Spot Weakness+1","Shockwave+1","Shrug It Off","Feel No Pain"],"special_seed":0,"relics":["Burning Blood","Prayer Wheel","Pen Nib","Tiny Chest","Strawberry"],"potions_floor_usage":[12],"damage_taken":[{"damage":7.0,"enemies":"Jaw Worm","floor":1.0,"turns":3.0},{"damage":13.0,"enemies":"Cultist","floor":3.0,"turns":5.0},{"damage":0.0,"enemies":"2 Louse","floor":5.0,"turns":3.0},{"damage":15.0,"enemies":"3 Sentries","floor":7.0,"turns":4.0},{"damage":6,"enemies":"Looter","floor":10,"turns":2},{"damage":8,"enemies":"Gremlin Nob","floor":12,"turns":3},{"damage":17,"enemies":"3 Louse","floor":14,"turns":4},{"damage":42,"enemies":"Hexaghost","floor":16,"turns":9}],"seed_played":"7326552579545878551","potions_obtained":[{"floor":1.0,"key":"Swift Potion"},{"floor":10,"key":"SteroidPotion"},{"floor":12,"key":"Dexterity Potion"}],"is_trial":false,"path_per_floor":["M","?","M","$","M","R","E","?","T","M","R","E","R","M","R","B"],"character_chosen":"IRONCLAD","items_purchased":[],"campfire_rested":0,"item_purchase_floors":[],"current_hp_per_floor":[67,67,60,60,66,66,57,46,46,46,46,51,51,40,40,0],"gold":284,"neow_bonus":"ONE_RARE_RELIC","is_prod":false,"is_daily":false,"chose_seed":false,"campfire_upgraded":4,"win_rate":0,"timestamp":1557632754,"path_taken":["M","?","M","?","?","R","E","?","T","M","R","E","R","M","R","BOSS"],"build_version":"2019-01-23","purchased_purges":0,"victory":false,"max_hp_per_floor":[75,75,75,75,75,75,75,75,75,75,75,82,82,82,82,82],"card_choices":[{"not_picked":["Warcry","Sword Boomerang"],"picked":"Thunderclap","floor":1.0},{"not_picked":["Cleave","Rampage"],"picked":"Inflame","floor":1.0},{"not_picked":["True Grit","Infernal Blade"],"picked":"Armaments","floor":3.0},{"not_picked":["Rupture","Armaments"],"picked":"Anger","floor":3.0},{"not_picked":["Metallicize","Cleave"],"picked":"Immolate","floor":5.0},{"not_picked":["Cleave","Sword Boomerang","Pommel Strike"],"picked":"SKIP","floor":5.0},{"not_picked":["Thunderclap","Flex","Perfected Strike"],"picked":"SKIP","floor":7.0},{"not_picked":["Headbutt","Twin Strike"],"picked":"Spot Weakness","floor":10},{"not_picked":["Seeing Red","Clothesline","Havoc"],"picked":"SKIP","floor":10},{"not_picked":["Armaments","Anger"],"picked":"Shockwave","floor":12},{"not_picked":["Clash","Power Through"],"picked":"Shrug It Off","floor":14},{"not_picked":["Anger","Heavy Blade"],"picked":"Feel No Pain","floor":14}],"player_experience":1295549,"relics_obtained":[{"floor":7.0,"key":"Tiny Chest"},{"floor":12,"key":"Strawberry"}],"event_choices":[{"damage_healed":0.0,"max_hp_gain":0.0,"max_hp_loss":0.0,"gold_gain":0.0,"event_name":"WeMeetAgain","player_choice":"Gave Potion","floor":2.0,"gold_loss":0.0,"damage_taken":0.0,"relics_obtained":["Pen Nib"]},{"damage_healed":0.0,"max_hp_gain":0.0,"max_hp_loss":0.0,"gold_gain":75.0,"event_name":"World of Goop","player_choice":"Gather Gold","floor":8.0,"gold_loss":0.0,"damage_taken":11.0}],"is_beta":false,"boss_relics":[],"items_purged_floors":[],"is_endless":false,"potions_floor_spawned":[1,10,12],"killed_by":"Hexaghost","ascension_level":20}