{"gold_per_floor":[110,123,38,52,69,69,69,69,69,96,108,108,78,96,96,195,245,260,260,13,13,25,25,51,17,42,42,58,58,69,84,84,84],"floor_reached":33,"playtime":1680,"items_purged":["Defend_B"],"score":374,"play_id":"70966e3d-a4dd-401d-8ee0-433aad5464b2","local_time":"20190709022445","is_ascension_mode":true,"campfire_choices":[{"floor":6,"key":"REST"},{"data":"Dualcast","floor":12,"key":"SMITH"},{"floor":15,"key":"REST"},{"floor":23,"key":"REST"},{"floor":27,"key":"REST"},{"floor":29,"key":"REST"},{"floor":32,"key":"REST"}],"neow_cost":"NONE","seed_source_timestamp":534676550701900,"circlet_count":0,"master_deck":["Defend_B","Defend_B","Defend_B","Zap","Dualcast+1","Darkness","Sunder","Self Repair","Coolheaded","Capacitor+1","BootSequence","Electrodynamics+1","Tempest","Ball Lightning","Creative AI","Conserve Battery","Tempest","Bite","Bite","Bite","Bite","Bite","Glacier","Go for the Eyes","Cold Snap","Glacier","Doom and Gloom+1","Capacitor","Coolheaded"],"relics":["Cracked Core","Orichalcum","Sundial","Ginger","Tiny House","Nilry\u0027s Codex","Bottled Lightning","Happy Flower"],"potions_floor_usage":[10,11,16,16,16,24,24],"damage_taken":[{"damage":1,"enemies":"Cultist","floor":1,"turns":3},{"damage":10,"enemies":"Small Slimes","floor":2,"turns":4},{"damage":6,"enemies":"Jaw Worm","floor":4,"turns":4},{"damage":20,"enemies":"Red Slaver","floor":5,"turns":4},{"damage":14,"enemies":"3 Sentries","floor":10,"turns":8},{"damage":21,"enemies":"Exordium Wildlife","floor":11,"turns":6},{"damage":0,"enemies":"2 Fungi Beasts","floor":14,"turns":1},{"damage":0,"enemies":"Slime Boss","floor":16,"turns":5},{"damage":12,"enemies":"2 Thieves","floor":18,"turns":2},{"damage":0,"enemies":"3 Byrds","floor":22,"turns":2},{"damage":49,"enemies":"Gremlin Leader","floor":24,"turns":7},{"damage":45,"enemies":"3 Cultists","floor":28,"turns":5},{"damage":10,"enemies":"Centurion and Healer","floor":30,"turns":7},{"damage":17,"enemies":"Shelled Parasite and Fungi","floor":31,"turns":8},{"damage":51,"enemies":"Automaton","floor":33,"turns":8}],"seed_played":"-3988301635850684045","potions_obtained":[{"floor":1,"key":"Ancient Potion"},{"floor":4,"key":"Weak Potion"},{"floor":5,"key":"Poison Potion"},{"floor":13,"key":"GamblersBrew"},{"floor":13,"key":"PowerPotion"},{"floor":14,"key":"Explosive Potion"},{"floor":17,"key":"Energy Potion"},{"floor":22,"key":"FearPotion"}],"is_trial":false,"path_per_floor":["M","M","$","M","M","R","$","?","T","E","M","R","?","M","R","B",null,"M","?","$","?","M","R","E","$","T","R","M","R","M","M","R","B"],"character_chosen":"DEFECT","items_purchased":["Self Repair","Coolheaded","Glacier","Go for the Eyes","Cold Snap","Capacitor"],"campfire_rested":6,"item_purchase_floors":[3,3,20,20,20,25],"current_hp_per_floor":[74,64,64,65,52,74,74,74,74,67,53,53,53,53,75,75,80,68,56,56,40,44,56,24,24,24,40,3,19,24,24,40,0],"gold":84,"neow_bonus":"RANDOM_COMMON_RELIC","is_prod":false,"is_daily":false,"chose_seed":false,"campfire_upgraded":1,"win_rate":0,"timestamp":1562653485,"path_taken":["M","?","$","M","M","R","$","?","T","E","M","R","?","M","R","BOSS","M","?","$","?","M","R","E","$","T","R","M","R","M","M","R","BOSS"],"build_version":"2019-07-05","purchased_purges":1,"victory":false,"max_hp_per_floor":[75,75,75,75,75,75,75,75,75,75,75,75,75,75,75,75,80,80,56,56,56,56,56,56,56,56,56,56,56,56,56,56,56],"card_choices":[{"not_picked":["Blizzard","Beam Cell"],"picked":"Darkness","floor":1},{"not_picked":["Streamline","Stack"],"picked":"Sunder","floor":2},{"not_picked":["Skim","Rip and Tear"],"picked":"Capacitor","floor":4},{"not_picked":["Cold Snap","Aggregate"],"picked":"BootSequence","floor":5},{"not_picked":["Barrage","Stack"],"picked":"Electrodynamics","floor":10},{"not_picked":["Hologram","Conserve Battery"],"picked":"Tempest","floor":11},{"not_picked":["Rebound","Darkness"],"picked":"Ball Lightning","floor":14},{"not_picked":["Hyperbeam","Buffer"],"picked":"Creative AI","floor":16},{"not_picked":["Sweeping Beam","Reinforced Body"],"picked":"Conserve Battery","floor":17},{"not_picked":["Beam Cell+1","Skim"],"picked":"Tempest","floor":18},{"not_picked":["Chill+1","Streamline"],"picked":"Glacier","floor":22},{"not_picked":["Heatsinks","Lockon+1"],"picked":"Doom and Gloom+1","floor":24},{"not_picked":["Darkness","Beam Cell"],"picked":"Coolheaded","floor":28},{"not_picked":["Lockon","Compile Driver","Leap"],"picked":"SKIP","floor":30},{"not_picked":["Skim","Compile Driver","Chaos+1"],"picked":"SKIP","floor":31}],"player_experience":198132,"relics_obtained":[{"floor":9,"key":"Sundial"},{"floor":10,"key":"Ginger"},{"floor":21,"key":"Nilry\u0027s Codex"},{"floor":24,"key":"Bottled Lightning"},{"floor":26,"key":"Happy Flower"}],"event_choices":[{"damage_healed":0,"gold_gain":0,"player_choice":"Grow","damage_taken":0,"max_hp_gain":0,"max_hp_loss":0,"event_name":"Living Wall","floor":8,"gold_loss":0,"cards_upgraded":["Capacitor"]},{"damage_healed":0,"gold_gain":0,"player_choice":"Bought 2 Potions","damage_taken":0,"max_hp_gain":0,"max_hp_loss":0,"event_name":"The Woman in Blue","floor":13,"gold_loss":0},{"damage_healed":0,"gold_gain":0,"player_choice":"Became a vampire","damage_taken":0,"max_hp_gain":0,"max_hp_loss":24,"event_name":"Vampires","floor":19,"gold_loss":0,"cards_obtained":["Bite","Bite","Bite","Bite","Bite"]},{"damage_healed":0,"gold_gain":0,"player_choice":"Obtained Book","damage_taken":16,"max_hp_gain":0,"max_hp_loss":0,"event_name":"Cursed Tome","floor":21,"gold_loss":0}],"is_beta":false,"boss_relics":[{"not_picked":["Busted Crown","Runic Dome"],"picked":"Tiny House"}],"items_purged_floors":[20],"is_endless":false,"potions_floor_spawned":[1,4,5,14,22],"killed_by":"Automaton","ascension_level":2}