{"gold_per_floor":[118,118,138,138,154,154,181,197,271,283,297,55,69,81,81,185,185,200,250,270,270,282,282,90,105,105,124,124,135,85,105,105,206,206,217,237,237,237,253,253,124,175,202,202,212,212,225,56,56,56],"floor_reached":51,"playtime":3289,"items_purged":["Strike_B","Strike_B","Defend_B","Defend_B","Defend_B"],"score":1033,"play_id":"d342ccef-487f-4fcc-bfee-d64e341bae46","local_time":"20180911221028","is_ascension_mode":true,"campfire_choices":[{"data":"Electrodynamics","floor":6,"key":"SMITH"},{"data":"Go for the Eyes","floor":15,"key":"SMITH"},{"floor":23,"key":"REST"},{"floor":28,"key":"REST"},{"floor":32,"key":"REST"},{"floor":40,"key":"REST"},{"floor":44,"key":"DIG"},{"floor":46,"key":"DIG"},{"floor":49,"key":"REST"}],"neow_cost":"NONE","seed_source_timestamp":2311817026311440,"circlet_count":0,"master_deck":["Defend_B","Zap+1","Dualcast","AscendersBane","Leap","Electrodynamics+1","Sweeping Beam+1","Coolheaded","White Noise","Compile Driver","Capacitor","Coolheaded","FTL","Cold Snap","Go for the Eyes+1","Seek","Ball Lightning","Hologram","Glacier","Genetic Algorithm","Conserve Battery","Ball Lightning+1","Turbo","Conserve Battery+1","BootSequence","Creative AI","Leap+1","Thinking Ahead","Glacier","Blizzard+1","Hologram"],"relics":["Cracked Core","Calipers","Smiling Mask","Kunai","Sozu","Whetstone","Velvet Choker","Shovel","Centennial Puzzle","Strawberry","Molten Egg 2"],"potions_floor_usage":[33],"damage_taken":[{"damage":7,"enemies":"Small Slimes","floor":1,"turns":3},{"damage":0,"enemies":"Cultist","floor":3,"turns":3},{"damage":0,"enemies":"2 Louse","floor":5,"turns":2},{"damage":19,"enemies":"Lagavulin","floor":7,"turns":7},{"damage":8,"enemies":"Large Slime","floor":8,"turns":4},{"damage":0,"enemies":"Exordium Wildlife","floor":10,"turns":3},{"damage":1,"enemies":"Looter","floor":11,"turns":3},{"damage":0,"enemies":"Lots of Slimes","floor":13,"turns":1},{"damage":2,"enemies":"Blue Slaver","floor":14,"turns":4},{"damage":5,"enemies":"Hexaghost","floor":16,"turns":11},{"damage":3,"enemies":"Shell Parasite","floor":18,"turns":7},{"damage":28,"enemies":"2 Thieves","floor":20,"turns":4},{"damage":16,"enemies":"Snecko","floor":22,"turns":8},{"damage":8,"enemies":"Chosen and Byrds","floor":25,"turns":5},{"damage":15,"enemies":"Centurion and Healer","floor":27,"turns":6},{"damage":2,"enemies":"Snecko","floor":29,"turns":5},{"damage":11,"enemies":"Snake Plant","floor":31,"turns":6},{"damage":45,"enemies":"Champ","floor":33,"turns":16},{"damage":5,"enemies":"Orb Walker","floor":35,"turns":4},{"damage":20,"enemies":"3 Darklings","floor":36,"turns":4},{"damage":34,"enemies":"Transient","floor":39,"turns":5},{"damage":0,"enemies":"Mysterious Sphere","floor":42,"turns":4},{"damage":6,"enemies":"4 Shapes","floor":45,"turns":2},{"damage":18,"enemies":"Sphere and 2 Shapes","floor":47,"turns":4},{"damage":22,"enemies":"Awakened One","floor":50,"turns":23}],"seed_played":"-3528562757128275976","potions_obtained":[{"floor":1,"key":"FearPotion"},{"floor":8,"key":"Dexterity Potion"},{"floor":11,"key":"SteroidPotion"},{"floor":14,"key":"Strength Potion"}],"is_trial":false,"path_per_floor":["M","?","M","?","M","R","E","M","T","M","M","$","M","M","R","B",null,"M","?","M","?","M","R","$","M","T","M","R","M","$","M","R","B",null,"M","M","?","?","M","R","$","?","T","R","M","R","M","$","R","B"],"character_chosen":"DEFECT","items_purchased":["Capacitor","Coolheaded","FTL","Genetic Algorithm","Conserve Battery","Ball Lightning","Glacier","Blizzard+1","Hologram"],"campfire_rested":5,"item_purchase_floors":[12,12,12,24,24,24,41,48,48],"current_hp_per_floor":[61,61,61,61,61,61,42,34,34,34,33,33,33,31,31,26,63,60,60,32,32,16,38,38,30,30,15,37,35,35,24,46,1,57,52,32,32,66,32,51,51,51,51,58,52,52,34,34,55,33],"gold":56,"neow_bonus":"REMOVE_CARD","is_prod":false,"is_daily":false,"chose_seed":false,"campfire_upgraded":2,"win_rate":0,"timestamp":1536718228,"path_taken":["M","?","M","?","M","R","E","M","T","M","M","$","?","M","R","BOSS","M","?","M","?","M","R","$","M","T","M","R","M","$","M","R","BOSS","M","M","?","?","M","R","$","?","T","R","M","R","M","?","R","BOSS"],"build_version":"2018-09-06","purchased_purges":5,"victory":true,"max_hp_per_floor":[75,75,75,75,75,75,75,75,75,75,75,75,75,75,75,75,75,75,75,75,75,75,75,75,75,75,75,75,75,75,75,75,75,75,75,75,75,66,66,66,66,66,66,73,73,73,73,73,73,73],"card_choices":[{"not_picked":["Rip and Tear","Beam Cell"],"picked":"Leap","floor":1},{"not_picked":["Redo","Gash"],"picked":"Electrodynamics","floor":3},{"not_picked":["Beam Cell","Lockon"],"picked":"Sweeping Beam","floor":5},{"not_picked":["Barrage","Turbo"],"picked":"Coolheaded","floor":7},{"not_picked":["Beam Cell","Gash","Barrage"],"picked":"SKIP","floor":8},{"not_picked":["Barrage","Lockon"],"picked":"White Noise","floor":10},{"not_picked":["Redo","Buffer"],"picked":"Compile Driver","floor":11},{"not_picked":["Redo","Loop"],"picked":"Cold Snap","floor":13},{"not_picked":["Storm","Hologram"],"picked":"Go for the Eyes","floor":14},{"not_picked":["Hyperbeam","Core Surge"],"picked":"Seek","floor":16},{"not_picked":["Coolheaded","Leap"],"picked":"Ball Lightning","floor":18},{"not_picked":["Leap+1","Steam"],"picked":"Hologram","floor":20},{"not_picked":["Double Energy","Recycle"],"picked":"Glacier","floor":22},{"not_picked":["Leap","Genetic Algorithm"],"picked":"Turbo","floor":25},{"not_picked":["Gash","Rebound+1"],"picked":"Conserve Battery+1","floor":27},{"not_picked":["Sunder","Electrodynamics","Ball Lightning+1"],"picked":"SKIP","floor":29},{"not_picked":["Barrage","Hologram"],"picked":"BootSequence","floor":31},{"not_picked":["All For One","Multi-Cast"],"picked":"Creative AI","floor":33},{"not_picked":["Ball Lightning","Beam Cell+1"],"picked":"Leap+1","floor":35},{"not_picked":["Rebound","Conserve Battery+1","Buffer"],"picked":"SKIP","floor":36},{"not_picked":["Violence","Good Instincts"],"picked":"Thinking Ahead","floor":37},{"not_picked":["Ball Lightning","Compile Driver","Conserve Battery"],"picked":"SKIP","floor":39},{"not_picked":["Genetic Algorithm","FTL","Machine Learning"],"picked":"SKIP","floor":45},{"not_picked":["Ball Lightning+1","Sweeping Beam+1","Tempest"],"picked":"SKIP","floor":47}],"player_experience":319246,"relics_obtained":[{"floor":7,"key":"Smiling Mask"},{"floor":9,"key":"Kunai"},{"floor":26,"key":"Whetstone"},{"floor":42,"key":"Shovel"},{"floor":43,"key":"Centennial Puzzle"},{"floor":44,"key":"Strawberry"},{"floor":46,"key":"Molten Egg 2"}],"event_choices":[{"event_name":"WeMeetAgain","player_choice":"Potion","floor":2,"damage_taken":0},{"event_name":"Living Wall","player_choice":"Grow","floor":4,"damage_taken":0},{"event_name":"The Joust","player_choice":"Bet on Murderer","floor":19,"damage_taken":0},{"event_name":"Purifier","player_choice":"One Purge","floor":21,"damage_taken":0},{"event_name":"SensoryStone","player_choice":"Memory 1","floor":37,"damage_taken":0},{"event_name":"The Moai Head","player_choice":"Heal","floor":38,"damage_taken":0},{"event_name":"Mysterious Sphere","player_choice":"Fight","floor":42,"damage_taken":0}],"is_beta":false,"boss_relics":[{"not_picked":["Calling Bell","Pandora\u0027s Box"],"picked":"Sozu"},{"not_picked":["Runic Dome","Empty Cage"],"picked":"Velvet Choker"}],"items_purged_floors":[12,24,30,41,48],"is_endless":false,"potions_floor_spawned":[1,8,11,14,16,27,29,35,36,42],"ascension_level":12}