{"gold_per_floor":[116,116,127,127,145,176,176,201,224,236,249,249,249,276,276,276],"floor_reached":16,"playtime":900,"items_purged":[],"score":132,"play_id":"4c53b3c9-ea36-4da1-bc62-bea47e74be38","local_time":"20190712050939","is_ascension_mode":true,"campfire_choices":[{"floor":7,"key":"REST"},{"floor":13,"key":"REST"},{"floor":15,"key":"REST"}],"neow_cost":"NONE","seed_source_timestamp":61836936228911,"circlet_count":0,"master_deck":["Strike_R","Strike_R","Strike_R","Strike_R","Defend_R","Defend_R","Defend_R","Defend_R","Bash","Feel No Pain","Shrug It Off","Second Wind","Body Slam"],"relics":["Burning Blood","Smiling Mask","Bag of Marbles","Happy Flower","Oddly Smooth Stone","Art of War","Molten Egg 2"],"potions_floor_usage":[6,6],"damage_taken":[{"damage":6,"enemies":"Jaw Worm","floor":1,"turns":6},{"damage":0,"enemies":"2 Louse","floor":3,"turns":4},{"damage":1,"enemies":"Cultist","floor":5,"turns":4},{"damage":60,"enemies":"Lagavulin","floor":6,"turns":9},{"damage":23,"enemies":"3 Sentries","floor":8,"turns":15},{"damage":7,"enemies":"2 Fungi Beasts","floor":10,"turns":6},{"damage":11,"enemies":"Lots of Slimes","floor":11,"turns":8},{"damage":51,"enemies":"Gremlin Nob","floor":14,"turns":6},{"damage":37,"enemies":"Hexaghost","floor":16,"turns":9}],"seed_played":"9131852319678265480","potions_obtained":[{"floor":1,"key":"Energy Potion"},{"floor":3,"key":"SteroidPotion"},{"floor":10,"key":"GamblersBrew"},{"floor":14,"key":"GamblersBrew"}],"is_trial":false,"path_per_floor":["M","?","M","?","M","E","R","E","T","M","M","?","R","E","R","B"],"character_chosen":"IRONCLAD","items_purchased":[],"campfire_rested":3,"item_purchase_floors":[],"current_hp_per_floor":[88,70,76,76,81,27,53,36,36,35,30,30,56,11,37,0],"gold":276,"neow_bonus":"TEN_PERCENT_HP_BONUS","is_prod":false,"is_daily":false,"chose_seed":false,"campfire_upgraded":0,"win_rate":0,"timestamp":1562922579,"path_taken":["M","?","M","?","?","E","R","E","T","M","M","?","R","E","R","BOSS"],"build_version":"2019-07-05","purchased_purges":0,"victory":false,"max_hp_per_floor":[88,88,88,88,88,88,88,88,88,88,88,88,88,88,88,88],"card_choices":[{"not_picked":["Intimidate","Spot Weakness"],"picked":"Feel No Pain","floor":1},{"not_picked":["Clothesline","Twin Strike","Evolve"],"picked":"SKIP","floor":3},{"not_picked":["Perfected Strike","Pommel Strike"],"picked":"Shrug It Off","floor":5},{"not_picked":["Fire Breathing","Heavy Blade"],"picked":"Second Wind","floor":6},{"not_picked":["Combust","Spot Weakness","Twin Strike"],"picked":"SKIP","floor":8},{"not_picked":["Carnage","Pommel Strike"],"picked":"Body Slam","floor":10},{"not_picked":["Perfected Strike","Rupture","Flex"],"picked":"SKIP","floor":11},{"not_picked":["Pummel","Flex","Inflame"],"picked":"SKIP","floor":14}],"player_experience":114494,"relics_obtained":[{"floor":6,"key":"Bag of Marbles"},{"floor":8,"key":"Happy Flower"},{"floor":9,"key":"Oddly Smooth Stone"},{"floor":12,"key":"Art of War"},{"floor":14,"key":"Molten Egg 2"}],"event_choices":[{"damage_healed":0,"gold_gain":0,"player_choice":"Success","damage_taken":18,"relics_obtained":["Smiling Mask"],"max_hp_gain":0,"max_hp_loss":0,"event_name":"Scrap Ooze","floor":2,"gold_loss":0},{"cards_removed":["Strike_R"],"damage_healed":0,"gold_gain":0,"player_choice":"Purged","damage_taken":0,"max_hp_gain":0,"max_hp_loss":0,"event_name":"Purifier","floor":4,"gold_loss":0},{"damage_healed":0,"gold_gain":0,"player_choice":"Relic","damage_taken":0,"max_hp_gain":0,"max_hp_loss":0,"event_name":"Wheel of Change","floor":12,"gold_loss":0}],"is_beta":false,"boss_relics":[],"items_purged_floors":[],"is_endless":false,"potions_floor_spawned":[1,3,10,14],"killed_by":"Hexaghost","ascension_level":2}