{"gold_per_floor":[118,129,129,129,142,171,171,181,181,181,213,213,224,224,224,329,329,346,139,139,156,56,56,84,84],"floor_reached":25,"playtime":1546,"items_purged":["Strike_G","Defend_G"],"score":229,"play_id":"21e765f1-2b7e-4091-b9a0-42906add5be2","local_time":"20190719104302","is_ascension_mode":false,"campfire_choices":[{"data":"Catalyst","floor":7,"key":"SMITH"},{"data":"Malaise","floor":10,"key":"SMITH"},{"floor":12,"key":"REST"},{"data":"Catalyst","floor":15,"key":"SMITH"},{"floor":23,"key":"REST"}],"neow_cost":"NONE","seed_source_timestamp":649878289466,"circlet_count":0,"master_deck":["Strike_G","Strike_G","Defend_G","Defend_G","Defend_G","Defend_G","Survivor","Neutralize","Malaise+1","Catalyst+1","Catalyst+1","Acrobatics","Poisoned Stab","Predator","Accuracy","Sucker Punch","Deadly Poison","Corpse Explosion","Cloak And Dagger","Leg Sweep","Bane","Deadly Poison","Madness","Panacea","Dark Shackles","Panacea","PanicButton","Discovery","Infinite Blades+1","Backstab"],"relics":["Ring of the Snake","Nunchaku","Matryoshka","Question Card","HoveringKite","Singing Bowl"],"potions_floor_usage":[11,16,24,24],"damage_taken":[{"damage":1,"enemies":"Cultist","floor":1,"turns":4},{"damage":1,"enemies":"2 Louse","floor":2,"turns":5},{"damage":0,"enemies":"Small Slimes","floor":5,"turns":5},{"damage":9,"enemies":"Lagavulin","floor":6,"turns":11},{"damage":11,"enemies":"Exordium Thugs","floor":8,"turns":4},{"damage":22,"enemies":"3 Sentries","floor":11,"turns":9},{"damage":12,"enemies":"Blue Slaver","floor":13,"turns":4},{"damage":34,"enemies":"Slime Boss","floor":16,"turns":7},{"damage":20,"enemies":"Spheric Guardian","floor":18,"turns":6},{"damage":0,"enemies":"Chosen","floor":21,"turns":6},{"damage":22,"enemies":"Slavers","floor":24,"turns":4},{"damage":6,"enemies":"Centurion and Healer","floor":25,"turns":2}],"seed_played":"-1182932525408555110","potions_obtained":[{"floor":5,"key":"GhostInAJar"},{"floor":6,"key":"Explosive Potion"},{"floor":8,"key":"Poison Potion"},{"floor":13,"key":"GamblersBrew"},{"floor":21,"key":"Weak Potion"}],"is_trial":false,"path_per_floor":["M","M","?","?","M","E","R","M","T","R","E","R","M","?","R","B",null,"M","$","?","M","$","R","E","M"],"character_chosen":"THE_SILENT","items_purchased":["Leg Sweep","Bane","Deadly Poison"],"campfire_rested":2,"item_purchase_floors":[19,19,19],"current_hp_per_floor":[69,68,73,73,73,64,64,53,53,53,31,53,41,41,41,7,75,55,55,6,6,6,28,6,0],"gold":84,"neow_bonus":"TRANSFORM_CARD","is_prod":false,"is_daily":false,"chose_seed":false,"campfire_upgraded":3,"win_rate":0,"timestamp":1563547382,"path_taken":["M","?","?","?","?","E","R","M","T","R","E","R","M","?","R","BOSS","M","$","?","?","?","R","E","M"],"build_version":"2019-07-17","purchased_purges":2,"victory":false,"max_hp_per_floor":[70,70,75,75,75,75,75,75,75,75,75,75,75,75,75,75,75,75,75,75,75,75,75,75,75],"card_choices":[{"not_picked":["Backflip","Acrobatics"],"picked":"Catalyst","floor":1},{"not_picked":["Underhanded Strike","Heel Hook"],"picked":"Catalyst","floor":2},{"not_picked":["Terror","All Out Attack"],"picked":"Poisoned Stab","floor":5},{"not_picked":["Slice","Endless Agony"],"picked":"Predator","floor":6},{"not_picked":["Bane","Envenom"],"picked":"Accuracy","floor":8},{"not_picked":["Heel Hook","Slice"],"picked":"Sucker Punch","floor":11},{"not_picked":["Accuracy","Distraction","Slice"],"picked":"Deadly Poison","floor":13},{"not_picked":["Doppelganger","Wraith Form v2","Malaise"],"picked":"Corpse Explosion","floor":16},{"not_picked":["Backflip","Expertise","Deadly Poison"],"picked":"Cloak And Dagger","floor":18},{"not_picked":["Flying Knee","Poisoned Stab","Underhanded Strike+1"],"picked":"Infinite Blades+1","floor":21},{"not_picked":["Dagger Throw","Heel Hook","Accuracy+1"],"picked":"Backstab","floor":24}],"player_experience":86951,"relics_obtained":[{"floor":6,"key":"Nunchaku"},{"floor":9,"key":"Matryoshka"},{"floor":11,"key":"Question Card"},{"floor":24,"key":"Singing Bowl"}],"event_choices":[{"damage_healed":0,"gold_gain":0,"player_choice":"Donut","damage_taken":0,"max_hp_gain":5,"max_hp_loss":0,"event_name":"Big Fish","floor":3,"gold_loss":0},{"damage_healed":0,"gold_gain":0,"cards_transformed":["Strike_G"],"player_choice":"Transformed","damage_taken":0,"max_hp_gain":0,"max_hp_loss":0,"event_name":"Transmorgrifier","floor":4,"gold_loss":0,"cards_obtained":["Acrobatics"]},{"damage_healed":0,"gold_gain":0,"player_choice":"Ignored","damage_taken":0,"max_hp_gain":0,"max_hp_loss":0,"event_name":"Liars Game","floor":14,"gold_loss":0},{"damage_healed":0,"gold_gain":0,"player_choice":"CARD CARD CARD CARD CARD CARD ","damage_taken":49,"max_hp_gain":0,"max_hp_loss":0,"event_name":"Knowing Skull","floor":20,"potions_obtained":[],"gold_loss":0,"cards_obtained":["Madness","Panacea","Dark Shackles","Panacea","PanicButton","Discovery"]}],"is_beta":false,"boss_relics":[{"not_picked":["Astrolabe","Black Star"],"picked":"HoveringKite"}],"items_purged_floors":[19,22],"is_endless":false,"potions_floor_spawned":[5,6,8,13,21],"killed_by":"Centurion and Healer","ascension_level":0}