{"gold_per_floor":[115,115,133,133,147,25,25,43,98,115,115,126,126,140,140,237,237,252,262,262,262,278,278],"floor_reached":23,"playtime":1418,"items_purged":["Strike_B"],"score":185,"play_id":"102e9452-86d1-4666-a955-a5dda91f2526","local_time":"20190710153036","is_ascension_mode":false,"campfire_choices":[{"data":"Redo","floor":11,"key":"SMITH"},{"data":"Glacier","floor":13,"key":"SMITH"},{"floor":15,"key":"REST"}],"neow_cost":"NONE","seed_source_timestamp":187566504512484,"circlet_count":0,"master_deck":["Strike_B","Strike_B","Defend_B","Defend_B","Defend_B","Defend_B","Zap","Dualcast","Blizzard","Leap","Coolheaded","Redo+1","Conserve Battery","Glacier+1","Steam","White Noise","Echo Form+1","Redo","Capacitor+1"],"relics":["Cracked Core","NeowsBlessing","Matryoshka","Frozen Egg 2","Bag of Preparation","Lizard Tail","MutagenicStrength"],"potions_floor_usage":[22],"damage_taken":[{"damage":0,"enemies":"Cultist","floor":1,"turns":1},{"damage":0,"enemies":"Jaw Worm","floor":3,"turns":1},{"damage":0,"enemies":"Small Slimes","floor":5,"turns":1},{"damage":33,"enemies":"Gremlin Gang","floor":8,"turns":6},{"damage":2,"enemies":"2 Fungi Beasts","floor":10,"turns":5},{"damage":0,"enemies":"Looter","floor":12,"turns":3},{"damage":0,"enemies":"3 Louse","floor":14,"turns":4},{"damage":46,"enemies":"Hexaghost","floor":16,"turns":17},{"damage":0,"enemies":"Spheric Guardian","floor":18,"turns":6},{"damage":13,"enemies":"Shell Parasite","floor":19,"turns":9},{"damage":17,"enemies":"Sentry and Sphere","floor":22,"turns":12},{"damage":82,"enemies":"Gremlin Leader","floor":23,"turns":6}],"seed_played":"3815251557458402552","potions_obtained":[{"floor":10,"key":"Explosive Potion"}],"is_trial":false,"path_per_floor":["M","?","M","T","M","$","?","M","T","M","R","M","R","M","R","B",null,"M","M","?","?","M","E"],"character_chosen":"DEFECT","items_purchased":["Redo"],"campfire_rested":1,"item_purchase_floors":[6],"current_hp_per_floor":[75,75,75,75,75,75,75,42,42,40,40,40,40,40,62,16,75,75,62,48,48,31,0],"gold":278,"neow_bonus":"THREE_ENEMY_KILL","is_prod":false,"is_daily":false,"chose_seed":false,"campfire_upgraded":2,"win_rate":0.0,"timestamp":1562787036,"path_taken":["M","?","M","?","?","$","?","M","T","M","R","M","R","M","R","BOSS","M","?","?","?","M","E"],"build_version":"2019-07-05","purchased_purges":1,"victory":false,"max_hp_per_floor":[75,75,75,75,75,75,75,75,75,75,75,75,75,75,75,75,75,75,75,80,80,80,80],"card_choices":[{"not_picked":["Coolheaded","Hologram"],"picked":"Blizzard","floor":1},{"not_picked":["Stack","Reprogram"],"picked":"Leap","floor":3},{"not_picked":["Darkness","Self Repair"],"picked":"Coolheaded","floor":5},{"not_picked":["Scrape","Undo"],"picked":"Conserve Battery","floor":8},{"not_picked":["Redo","Steam"],"picked":"Glacier","floor":10},{"not_picked":["Glacier","Rebound"],"picked":"Steam","floor":12},{"not_picked":["Stack","Multi-Cast"],"picked":"White Noise","floor":14},{"not_picked":["Fission","Electrodynamics+1"],"picked":"Echo Form+1","floor":16},{"not_picked":["Sweeping Beam","Beam Cell+1"],"picked":"Redo","floor":18},{"not_picked":["Leap","Gash","Coolheaded"],"picked":"SKIP","floor":19},{"not_picked":["Steam","Streamline"],"picked":"Capacitor+1","floor":22}],"player_experience":63331,"relics_obtained":[{"floor":4,"key":"Matryoshka"},{"floor":9,"key":"Frozen Egg 2"},{"floor":9,"key":"Bag of Preparation"}],"event_choices":[{"damage_healed":0,"gold_gain":0,"player_choice":"Ignored","damage_taken":0,"max_hp_gain":0,"max_hp_loss":0,"event_name":"Liars Game","floor":2,"gold_loss":0},{"cards_removed":["Strike_B"],"damage_healed":0,"gold_gain":0,"player_choice":"Purged","damage_taken":0,"max_hp_gain":0,"max_hp_loss":0,"event_name":"Purifier","floor":7,"gold_loss":0},{"damage_healed":0,"gold_gain":0,"player_choice":"Shed Blood","damage_taken":19,"max_hp_gain":5,"max_hp_loss":0,"event_name":"Forgotten Altar","floor":20,"gold_loss":0},{"damage_healed":0,"gold_gain":0,"player_choice":"Inject Mutagens","damage_taken":0,"relics_obtained":["MutagenicStrength"],"max_hp_gain":0,"max_hp_loss":0,"event_name":"Drug Dealer","floor":21,"gold_loss":0}],"is_beta":false,"boss_relics":[{"not_picked":["Velvet Choker","Snecko Eye"],"picked":"Lizard Tail"}],"items_purged_floors":[6],"is_endless":false,"potions_floor_spawned":[1,8,10,22],"killed_by":"Gremlin Leader","ascension_level":0}