{"gold_per_floor":[117,192,206,223,2,2,22,22,101,251,5,5,33,57,69,155,167,192,254,316,348,275,287,333,345,437,499,511],"floor_reached":28,"playtime":1163,"items_purged":["Doubt"],"score":453,"play_id":"438a1397-fa85-433e-a828-87618821bb15","local_time":"20190517225145","is_ascension_mode":true,"campfire_choices":[{"data":"Poisoned Stab","floor":6.0,"key":"SMITH"},{"data":"Terror","floor":8.0,"key":"SMITH"},{"data":"Neutralize","floor":12.0,"key":"SMITH"},{"data":"Infinite Blades","floor":15.0,"key":"SMITH"},{"floor":23,"key":"REST"}],"neow_cost":"NONE","seed_source_timestamp":184987179004968,"circlet_count":0,"master_deck":["AscendersBane","Defend_G","Defend_G","Defend_G","Defend_G","Defend_G","Strike_G","Strike_G","Strike_G","Strike_G","Strike_G","Survivor","Neutralize+1","Slice","Quick Slash","Terror+1","Poisoned Stab+1","Infinite Blades+1","Envenom","Cloak And Dagger","Cloak And Dagger","Backflip"],"special_seed":0,"relics":["Ring of the Serpent","Snake Skull","Shuriken","Vajra","MawBank","Juzu Bracelet","Red Mask","Ninja Scroll","Bag of Marbles"],"potions_floor_usage":[24,25],"damage_taken":[{"damage":6.0,"enemies":"Jaw Worm","floor":1.0,"turns":8.0},{"damage":0.0,"enemies":"2 Louse","floor":3.0,"turns":4.0},{"damage":1.0,"enemies":"Small Slimes","floor":4.0,"turns":3.0},{"damage":13.0,"enemies":"Exordium Thugs","floor":7.0,"turns":6.0},{"damage":15.0,"enemies":"Lagavulin","floor":13.0,"turns":6.0},{"damage":18.0,"enemies":"Slime Boss","floor":16.0,"turns":8.0},{"damage":20.0,"enemies":"2 Thieves","floor":18.0,"turns":4.0},{"damage":13,"enemies":"3 Byrds","floor":21,"turns":5},{"damage":39,"enemies":"Masked Bandits","floor":24,"turns":5},{"damage":0,"enemies":"Snecko","floor":25,"turns":3},{"damage":5,"enemies":"Gremlin Leader","floor":28,"turns":2}],"seed_played":"-3968690210840823008","potions_obtained":[{"floor":1.0,"key":"Swift Potion"},{"floor":4.0,"key":"SpeedPotion"},{"floor":24,"key":"SmokeBomb"}],"is_trial":false,"path_per_floor":["M","?","M","M","$","R","M","R","T","?","$","R","E","T","R","B",null,"M","?","?","M","?","R","?","M","T","T","E"],"character_chosen":"THE_SILENT","items_purchased":["Poisoned Stab","Snake Skull","GhostInAJar","Infinite Blades"],"campfire_rested":1,"item_purchase_floors":[5,5,11,11],"current_hp_per_floor":[59,48,48,47,47,47,34,34,34,34,34,34,19,19,19,1,54,34,34,34,21,21,42,3,3,3,3,0],"gold":511,"neow_bonus":"TEN_PERCENT_HP_BONUS","is_prod":false,"is_daily":false,"chose_seed":false,"campfire_upgraded":4,"win_rate":0,"timestamp":1558147905,"path_taken":["M","?","M","M","$","R","M","R","T","?","$","R","E","?","R","BOSS","M","?","?","?","?","R","?","M","T","?","E"],"build_version":"2019-01-23","purchased_purges":1,"victory":false,"max_hp_per_floor":[72,72,72,72,72,72,72,72,72,72,72,72,72,72,72,72,72,72,72,72,72,72,72,72,72,72,72,72],"card_choices":[{"not_picked":["Expertise","Deflect"],"picked":"Slice","floor":1.0},{"not_picked":["Calculated Gamble","Backflip"],"picked":"Quick Slash","floor":3.0},{"not_picked":["Backflip","Sucker Punch"],"picked":"Terror","floor":4.0},{"not_picked":["Flechettes","Dodge and Roll","Blade Dance"],"picked":"SKIP","floor":7.0},{"not_picked":["Outmaneuver","Grand Finale","Dagger Throw"],"picked":"SKIP","floor":13.0},{"not_picked":["Die Die Die","After Image"],"picked":"Envenom","floor":16.0},{"not_picked":["PiercingWail","Terror"],"picked":"Cloak And Dagger","floor":18.0},{"not_picked":["Bane","Choke+1"],"picked":"Cloak And Dagger","floor":21},{"not_picked":["Infinite Blades","Dagger Spray+1"],"picked":"Backflip","floor":24}],"player_experience":1380888,"relics_obtained":[{"floor":9.0,"key":"Shuriken"},{"floor":13.0,"key":"Vajra"},{"floor":14.0,"key":"MawBank"},{"floor":24,"key":"Red Mask"},{"floor":26,"key":"Ninja Scroll"},{"floor":27,"key":"Bag of Marbles"}],"event_choices":[{"damage_healed":0.0,"max_hp_gain":0.0,"max_hp_loss":0.0,"gold_gain":75.0,"event_name":"World of Goop","player_choice":"Gather Gold","floor":2.0,"gold_loss":0.0,"damage_taken":11.0},{"damage_healed":0.0,"max_hp_gain":0.0,"max_hp_loss":0.0,"gold_gain":150.0,"event_name":"Liars Game","player_choice":"AGREE","floor":10.0,"gold_loss":0.0,"damage_taken":0.0,"cards_obtained":["Doubt"]},{"damage_healed":0.0,"max_hp_gain":0.0,"max_hp_loss":0.0,"gold_gain":50.0,"event_name":"Nest","player_choice":"Stole From Cult","floor":19.0,"gold_loss":0.0,"damage_taken":0.0},{"damage_healed":0.0,"max_hp_gain":0.0,"max_hp_loss":0.0,"gold_gain":100.0,"event_name":"The Joust","player_choice":"Bet on Murderer","floor":20.0,"gold_loss":50.0,"damage_taken":0.0},{"damage_healed":0,"gold_gain":0,"player_choice":"Obtained Relic","damage_taken":0,"relics_obtained":["Juzu Bracelet"],"max_hp_gain":0,"max_hp_loss":0,"event_name":"Addict","floor":22,"gold_loss":85},{"damage_healed":0,"gold_gain":0,"player_choice":"Fought Bandits","damage_taken":0,"max_hp_gain":0,"max_hp_loss":0,"event_name":"Masked Bandits","floor":24,"gold_loss":0}],"is_beta":false,"boss_relics":[{"not_picked":["Lizard Tail","Coffee Dripper"],"picked":"Ring of the Serpent"}],"items_purged_floors":[11],"is_endless":false,"potions_floor_spawned":[1,4,24,25],"killed_by":"Gremlin Leader","ascension_level":20}