{"gold_per_floor":[110,110,130,140,215,215,4,33,33,33,60,70,70,95,95,95],"floor_reached":16,"playtime":661,"items_purged":[],"score":216,"play_id":"52ff1f5f-387e-468b-b643-1ef5b03f5b02","local_time":"20190717103644","is_ascension_mode":true,"campfire_choices":[{"data":"Zap","floor":6,"key":"SMITH"},{"floor":10,"key":"REST"},{"data":"Barrage","floor":13,"key":"SMITH"},{"data":"Conserve Battery","floor":15,"key":"SMITH"}],"neow_cost":"NONE","seed_source_timestamp":634256561905266,"circlet_count":0,"master_deck":["AscendersBane","Strike_B","Strike_B","Strike_B","Strike_B+1","Defend_B","Defend_B","Defend_B","Defend_B","Zap+1","Dualcast","Hologram","Genetic Algorithm","Undo","Reboot","Cold Snap+1","Barrage+1","Conserve Battery+1"],"relics":["Cracked Core","Membership Card","Letter Opener","Pear","Odd Mushroom","Whetstone"],"potions_floor_usage":[],"damage_taken":[{"damage":2,"enemies":"2 Louse","floor":1,"turns":3},{"damage":4,"enemies":"Small Slimes","floor":3,"turns":4},{"damage":3,"enemies":"Cultist","floor":4,"turns":4},{"damage":44,"enemies":"3 Sentries","floor":8,"turns":10},{"damage":9,"enemies":"The Mushroom Lair","floor":11,"turns":4},{"damage":3,"enemies":"Exordium Wildlife","floor":12,"turns":3},{"damage":18,"enemies":"Lagavulin","floor":14,"turns":6},{"damage":13,"enemies":"The Guardian","floor":16,"turns":2}],"seed_played":"8314531600808936075","potions_obtained":[{"floor":4,"key":"Ancient Potion"},{"floor":11,"key":"FearPotion"},{"floor":14,"key":"FocusPotion"}],"is_trial":false,"path_per_floor":["M","?","M","M","?","R","$","E","T","R","?","M","R","E","R","B"],"character_chosen":"DEFECT","items_purchased":["Membership Card"],"campfire_rested":1,"item_purchase_floors":[7],"current_hp_per_floor":[69,69,65,62,51,51,51,7,17,43,34,31,31,13,13,0],"gold":95,"neow_bonus":"TEN_PERCENT_HP_BONUS","is_prod":false,"is_daily":false,"chose_seed":false,"campfire_upgraded":3,"win_rate":0,"timestamp":1563374204,"path_taken":["M","?","M","M","?","R","$","E","T","R","?","M","R","E","R","BOSS"],"build_version":"2019-07-05","purchased_purges":0,"victory":false,"max_hp_per_floor":[78,78,78,78,78,78,78,78,88,88,88,88,88,88,88,88],"card_choices":[{"not_picked":["Stack","Force Field"],"picked":"Hologram","floor":1},{"not_picked":["Streamline","Hologram"],"picked":"Genetic Algorithm","floor":3},{"not_picked":["Turbo","Aggregate"],"picked":"Undo","floor":4},{"not_picked":["Double Energy","Recycle"],"picked":"Reboot","floor":8},{"not_picked":["Undo","Scrape"],"picked":"Cold Snap","floor":11},{"not_picked":["Force Field","Compile Driver"],"picked":"Barrage","floor":12},{"not_picked":["Barrage","Force Field"],"picked":"Conserve Battery","floor":14}],"player_experience":1612982,"relics_obtained":[{"floor":8,"key":"Letter Opener"},{"floor":9,"key":"Pear"},{"floor":11,"key":"Odd Mushroom"},{"floor":14,"key":"Whetstone"}],"event_choices":[{"damage_healed":0,"gold_gain":0,"player_choice":"Ignored","damage_taken":0,"max_hp_gain":0,"max_hp_loss":0,"event_name":"Liars Game","floor":2,"gold_loss":0},{"damage_healed":0,"gold_gain":75,"player_choice":"Gather Gold","damage_taken":11,"max_hp_gain":0,"max_hp_loss":0,"event_name":"World of Goop","floor":5,"gold_loss":0},{"damage_healed":0,"gold_gain":0,"player_choice":"Fought Mushrooms","damage_taken":0,"max_hp_gain":0,"max_hp_loss":0,"event_name":"Mushrooms","floor":11,"gold_loss":0}],"is_beta":false,"boss_relics":[],"items_purged_floors":[],"is_endless":false,"potions_floor_spawned":[4,11,12,14],"killed_by":"The Guardian","ascension_level":20}