{"gold_per_floor":[109,109,126,91,106,106,132,132,157,183,11,29,43,43,43,118,118,118,118,0,0,0,0,0,0,0,0,0,0,0,0,0,0,0,0,0,0,0,0,0],"floor_reached":40,"playtime":1771,"items_purged":[],"score":878,"play_id":"0ba5a727-7201-4d62-8a0c-556dfe014ce1","local_time":"20190605011357","is_ascension_mode":true,"campfire_choices":[{"data":"Uppercut","floor":6.0,"key":"SMITH"},{"data":"Armaments","floor":8.0,"key":"SMITH"},{"data":"Bash","floor":15.0,"key":"SMITH"},{"floor":23.0,"key":"REST"},{"floor":25.0,"key":"REST"},{"data":"Juggernaut","floor":28.0,"key":"SMITH"},{"data":"Heavy Blade","floor":30.0,"key":"SMITH"},{"floor":32.0,"key":"REST"}],"neow_cost":"TEN_PERCENT_HP_LOSS","seed_source_timestamp":1747975859829197,"circlet_count":0,"master_deck":["AscendersBane","Strike_R+1","Strike_R+1","Strike_R+1","Strike_R+1","Strike_R+1","Defend_R+1","Defend_R+1","Defend_R+1","Defend_R+1","Bash+1","Thunderclap","Uppercut+1","Battle Trance","Armaments+1","Hemokinesis","Rupture","Brutality","Heavy Blade+1","Juggernaut+1","Spot Weakness","Necronomicurse","Entrench+1","Offering","Cleave","Corruption","Shockwave"],"special_seed":0,"relics":["Burning Blood","Ice Cream","Regal Pillow","Juzu Bracelet","Pen Nib","Bottled Lightning","Bag of Preparation","Ectoplasm","Necronomicon","Strawberry","Omamori","Happy Flower","Snecko Eye"],"potions_floor_usage":[40],"damage_taken":[{"damage":7.0,"enemies":"Jaw Worm","floor":1.0,"turns":3.0},{"damage":9.0,"enemies":"Small Slimes","floor":3.0,"turns":5.0},{"damage":1.0,"enemies":"Cultist","floor":5.0,"turns":3.0},{"damage":15.0,"enemies":"Lagavulin","floor":7.0,"turns":7.0},{"damage":26.0,"enemies":"Gremlin Nob","floor":10.0,"turns":4.0},{"damage":0.0,"enemies":"Large Slime","floor":12.0,"turns":4.0},{"damage":5.0,"enemies":"Looter","floor":13.0,"turns":3.0},{"damage":32.0,"enemies":"The Guardian","floor":16.0,"turns":8.0},{"damage":29.0,"enemies":"Spheric Guardian","floor":18.0,"turns":4.0},{"damage":7.0,"enemies":"Shell Parasite","floor":22.0,"turns":3.0},{"damage":21.0,"enemies":"Snake Plant","floor":24.0,"turns":3.0},{"damage":44.0,"enemies":"Slavers","floor":27.0,"turns":4.0},{"damage":65.0,"enemies":"Automaton","floor":33.0,"turns":8.0},{"damage":0.0,"enemies":"3 Shapes","floor":35.0,"turns":5.0},{"damage":14.0,"enemies":"Orb Walker","floor":36.0,"turns":2.0},{"damage":26,"enemies":"3 Darklings","floor":38,"turns":3},{"damage":19,"enemies":"Sphere and 2 Shapes","floor":39,"turns":4},{"damage":34,"enemies":"Reptomancer","floor":40,"turns":2}],"seed_played":"5732783801915980592","potions_obtained":[{"floor":3.0,"key":"Fruit Juice"},{"floor":7.0,"key":"Block Potion"},{"floor":13.0,"key":"FairyPotion"},{"floor":16.0,"key":"PowerPotion"},{"floor":18.0,"key":"Explosive Potion"},{"floor":22.0,"key":"AttackPotion"},{"floor":33.0,"key":"Dexterity Potion"},{"floor":38,"key":"Poison Potion"},{"floor":39,"key":"AttackPotion"}],"is_trial":false,"path_per_floor":["M","?","M","?","M","R","E","R","T","E","$","M","M","?","R","B",null,"M","?","?","$","M","R","M","R","T","E","R","?","R","T","R","B",null,"M","M","?","M","M","E"],"character_chosen":"IRONCLAD","items_purchased":["Bag of Preparation"],"campfire_rested":3,"item_purchase_floors":[11],"current_hp_per_floor":[67,49,46,63,68,68,59,59,59,39,39,45,46,46,46,25,61,38,17,17,17,16,52,37,73,80,42,42,42,42,42,80,21,65,71,63,63,43,30,0],"gold":0,"neow_bonus":"ONE_RARE_RELIC","is_prod":false,"is_daily":false,"chose_seed":false,"campfire_upgraded":5,"win_rate":0,"timestamp":1559711637,"path_taken":["M","?","M","?","M","R","E","R","T","E","$","M","M","?","R","BOSS","M","?","?","$","M","R","M","R","T","E","R","?","R","?","R","BOSS","M","M","?","M","M","E"],"build_version":"2019-01-23","purchased_purges":0,"victory":false,"max_hp_per_floor":[68,68,68,68,68,68,68,68,68,68,68,68,68,68,68,73,73,73,73,73,73,73,73,73,73,80,80,80,80,80,80,80,80,80,80,80,80,80,80,80],"card_choices":[{"not_picked":["Headbutt","Wild Strike"],"picked":"Thunderclap","floor":1.0},{"not_picked":["Searing Blow","Intimidate"],"picked":"Uppercut","floor":3.0},{"not_picked":["Body Slam","Wild Strike"],"picked":"Battle Trance","floor":5.0},{"not_picked":["Sever Soul","Anger"],"picked":"Armaments","floor":7.0},{"not_picked":["Armaments","Dark Embrace"],"picked":"Hemokinesis","floor":10.0},{"not_picked":["Blood for Blood","Warcry","Second Wind"],"picked":"SKIP","floor":12.0},{"not_picked":["Sentinel","Pommel Strike"],"picked":"Rupture","floor":13.0},{"not_picked":["Exhume","Impervious"],"picked":"Juggernaut","floor":16.0},{"not_picked":["Thunderclap","Headbutt"],"picked":"Spot Weakness","floor":18.0},{"not_picked":["Burning Pact","Clash","Flex+1"],"picked":"SKIP","floor":22.0},{"not_picked":["Twin Strike","Searing Blow","Armaments"],"picked":"SKIP","floor":24.0},{"not_picked":["Shrug It Off","Hemokinesis+1"],"picked":"Entrench+1","floor":27.0},{"not_picked":["Brutality","Exhume"],"picked":"Offering","floor":33.0},{"not_picked":["Pummel","Pommel Strike"],"picked":"Cleave","floor":35.0},{"not_picked":["Ghostly Armor+1","Armaments+1"],"picked":"Corruption","floor":36.0},{"not_picked":["Sword Boomerang","Thunderclap","Searing Blow+1"],"picked":"SKIP","floor":38},{"not_picked":["Power Through","Blood for Blood"],"picked":"Shockwave","floor":39}],"player_experience":1506938,"relics_obtained":[{"floor":7.0,"key":"Juzu Bracelet"},{"floor":9.0,"key":"Pen Nib"},{"floor":10.0,"key":"Bottled Lightning"},{"floor":19.0,"key":"Necronomicon"},{"floor":26.0,"key":"Strawberry"},{"floor":27.0,"key":"Omamori"},{"floor":31.0,"key":"Happy Flower"}],"event_choices":[{"damage_healed":0.0,"max_hp_gain":0.0,"max_hp_loss":0.0,"gold_gain":0.0,"event_name":"Scrap Ooze","player_choice":"Success","floor":2.0,"gold_loss":0.0,"damage_taken":18.0,"relics_obtained":["Regal Pillow"]},{"damage_healed":17.0,"max_hp_gain":0.0,"max_hp_loss":0.0,"gold_gain":0.0,"event_name":"The Cleric","player_choice":"Healed","floor":4.0,"gold_loss":35.0,"damage_taken":0.0},{"damage_healed":0.0,"max_hp_gain":0.0,"max_hp_loss":0.0,"gold_gain":0.0,"event_name":"Match and Keep!","player_choice":"2 cards matched","floor":14.0,"gold_loss":0.0,"damage_taken":0.0,"cards_obtained":["Brutality","Heavy Blade"]},{"damage_healed":0.0,"max_hp_gain":0.0,"max_hp_loss":0.0,"gold_gain":0.0,"event_name":"Cursed Tome","player_choice":"Obtained Book","floor":19.0,"gold_loss":0.0,"damage_taken":21.0},{"damage_healed":0.0,"max_hp_gain":0.0,"max_hp_loss":0.0,"gold_gain":0.0,"event_name":"Masked Bandits","player_choice":"Paid Fearfully","floor":20.0,"gold_loss":118.0,"damage_taken":0.0},{"damage_healed":0.0,"max_hp_gain":0.0,"max_hp_loss":0.0,"gold_gain":0.0,"event_name":"Back to Basics","player_choice":"Simplicity","floor":29.0,"gold_loss":0.0,"damage_taken":0.0,"cards_upgraded":["Strike_R","Strike_R","Strike_R","Strike_R","Strike_R","Defend_R","Defend_R","Defend_R","Defend_R"]},{"damage_healed":0.0,"max_hp_gain":0.0,"max_hp_loss":0.0,"gold_gain":0.0,"event_name":"SecretPortal","player_choice":"Ignored","floor":37.0,"gold_loss":0.0,"damage_taken":0.0}],"is_beta":false,"boss_relics":[{"not_picked":["Orrery","Tiny House"],"picked":"Ectoplasm"},{"not_picked":["Runic Cube","Busted Crown"],"picked":"Snecko Eye"}],"items_purged_floors":[],"is_endless":false,"potions_floor_spawned":[3,7,13,16,18,22,33,38,39],"killed_by":"Reptomancer","ascension_level":20}