{"gold_per_floor":[116,66,66,79,79,79,112,112,112,112,194,206,223,240,240,345,345,319,244,244,169,95,95,124,138,138,138,0,0,0,0,0,0],"floor_reached":33,"playtime":1355,"items_purged":["Defend_R"],"score":309,"play_id":"c3cb266c-3952-4005-8cad-b98cc1b3daca","local_time":"20190711001909","is_ascension_mode":false,"campfire_choices":[{"data":"Shrug It Off","floor":6,"key":"SMITH"},{"data":"Twin Strike","floor":8,"key":"SMITH"},{"data":"Bash","floor":10,"key":"SMITH"},{"data":"Barricade","floor":15,"key":"SMITH"},{"data":"Demon Form","floor":23,"key":"SMITH"},{"data":"Armaments","floor":27,"key":"SMITH"},{"data":"Infernal Blade","floor":29,"key":"SMITH"},{"floor":32,"key":"REST"}],"neow_cost":"NONE","seed_source_timestamp":219338870736843,"circlet_count":0,"master_deck":["Defend_R+1","Defend_R+1","Bash+1","Shrug It Off+1","True Grit","Twin Strike+1","Infernal Blade+1","Barricade+1","Demon Form+1","Sword Boomerang+1","Bloodletting+1","Berserk+1","Armaments+1","Bite","Bite","Bite","Bite","Bite","Entrench","Juggernaut","Jack Of All Trades"],"relics":["Burning Blood","NeowsBlessing","Ice Cream","Sundial","Question Card","Astrolabe","Bag of Preparation","Matryoshka"],"potions_floor_usage":[24,24,33,33],"damage_taken":[{"damage":0,"enemies":"Small Slimes","floor":1,"turns":1},{"damage":0,"enemies":"2 Louse","floor":4,"turns":1},{"damage":0,"enemies":"Lagavulin","floor":7,"turns":1},{"damage":0,"enemies":"Cultist","floor":12,"turns":3},{"damage":4,"enemies":"Exordium Wildlife","floor":13,"turns":6},{"damage":16,"enemies":"Large Slime","floor":14,"turns":8},{"damage":48,"enemies":"Hexaghost","floor":16,"turns":15},{"damage":30,"enemies":"2 Thieves","floor":18,"turns":5},{"damage":48,"enemies":"Book of Stabbing","floor":24,"turns":6},{"damage":21,"enemies":"Shell Parasite","floor":25,"turns":6},{"damage":85,"enemies":"Collector","floor":33,"turns":5}],"seed_played":"1739835194462076392","potions_obtained":[{"floor":13,"key":"Ancient Potion"},{"floor":14,"key":"SteroidPotion"},{"floor":16,"key":"Poison Potion"},{"floor":25,"key":"BloodPotion"}],"is_trial":false,"path_per_floor":["M","?","?","M","?","R","E","R","T","R","T","M","M","M","R","B",null,"M","$","?","?","$","R","E","M","T","R","?","R","$","?","R","B"],"character_chosen":"IRONCLAD","items_purchased":["Entrench"],"campfire_rested":1,"item_purchase_floors":[22],"current_hp_per_floor":[80,80,64,70,75,75,81,81,81,81,81,85,85,75,75,33,85,61,61,59,59,59,59,30,33,33,33,33,33,33,33,50,0],"gold":0,"neow_bonus":"THREE_ENEMY_KILL","is_prod":false,"is_daily":false,"chose_seed":false,"campfire_upgraded":7,"win_rate":0.0,"timestamp":1562818749,"path_taken":["M","?","?","M","?","R","E","R","T","R","?","M","?","M","R","BOSS","M","$","?","?","$","R","E","M","T","R","?","R","?","?","R","BOSS"],"build_version":"2019-07-05","purchased_purges":1,"victory":false,"max_hp_per_floor":[80,80,80,80,85,85,85,85,85,85,85,85,85,85,85,85,85,85,85,59,59,59,59,59,59,59,59,59,59,59,59,59,59],"card_choices":[{"not_picked":["Flex","Clothesline"],"picked":"Shrug It Off","floor":1},{"not_picked":["Warcry","Brutality"],"picked":"True Grit","floor":4},{"not_picked":["Bludgeon","Blood for Blood"],"picked":"Twin Strike","floor":7},{"not_picked":["Searing Blow","Body Slam","Twin Strike","Carnage"],"picked":"SKIP","floor":12},{"not_picked":["True Grit","Metallicize","Power Through"],"picked":"Infernal Blade","floor":13},{"not_picked":["Warcry","Heavy Blade","Thunderclap"],"picked":"Barricade","floor":14},{"not_picked":["Limit Break","Impervious","Bludgeon"],"picked":"Demon Form","floor":16},{"not_picked":["Ghostly Armor+1","Clothesline","Pummel"],"picked":"Armaments","floor":18},{"not_picked":["Headbutt+1","Sword Boomerang+1","Spot Weakness"],"picked":"Juggernaut","floor":24},{"not_picked":["Body Slam","Headbutt","Berserk","Infernal Blade"],"picked":"SKIP","floor":25}],"player_experience":92675,"relics_obtained":[{"floor":7,"key":"Ice Cream"},{"floor":9,"key":"Sundial"},{"floor":11,"key":"Question Card"},{"floor":24,"key":"Bag of Preparation"},{"floor":26,"key":"Matryoshka"}],"event_choices":[{"cards_removed":["Strike_R"],"damage_healed":0,"gold_gain":0,"player_choice":"Card Removal","damage_taken":0,"max_hp_gain":0,"max_hp_loss":0,"event_name":"The Cleric","floor":2,"gold_loss":50},{"damage_healed":0,"gold_gain":0,"player_choice":"Entered Light","damage_taken":16,"max_hp_gain":0,"max_hp_loss":0,"event_name":"Shining Light","floor":3,"gold_loss":0,"cards_upgraded":["Defend_R","Defend_R"]},{"damage_healed":0,"gold_gain":0,"player_choice":"Donut","damage_taken":0,"max_hp_gain":5,"max_hp_loss":0,"event_name":"Big Fish","floor":5,"gold_loss":0},{"damage_healed":0,"gold_gain":0,"player_choice":"Became a vampire","damage_taken":0,"max_hp_gain":0,"max_hp_loss":26,"event_name":"Vampires","floor":20,"gold_loss":0,"cards_obtained":["Bite","Bite","Bite","Bite","Bite"]},{"cards_removed":["Defend_R"],"damage_healed":0,"gold_gain":0,"player_choice":"Gave Gold","damage_taken":0,"max_hp_gain":0,"max_hp_loss":0,"event_name":"Beggar","floor":21,"gold_loss":75},{"damage_healed":0,"gold_gain":0,"player_choice":"Paid Fearfully","damage_taken":0,"max_hp_gain":0,"max_hp_loss":0,"event_name":"Masked Bandits","floor":28,"gold_loss":138},{"damage_healed":0,"gold_gain":0,"player_choice":"1 cards matched","damage_taken":0,"max_hp_gain":0,"max_hp_loss":0,"event_name":"Match and Keep!","floor":31,"gold_loss":0,"cards_obtained":["Jack Of All Trades"]}],"is_beta":false,"boss_relics":[{"not_picked":["Runic Cube","Black Star"],"picked":"Astrolabe"}],"items_purged_floors":[19],"is_endless":false,"potions_floor_spawned":[13,14,16,25],"killed_by":"Collector","ascension_level":0}