{"gold_per_floor":[114,84,95,95,108,135,135,160,160,173,173,203,203,44,44,117,117,135,150,167,167,186,186,212,226,226,226],"floor_reached":27,"playtime":1233,"items_purged":["Strike_B"],"score":531,"play_id":"e763fbf3-f079-4891-acc3-8ba1d757a3f6","local_time":"20190518013425","is_ascension_mode":true,"campfire_choices":[{"data":"Zap","floor":7.0,"key":"SMITH"},{"data":"Electrodynamics","floor":11.0,"key":"SMITH"},{"data":"Melter","floor":13.0,"key":"SMITH"},{"data":"Consume","floor":15.0,"key":"SMITH"},{"floor":23.0,"key":"REST"}],"neow_cost":"NONE","seed_source_timestamp":194533474149317,"circlet_count":0,"master_deck":["AscendersBane","Strike_B","Strike_B","Strike_B","Defend_B","Defend_B","Defend_B","Defend_B","Zap+1","Dualcast","Melter+1","Gash","Electrodynamics+1","Sweeping Beam","Echo Form","Cold Snap","Rainbow","Consume+1","Echo Form","Defragment","Chill","Force Field","Steam"],"special_seed":0,"relics":["Cracked Core","NeowsBlessing","Nunchaku","Mummified Hand","Mango","Centennial Puzzle","Sozu","Pen Nib","FossilizedHelix"],"potions_floor_usage":[],"damage_taken":[{"damage":0.0,"enemies":"2 Louse","floor":1.0,"turns":1.0},{"damage":0.0,"enemies":"Cultist","floor":3.0,"turns":1.0},{"damage":0.0,"enemies":"Jaw Worm","floor":5.0,"turns":1.0},{"damage":8.0,"enemies":"Gremlin Nob","floor":6.0,"turns":3.0},{"damage":30.0,"enemies":"Lagavulin","floor":8.0,"turns":6.0},{"damage":5.0,"enemies":"Large Slime","floor":10.0,"turns":3.0},{"damage":6.0,"enemies":"Gremlin Nob","floor":12.0,"turns":3.0},{"damage":16.0,"enemies":"The Guardian","floor":16.0,"turns":10.0},{"damage":2.0,"enemies":"Chosen","floor":18.0,"turns":3.0},{"damage":1.0,"enemies":"Spheric Guardian","floor":19.0,"turns":3.0},{"damage":1.0,"enemies":"Chosen and Byrds","floor":20.0,"turns":3.0},{"damage":0.0,"enemies":"Centurion and Healer","floor":22.0,"turns":2.0},{"damage":19.0,"enemies":"Book of Stabbing","floor":24.0,"turns":5.0},{"damage":29.0,"enemies":"Shelled Parasite and Fungi","floor":25.0,"turns":3.0},{"damage":21,"enemies":"Slavers","floor":27,"turns":1}],"seed_played":"6628952335784721925","potions_obtained":[{"floor":2.0,"key":"EntropicBrew"},{"floor":2.0,"key":"PowerPotion"},{"floor":6.0,"key":"PowerPotion"},{"floor":8.0,"key":"Energy Potion"},{"floor":12.0,"key":"Block Potion"}],"is_trial":false,"path_per_floor":["M","?","M","?","M","E","R","E","T","M","R","E","R","$","R","B",null,"M","M","M","?","M","R","E","M","T","E"],"character_chosen":"DEFECT","items_purchased":["Consume"],"campfire_rested":1,"item_purchase_floors":[14],"current_hp_per_floor":[64,64,64,64,64,56,56,26,40,35,35,29,29,29,29,13,67,65,64,63,38,38,65,46,17,17,0],"gold":226,"neow_bonus":"THREE_ENEMY_KILL","is_prod":false,"is_daily":false,"chose_seed":false,"campfire_upgraded":4,"win_rate":0,"timestamp":1558157665,"path_taken":["M","?","?","?","?","E","R","E","T","M","R","E","R","$","R","BOSS","M","M","M","?","M","R","E","M","T","E"],"build_version":"2019-01-23","purchased_purges":1,"victory":false,"max_hp_per_floor":[71,71,71,71,71,71,71,71,85,85,85,85,85,85,85,85,85,85,85,85,90,90,90,90,90,90,90],"card_choices":[{"not_picked":["Leap","Go for the Eyes"],"picked":"Melter","floor":1.0},{"not_picked":["Steam","Turbo"],"picked":"Gash","floor":3.0},{"not_picked":["Lockon","Stack"],"picked":"Sweeping Beam","floor":5.0},{"not_picked":["Melter","Go for the Eyes","Rebound"],"picked":"SKIP","floor":6.0},{"not_picked":["Storm","Hologram"],"picked":"Echo Form","floor":8.0},{"not_picked":["Sweeping Beam","Melter"],"picked":"Cold Snap","floor":10.0},{"not_picked":["Reprogram","All For One"],"picked":"Rainbow","floor":12.0},{"not_picked":["Core Surge","Rainbow"],"picked":"Echo Form","floor":16.0},{"not_picked":["Compile Driver","Ball Lightning"],"picked":"Defragment","floor":18.0},{"not_picked":["Lockon","Conserve Battery"],"picked":"Chill","floor":19.0},{"not_picked":["Blizzard","Sweeping Beam"],"picked":"Force Field","floor":20.0},{"not_picked":["Compile Driver","Turbo","Stack"],"picked":"SKIP","floor":22.0},{"not_picked":["Doom and Gloom","Sweeping Beam"],"picked":"Steam","floor":24.0},{"not_picked":["Chill+1","Blizzard","Recycle"],"picked":"SKIP","floor":25.0}],"player_experience":1389356,"relics_obtained":[{"floor":6.0,"key":"Nunchaku"},{"floor":8.0,"key":"Mummified Hand"},{"floor":9.0,"key":"Mango"},{"floor":12.0,"key":"Centennial Puzzle"},{"floor":24.0,"key":"Pen Nib"},{"floor":26.0,"key":"FossilizedHelix"}],"event_choices":[{"damage_healed":0.0,"max_hp_gain":0.0,"max_hp_loss":0.0,"gold_gain":0.0,"event_name":"The Woman in Blue","player_choice":"Bought 2 Potions","floor":2.0,"gold_loss":0.0,"damage_taken":0.0},{"damage_healed":0.0,"max_hp_gain":0.0,"max_hp_loss":0.0,"gold_gain":0.0,"event_name":"Match and Keep!","player_choice":"1 cards matched","floor":4.0,"gold_loss":0.0,"damage_taken":0.0,"cards_obtained":["Electrodynamics"]},{"damage_healed":0.0,"max_hp_gain":5.0,"max_hp_loss":0.0,"gold_gain":0.0,"event_name":"Forgotten Altar","player_choice":"Shed Blood","floor":21.0,"gold_loss":0.0,"damage_taken":30.0}],"is_beta":false,"boss_relics":[{"not_picked":["Inserter","Velvet Choker"],"picked":"Sozu"}],"items_purged_floors":[14],"is_endless":false,"potions_floor_spawned":[5,6,8,10,12,20,22],"killed_by":"Slavers","ascension_level":20}