{"gold_per_floor":[118,137,287,304,12,12,38,83,109,18,29,44,44,71,71,142,142,162,180,251,62,42,42,55,55,125,125,125],"floor_reached":28,"playtime":1210,"items_purged":["Doubt"],"score":452,"play_id":"5e60e2df-9694-4776-873d-41ef57f55441","local_time":"20190528020027","is_ascension_mode":true,"campfire_choices":[{"data":"Bash","floor":6,"key":"SMITH"},{"data":"Spot Weakness","floor":13,"key":"SMITH"},{"data":"Feel No Pain","floor":15,"key":"SMITH"},{"data":"True Grit","floor":23,"key":"SMITH"},{"floor":25,"key":"REST"}],"neow_cost":"NONE","seed_source_timestamp":1060277024233277,"circlet_count":0,"master_deck":["AscendersBane","Strike_R","Strike_R","Defend_R","Defend_R","Defend_R","Defend_R","Bash+1","Feel No Pain+1","Spot Weakness+1","Sword Boomerang","Headbutt","Whirlwind","Shrug It Off","Shrug It Off","Hemokinesis","Second Wind","Feed","True Grit+1","Shrug It Off","Inflame","Feed"],"relics":["Burning Blood","OrangePellets","Red Skull","Oddly Smooth Stone","Happy Flower","Blood Vial","Empty Cage","Pantograph"],"potions_floor_usage":[16,24,28,28,28],"damage_taken":[{"damage":4,"enemies":"2 Louse","floor":1,"turns":3},{"damage":9,"enemies":"Jaw Worm","floor":2,"turns":3},{"damage":9,"enemies":"Cultist","floor":4,"turns":4},{"damage":24,"enemies":"3 Sentries","floor":7,"turns":9},{"damage":6,"enemies":"Large Slime","floor":11,"turns":7},{"damage":20,"enemies":"Gremlin Gang","floor":12,"turns":2},{"damage":11,"enemies":"Gremlin Nob","floor":14,"turns":3},{"damage":35,"enemies":"The Guardian","floor":16,"turns":10},{"damage":12,"enemies":"Chosen","floor":18,"turns":7},{"damage":38,"enemies":"2 Thieves","floor":19,"turns":5},{"damage":25,"enemies":"Cultist and Chosen","floor":24,"turns":6},{"damage":55,"enemies":"Gremlin Leader","floor":28,"turns":5}],"seed_played":"1320180311771664718","potions_obtained":[{"floor":1,"key":"Energy Potion"},{"floor":7,"key":"Dexterity Potion"},{"floor":19,"key":"EntropicBrew"},{"floor":22,"key":"FearPotion"},{"floor":24,"key":"AttackPotion"}],"is_trial":false,"path_per_floor":["M","M","?","M","$","R","E","T","T","$","M","M","R","E","R","B",null,"M","M","T","$","?","R","M","R","T","?","E"],"character_chosen":"IRONCLAD","items_purchased":["OrangePellets","Whirlwind","Shrug It Off","Inflame","Feed"],"campfire_rested":1,"item_purchase_floors":[5,10,10,21,21],"current_hp_per_floor":[77,74,74,71,71,71,53,53,53,53,53,39,39,34,34,7,63,59,29,29,29,29,29,15,40,40,40,0],"gold":125,"neow_bonus":"TEN_PERCENT_HP_BONUS","is_prod":false,"is_daily":false,"chose_seed":false,"campfire_upgraded":4,"win_rate":0,"timestamp":1559023227,"path_taken":["M","M","?","M","$","R","E","?","T","?","M","?","R","E","R","BOSS","M","M","?","$","?","R","?","R","T","?","E"],"build_version":"2019-01-23","purchased_purges":1,"victory":false,"max_hp_per_floor":[82,82,82,82,82,82,82,82,82,82,82,82,82,82,82,82,82,82,82,82,82,82,82,85,85,85,85,85],"card_choices":[{"not_picked":["Flex","Iron Wave"],"picked":"Feel No Pain","floor":1},{"not_picked":["Armaments","Second Wind"],"picked":"Spot Weakness","floor":2},{"not_picked":["Clothesline","Burning Pact"],"picked":"Sword Boomerang","floor":4},{"not_picked":["Pommel Strike","Dual Wield"],"picked":"Headbutt","floor":7},{"not_picked":["Bloodletting","Havoc"],"picked":"Shrug It Off","floor":11},{"not_picked":["Wild Strike","Reckless Charge"],"picked":"Hemokinesis","floor":12},{"not_picked":["Rampage","Sever Soul"],"picked":"Second Wind","floor":14},{"not_picked":["Offering","Exhume"],"picked":"Feed","floor":16},{"not_picked":["Burning Pact","Sword Boomerang"],"picked":"True Grit","floor":18},{"not_picked":["Ghostly Armor","Armaments"],"picked":"Shrug It Off","floor":19},{"not_picked":["Headbutt","Clothesline","Iron Wave"],"picked":"SKIP","floor":24}],"player_experience":1425881,"relics_obtained":[{"floor":7,"key":"Red Skull"},{"floor":8,"key":"Oddly Smooth Stone"},{"floor":9,"key":"Happy Flower"},{"floor":14,"key":"Blood Vial"},{"floor":20,"key":"Pantograph"}],"event_choices":[{"damage_healed":0,"gold_gain":150,"player_choice":"AGREE","damage_taken":0,"max_hp_gain":0,"max_hp_loss":0,"event_name":"Liars Game","floor":3,"gold_loss":0,"cards_obtained":["Doubt"]},{"damage_healed":0,"gold_gain":0,"player_choice":"Bought 1 Potion","damage_taken":0,"max_hp_gain":0,"max_hp_loss":0,"event_name":"The Woman in Blue","floor":22,"gold_loss":0},{"cards_removed":["Strike_R"],"damage_healed":0,"gold_gain":0,"player_choice":"Purged","damage_taken":0,"max_hp_gain":0,"max_hp_loss":0,"event_name":"Purifier","floor":27,"gold_loss":0}],"is_beta":false,"boss_relics":[{"not_picked":["Busted Crown","Black Blood"],"picked":"Empty Cage"}],"items_purged_floors":[5],"is_endless":false,"potions_floor_spawned":[1,7,11,14,19,24],"killed_by":"Gremlin Leader","ascension_level":20}