{"gold_per_floor":[109,126,143,163,40,40,67,79,91,118,50,84,84,84],"floor_reached":14,"playtime":966,"items_purged":[],"score":105,"play_id":"b7fd12ed-3c78-4ce7-a068-74967ee3cb1d","local_time":"20190610235639","is_ascension_mode":true,"campfire_choices":[{"data":"Ball Lightning","floor":6,"key":"SMITH"},{"floor":8,"key":"RECALL"}],"neow_cost":"NONE","seed_source_timestamp":88360315823300,"circlet_count":0,"master_deck":["Strike_B","Strike_B","Strike_B","Strike_B","Defend_B","Defend_B","Defend_B","Defend_B","Zap+1","Dualcast","Hologram","Ball Lightning+1","Conserve Battery","Coolheaded","Defragment","Go for the Eyes","Chaos","Hello World","Defragment+1","Skim"],"relics":["Cracked Core","MawBank","Letter Opener"],"potions_floor_usage":[12,12,14],"damage_taken":[{"damage":0,"enemies":"Cultist","floor":1,"turns":4},{"damage":2,"enemies":"Small Slimes","floor":2,"turns":2},{"damage":0,"enemies":"2 Louse","floor":3,"turns":2},{"damage":12,"enemies":"Looter","floor":4,"turns":3},{"damage":25,"enemies":"Lagavulin","floor":7,"turns":6},{"damage":13,"enemies":"Red Slaver","floor":10,"turns":3},{"damage":12,"enemies":"3 Sentries","floor":12,"turns":5},{"damage":8,"enemies":"2 Fungi Beasts","floor":14,"turns":2}],"seed_played":"5489891242727879885","potions_obtained":[{"floor":3,"key":"PowerPotion"},{"floor":4,"key":"Fire Potion"},{"floor":12,"key":"SteroidPotion"}],"is_trial":false,"path_per_floor":["M","M","M","M","$","R","E","R","T","M","$","E","?","M"],"character_chosen":"DEFECT","items_purchased":["Defragment","Go for the Eyes","Defragment"],"campfire_rested":0,"item_purchase_floors":[5,5,11],"current_hp_per_floor":[82,80,80,68,68,68,43,43,43,30,30,18,2,0],"gold":84,"neow_bonus":"TEN_PERCENT_HP_BONUS","is_prod":false,"is_daily":false,"chose_seed":false,"campfire_upgraded":1,"win_rate":0,"timestamp":1560225399,"path_taken":["M","M","M","M","$","R","E","R","T","M","?","E","?","M"],"build_version":"2019-01-23","purchased_purges":0,"victory":false,"max_hp_per_floor":[82,82,82,82,82,82,82,82,82,82,82,82,82,82],"card_choices":[{"not_picked":["Hello World","Double Energy"],"picked":"Hologram","floor":1},{"not_picked":["Auto Shields","Sweeping Beam"],"picked":"Ball Lightning","floor":2},{"not_picked":["Redo","Stack"],"picked":"Conserve Battery","floor":3},{"not_picked":["Go for the Eyes","Storm"],"picked":"Coolheaded","floor":4},{"not_picked":["Thunder Strike","Reprogram"],"picked":"Chaos","floor":7},{"not_picked":["Rebound","Steam Power"],"picked":"Hello World","floor":10},{"not_picked":["Rebound","Storm"],"picked":"Skim","floor":12}],"player_experience":93112,"relics_obtained":[{"floor":7,"key":"MawBank"},{"floor":12,"key":"Letter Opener"}],"event_choices":[{"damage_healed":0,"gold_gain":0,"player_choice":"Entered Light","damage_taken":16,"max_hp_gain":0,"max_hp_loss":0,"event_name":"Shining Light","floor":13,"gold_loss":0,"cards_upgraded":["Zap","Defragment"]}],"is_beta":false,"boss_relics":[],"items_purged_floors":[],"is_endless":false,"potions_floor_spawned":[3,4,12],"killed_by":"2 Fungi Beasts","ascension_level":1}