{"gold_per_floor":[209,229,14,33,33,33,64,64,109,135,155,169,169,183,183,261,261,280,280,280,280],"floor_reached":21,"playtime":1349,"items_purged":["Strike_G"],"score":378,"play_id":"b0ebbd63-cae9-4ee4-9577-937b94a189a3","local_time":"20190505112457","is_ascension_mode":true,"campfire_choices":[{"data":"All Out Attack","floor":6,"key":"SMITH"},{"data":"Neutralize","floor":8,"key":"SMITH"},{"data":"Well Laid Plans","floor":15,"key":"SMITH"}],"neow_cost":"NONE","seed_source_timestamp":122461999489875,"circlet_count":0,"master_deck":["AscendersBane","Defend_G","Defend_G","Defend_G","Defend_G","Defend_G+1","Strike_G","Strike_G","Strike_G","Strike_G","Survivor","Neutralize+1","Flying Knee","All Out Attack+1","Well Laid Plans+1","Poisoned Stab+1","Backflip","Quick Slash","Deadly Poison","Leg Sweep","Catalyst","Neutralize","Phantasmal Killer","Poisoned Stab","PiercingWail","A Thousand Cuts"],"relics":["Ring of the Snake","Snake Skull","Bag of Marbles","Shovel","Eternal Feather"],"potions_floor_usage":[7,10],"damage_taken":[{"damage":4,"enemies":"Jaw Worm","floor":1,"turns":6},{"damage":0,"enemies":"Cultist","floor":2,"turns":4},{"damage":0,"enemies":"Small Slimes","floor":4,"turns":2},{"damage":2,"enemies":"3 Sentries","floor":7,"turns":4},{"damage":6,"enemies":"Gremlin Nob","floor":10,"turns":3},{"damage":2,"enemies":"Gremlin Gang","floor":11,"turns":4},{"damage":1,"enemies":"Exordium Thugs","floor":12,"turns":4},{"damage":0,"enemies":"Exordium Wildlife","floor":14,"turns":4},{"damage":4,"enemies":"The Guardian","floor":16,"turns":10},{"damage":20,"enemies":"3 Byrds","floor":18,"turns":5},{"damage":12,"enemies":"Spheric Guardian","floor":21,"turns":4}],"seed_played":"6164176161438334989","potions_obtained":[{"floor":2,"key":"Explosive Potion"},{"floor":4,"key":"GamblersBrew"},{"floor":10,"key":"EntropicBrew"},{"floor":14,"key":"SpeedPotion"}],"is_trial":false,"path_per_floor":["M","M","$","M","?","R","E","R","T","E","M","M","?","M","R","B",null,"M","?","?","M"],"character_chosen":"THE_SILENT","items_purchased":["Well Laid Plans","Poisoned Stab"],"campfire_rested":0,"item_purchase_floors":[3,3],"current_hp_per_floor":[55,55,55,55,35,35,33,33,33,27,25,24,24,24,24,20,55,35,35,48,36],"gold":280,"neow_bonus":"HUNDRED_GOLD","is_prod":false,"is_daily":false,"chose_seed":false,"campfire_upgraded":3,"win_rate":0,"timestamp":1557069897,"path_taken":["M","M","$","M","?","R","E","R","T","E","M","M","?","?","R","BOSS","M","?","?","M"],"build_version":"2019-01-23","purchased_purges":1,"victory":false,"max_hp_per_floor":[66,66,66,66,66,66,66,66,66,66,66,66,66,66,66,66,66,66,66,66,66],"card_choices":[{"not_picked":["Slice","Underhanded Strike"],"picked":"Flying Knee","floor":1},{"not_picked":["Quick Slash","Choke"],"picked":"All Out Attack","floor":2},{"not_picked":["Deflect","Cloak And Dagger"],"picked":"Backflip","floor":4},{"not_picked":["Cloak And Dagger","Phantasmal Killer"],"picked":"Quick Slash","floor":7},{"not_picked":["Bane","Deflect"],"picked":"Deadly Poison","floor":10},{"not_picked":["Deflect","Cloak And Dagger"],"picked":"Leg Sweep","floor":11},{"not_picked":["Quick Slash","Deadly Poison"],"picked":"Catalyst","floor":12},{"not_picked":["Quick Slash","Bane"],"picked":"PiercingWail","floor":14},{"not_picked":["Doppelganger","Bullet Time"],"picked":"A Thousand Cuts","floor":16},{"not_picked":["Expertise","Reflex","Dagger Throw"],"picked":"SKIP","floor":18}],"player_experience":1221678,"relics_obtained":[{"floor":7,"key":"Snake Skull"},{"floor":9,"key":"Bag of Marbles"},{"floor":10,"key":"Shovel"}],"event_choices":[{"damage_healed":0,"gold_gain":0,"player_choice":"Entered Light","damage_taken":20,"max_hp_gain":0,"max_hp_loss":0,"event_name":"Shining Light","floor":5,"gold_loss":0,"cards_upgraded":["Poisoned Stab","Defend_G"]},{"damage_healed":0,"gold_gain":0,"player_choice":"3 cards matched","damage_taken":0,"max_hp_gain":0,"max_hp_loss":0,"event_name":"Match and Keep!","floor":13,"gold_loss":0,"cards_obtained":["Neutralize","Phantasmal Killer","Poisoned Stab"]},{"damage_healed":0,"gold_gain":0,"player_choice":"3 cards matched","damage_taken":0,"max_hp_gain":0,"max_hp_loss":0,"event_name":"Match and Keep!","floor":13,"gold_loss":0,"cards_obtained":["Neutralize","Phantasmal Killer","Poisoned Stab"]},{"damage_healed":0,"gold_gain":0,"player_choice":"Ignored","damage_taken":0,"max_hp_gain":0,"max_hp_loss":0,"event_name":"Ghosts","floor":19,"gold_loss":0},{"damage_healed":13,"gold_gain":0,"player_choice":"Heal","damage_taken":0,"max_hp_gain":0,"max_hp_loss":0,"event_name":"The Library","floor":20,"gold_loss":0}],"is_beta":false,"boss_relics":[{"not_picked":["Ectoplasm","Orrery"],"picked":"Eternal Feather"}],"items_purged_floors":[3],"is_endless":false,"potions_floor_spawned":[2,4,10,14],"killed_by":"Spheric Guardian","ascension_level":20}