{"gold_per_floor":[110,110,260,260,185,185,203,203,228,253,253,263,292,312,312,390,390,409,509,69,99,99,99],"floor_reached":23,"playtime":847,"items_purged":["Strike_B"],"score":470,"play_id":"d9919c09-1946-41e0-8fe7-05cc37817ac5","local_time":"20190310123849","is_ascension_mode":true,"campfire_choices":[{"data":"Dualcast","floor":6,"key":"SMITH"},{"data":"Scrape","floor":8,"key":"SMITH"},{"data":"Steam","floor":11,"key":"SMITH"},{"data":"Ball Lightning","floor":15,"key":"SMITH"}],"neow_cost":"NONE","seed_source_timestamp":142181709584571,"circlet_count":0,"master_deck":["AscendersBane","Strike_B","Strike_B","Defend_B","Defend_B","Defend_B","Defend_B","Zap+1","Dualcast+1","Scrape+1","Steam+1","Ball Lightning+1","Self Repair","Seek","Chaos","Cold Snap","Static Discharge","Self Repair"],"relics":["Cracked Core","Bronze Scales","Vajra","Oddly Smooth Stone","Pen Nib","Velvet Choker","Calipers","Pear","Mummified Hand","Red Mask"],"potions_floor_usage":[16,19],"damage_taken":[{"damage":7,"enemies":"2 Louse","floor":1,"turns":3},{"damage":0,"enemies":"Small Slimes","floor":7,"turns":2},{"damage":6,"enemies":"Jaw Worm","floor":12,"turns":2},{"damage":11,"enemies":"Lagavulin","floor":13,"turns":4},{"damage":5,"enemies":"Exordium Wildlife","floor":14,"turns":3},{"damage":0,"enemies":"Slime Boss","floor":16,"turns":6},{"damage":0,"enemies":"3 Byrds","floor":18,"turns":3},{"damage":16,"enemies":"Colosseum Slavers","floor":19,"turns":3},{"damage":13,"enemies":"Colosseum Nobs","floor":19,"turns":5},{"damage":40,"enemies":"Masked Bandits","floor":21,"turns":3},{"damage":23,"enemies":"Chosen","floor":23,"turns":3}],"seed_played":"5074611053391304723","potions_obtained":[{"floor":7,"key":"Block Potion"},{"floor":12,"key":"PowerPotion"},{"floor":21,"key":"SteroidPotion"}],"is_trial":false,"path_per_floor":["M","?","?","?","?","R","M","R","T","T","R","M","E","M","R","B",null,"M","?","$","?","?","M"],"character_chosen":"DEFECT","items_purchased":["Mummified Hand","Static Discharge"],"campfire_rested":0,"item_purchase_floors":[20,20],"current_hp_per_floor":[57,52,52,52,52,52,52,52,52,52,52,46,35,37,37,44,64,71,59,59,19,19,0],"gold":99,"neow_bonus":"UPGRADE_CARD","is_prod":false,"is_daily":false,"chose_seed":false,"campfire_upgraded":4,"win_rate":0,"timestamp":1552235929,"path_taken":["M","?","?","?","?","R","?","R","T","?","R","M","E","?","R","BOSS","M","?","$","?","?","M"],"build_version":"2019-01-23","purchased_purges":1,"victory":false,"max_hp_per_floor":[71,71,71,71,71,71,71,71,71,71,71,71,71,71,71,71,71,71,81,81,81,81,81],"card_choices":[{"not_picked":["Streamline","Loop"],"picked":"Scrape","floor":1},{"not_picked":["Rebound","Redo"],"picked":"Steam","floor":7},{"not_picked":["BootSequence","Blizzard"],"picked":"Ball Lightning","floor":12},{"not_picked":["Stack","Recycle"],"picked":"Self Repair","floor":13},{"not_picked":["Hello World","Leap","Rebound"],"picked":"SKIP","floor":14},{"not_picked":["Amplify","Core Surge"],"picked":"Seek","floor":16},{"not_picked":["Gash","Scrape"],"picked":"Chaos","floor":18},{"not_picked":["Gash+1","BootSequence"],"picked":"Cold Snap","floor":19},{"not_picked":["Reinforced Body","Streamline"],"picked":"Self Repair","floor":21}],"player_experience":865683,"relics_obtained":[{"floor":9,"key":"Vajra"},{"floor":10,"key":"Oddly Smooth Stone"},{"floor":13,"key":"Pen Nib"},{"floor":19,"key":"Calipers"},{"floor":19,"key":"Pear"},{"floor":21,"key":"Red Mask"}],"event_choices":[{"damage_healed":0,"gold_gain":0,"player_choice":"Success","damage_taken":5,"relics_obtained":["Bronze Scales"],"max_hp_gain":0,"max_hp_loss":0,"event_name":"Scrap Ooze","floor":2,"gold_loss":0},{"damage_healed":0,"gold_gain":150,"player_choice":"AGREE","damage_taken":0,"max_hp_gain":0,"max_hp_loss":0,"event_name":"Liars Game","floor":3,"gold_loss":0,"cards_obtained":["Doubt"]},{"cards_removed":["Doubt"],"damage_healed":0,"gold_gain":0,"player_choice":"Forget","damage_taken":0,"max_hp_gain":0,"max_hp_loss":0,"event_name":"Living Wall","floor":4,"gold_loss":0},{"cards_removed":["Strike_B"],"damage_healed":0,"gold_gain":0,"player_choice":"Card Removal","damage_taken":0,"max_hp_gain":0,"max_hp_loss":0,"event_name":"The Cleric","floor":5,"gold_loss":75},{"damage_healed":0,"gold_gain":0,"player_choice":"Fight","damage_taken":0,"max_hp_gain":0,"max_hp_loss":0,"event_name":"Colosseum","floor":19,"gold_loss":0},{"damage_healed":0,"gold_gain":0,"player_choice":"Fought Nobs","damage_taken":0,"max_hp_gain":0,"max_hp_loss":0,"event_name":"Colosseum","floor":19,"gold_loss":0},{"damage_healed":0,"gold_gain":0,"player_choice":"Fought Bandits","damage_taken":0,"max_hp_gain":0,"max_hp_loss":0,"event_name":"Masked Bandits","floor":21,"gold_loss":0},{"damage_healed":0,"gold_gain":0,"player_choice":"Ignored","damage_taken":0,"max_hp_gain":0,"max_hp_loss":0,"event_name":"The Mausoleum","floor":22,"gold_loss":0}],"is_beta":false,"boss_relics":[{"not_picked":["Coffee Dripper","Snecko Eye"],"picked":"Velvet Choker"}],"items_purged_floors":[20],"is_endless":false,"potions_floor_spawned":[7,12,21],"killed_by":"Chosen","ascension_level":20}