{"gold_per_floor":[116,136,152,4,4,4,24,44,44,75,75,401,401,420,420,516,516,526,539,556,556,23,23,57,74,148,148,177,177,191,207,207,311,311,324,9,9,29,129,129,129,129,180,180,200,200,200],"floor_reached":47,"playtime":2914,"items_purged":["Injury","Pain","Strike_G"],"score":598,"play_id":"906972f4-35ea-4944-80d9-e53661f903a9","local_time":"20190721033739","is_ascension_mode":true,"campfire_choices":[{"data":"All Out Attack","floor":6,"key":"SMITH"},{"floor":13,"key":"REST"},{"floor":15,"key":"REST"},{"floor":23,"key":"REST"},{"floor":27,"key":"REST"},{"floor":29,"key":"REST"},{"floor":32,"key":"REST"},{"floor":40,"key":"REST"},{"data":"Infinite Blades","floor":42,"key":"SMITH"}],"neow_cost":"CURSE","seed_source_timestamp":26332709075000,"circlet_count":0,"master_deck":["Strike_G","Strike_G","Strike_G","Defend_G","Defend_G+1","Defend_G+1","Defend_G","Defend_G","Survivor","Neutralize","Adrenaline","Blade Dance","All Out Attack+1","Deflect","Backflip","Dodge and Roll","Blade Dance","Footwork","Accuracy","Distraction","Poisoned Stab","Cloak And Dagger","Footwork","Sucker Punch","Infinite Blades+1","Adrenaline","Accuracy","Choke+1","Acrobatics","Dash","Noxious Fumes","Envenom","Cloak And Dagger","Blade Dance","Blur+1","Cloak And Dagger+1","Transmutation","Footwork"],"relics":["Ring of the Serpent","WarpedTongs","Darkstone Periapt","Potion Belt","Old Coin","Strawberry","DollysMirror","Du-Vu Doll","Bottled Flame","Ginger","Runic Pyramid","PreservedInsect","Calipers","The Courier","Bag of Marbles"],"potions_floor_usage":[12,16,16,18,20,24,24,24,25,28,38,39],"damage_taken":[{"damage":1,"enemies":"2 Louse","floor":1,"turns":3},{"damage":3,"enemies":"Cultist","floor":2,"turns":4},{"damage":1,"enemies":"Jaw Worm","floor":3,"turns":3},{"damage":3,"enemies":"Looter","floor":7,"turns":3},{"damage":3,"enemies":"Red Slaver","floor":8,"turns":4},{"damage":33,"enemies":"Gremlin Nob","floor":10,"turns":5},{"damage":23,"enemies":"Lagavulin","floor":12,"turns":7},{"damage":1,"enemies":"Exordium Wildlife","floor":14,"turns":4},{"damage":8,"enemies":"Slime Boss","floor":16,"turns":7},{"damage":3,"enemies":"Spheric Guardian","floor":18,"turns":3},{"damage":5,"enemies":"Chosen","floor":19,"turns":6},{"damage":21,"enemies":"Centurion and Healer","floor":20,"turns":11},{"damage":16,"enemies":"Gremlin Leader","floor":24,"turns":6},{"damage":0,"enemies":"Snake Plant","floor":25,"turns":7},{"damage":41,"enemies":"Slavers","floor":28,"turns":6},{"damage":35,"enemies":"Chosen and Byrds","floor":30,"turns":7},{"damage":7,"enemies":"Centurion and Healer","floor":31,"turns":8},{"damage":39,"enemies":"Collector","floor":33,"turns":18},{"damage":27,"enemies":"Orb Walker","floor":35,"turns":5},{"damage":31,"enemies":"3 Darklings","floor":38,"turns":6},{"damage":2,"enemies":"Mind Bloom Boss Battle","floor":39,"turns":10},{"damage":67,"enemies":"Transient","floor":45,"turns":5},{"damage":16,"enemies":"Sphere and 2 Shapes","floor":47,"turns":3}],"seed_played":"6281677357011894307","potions_obtained":[{"floor":1,"key":"FairyPotion"},{"floor":7,"key":"SpeedPotion"},{"floor":10,"key":"GamblersBrew"},{"floor":14,"key":"PowerPotion"},{"floor":16,"key":"Fire Potion"},{"floor":19,"key":"Block Potion"},{"floor":21,"key":"Strength Potion"},{"floor":21,"key":"SteroidPotion"},{"floor":21,"key":"Strength Potion"},{"floor":24,"key":"GhostInAJar"},{"floor":25,"key":"PowerPotion"},{"floor":33,"key":"FearPotion"},{"floor":35,"key":"GhostInAJar"}],"is_trial":false,"path_per_floor":["M","M","M","$","?","R","M","M","T","E","?","E","R","M","R","B",null,"M","M","M","?","$","R","E","M","T","R","E","R","M","M","R","B",null,"M","$","?","M","?","R","T","R","T","?","M","?","M"],"character_chosen":"THE_SILENT","items_purchased":["Backflip","Dodge and Roll","Strawberry","Infinite Blades","DollysMirror","PreservedInsect","Blade Dance"],"campfire_rested":7,"item_purchase_floors":[4,4,22,22,22,36,36],"current_hp_per_floor":[69,66,65,65,65,65,62,59,59,26,12,1,22,21,42,34,70,67,62,41,41,48,71,55,55,55,77,36,59,24,17,40,1,77,50,50,87,56,54,80,80,80,80,80,13,13,0],"gold":200,"neow_bonus":"THREE_RARE_CARDS","is_prod":false,"is_daily":false,"chose_seed":false,"campfire_upgraded":2,"win_rate":0,"timestamp":1563694659,"path_taken":["M","M","M","$","?","R","?","M","T","E","?","E","R","M","R","BOSS","M","M","M","?","$","R","E","?","T","R","E","R","M","M","R","BOSS","M","$","?","?","?","R","?","R","T","?","M","?","M"],"build_version":"2019-07-17","purchased_purges":3,"victory":false,"max_hp_per_floor":[70,70,70,70,70,70,70,70,70,70,70,70,70,70,70,70,70,70,70,70,70,77,77,77,77,77,77,77,77,77,77,77,77,77,77,77,87,87,87,87,87,87,87,87,87,87,87],"card_choices":[{"not_picked":["Burst","Unload"],"picked":"Adrenaline","floor":0},{"not_picked":["Eviscerate","Quick Slash"],"picked":"Blade Dance","floor":1},{"not_picked":["Finisher","Well Laid Plans"],"picked":"All Out Attack","floor":2},{"not_picked":["Underhanded Strike","Outmaneuver"],"picked":"Deflect","floor":3},{"not_picked":["Sucker Punch","Calculated Gamble"],"picked":"Blade Dance","floor":7},{"not_picked":["Flying Knee","Poisoned Stab"],"picked":"Footwork","floor":8},{"not_picked":["Finisher","Acrobatics"],"picked":"Accuracy","floor":10},{"not_picked":["Deadly Poison","Venomology"],"picked":"Distraction","floor":12},{"not_picked":["Flying Knee","Caltrops"],"picked":"Poisoned Stab","floor":14},{"not_picked":["Malaise","Unload"],"picked":"Glass Knife","floor":16},{"not_picked":["Prepared+1","Slice+1"],"picked":"Cloak And Dagger","floor":18},{"not_picked":["Cloak And Dagger+1","Sucker Punch+1"],"picked":"Footwork","floor":19},{"not_picked":["Bane","Deflect"],"picked":"Sucker Punch","floor":20},{"not_picked":["Underhanded Strike","Masterful Stab"],"picked":"Accuracy","floor":24},{"not_picked":["Deflect+1","Underhanded Strike"],"picked":"Choke+1","floor":25},{"not_picked":["Tools of the Trade","Skewer"],"picked":"Acrobatics","floor":28},{"not_picked":["Bane","Underhanded Strike+1"],"picked":"Dash","floor":30},{"not_picked":["Dodge and Roll+1","Dagger Throw"],"picked":"Noxious Fumes","floor":31},{"not_picked":["Burst","Adrenaline"],"picked":"Envenom","floor":33},{"not_picked":["Backflip+1","Poisoned Stab"],"picked":"Cloak And Dagger","floor":35},{"not_picked":["Blade Dance","Choke"],"picked":"Blur+1","floor":38},{"not_picked":["Blade Dance","Sucker Punch"],"picked":"Cloak And Dagger+1","floor":39},{"not_picked":["Sadistic Nature","Madness"],"picked":"Transmutation","floor":44},{"not_picked":["Dagger Throw+1","Dodge and Roll+1"],"picked":"Footwork","floor":45}],"player_experience":273818,"relics_obtained":[{"floor":9,"key":"Darkstone Periapt"},{"floor":10,"key":"Potion Belt"},{"floor":12,"key":"Old Coin"},{"floor":24,"key":"Du-Vu Doll"},{"floor":26,"key":"Bottled Flame"},{"floor":28,"key":"Ginger"},{"floor":39,"key":"Calipers"},{"floor":41,"key":"The Courier"},{"floor":43,"key":"Bag of Marbles"}],"event_choices":[{"damage_healed":0,"gold_gain":0,"player_choice":"Rummage","damage_taken":0,"relics_obtained":["WarpedTongs"],"max_hp_gain":0,"max_hp_loss":0,"event_name":"Accursed Blacksmith","floor":5,"gold_loss":0,"cards_obtained":["Pain"]},{"damage_healed":0,"gold_gain":0,"player_choice":"Entered Light","damage_taken":14,"max_hp_gain":0,"max_hp_loss":0,"event_name":"Shining Light","floor":11,"gold_loss":0,"cards_upgraded":["Defend_G","Defend_G"]},{"damage_healed":0,"gold_gain":0,"player_choice":"Got Potions","damage_taken":0,"max_hp_gain":0,"max_hp_loss":0,"event_name":"Lab","floor":21,"gold_loss":0},{"cards_removed":["Glass Knife"],"damage_healed":27,"gold_gain":0,"player_choice":"Offered Rare","damage_taken":0,"max_hp_gain":10,"max_hp_loss":0,"event_name":"Bonfire Elementals","floor":37,"gold_loss":0},{"damage_healed":0,"gold_gain":0,"player_choice":"Fight","damage_taken":0,"max_hp_gain":0,"max_hp_loss":0,"event_name":"MindBloom","floor":39,"gold_loss":0},{"damage_healed":0,"gold_gain":0,"player_choice":"Memory 1","damage_taken":0,"max_hp_gain":0,"max_hp_loss":0,"event_name":"SensoryStone","floor":44,"gold_loss":0},{"cards_removed":["Strike_G"],"damage_healed":0,"gold_gain":0,"player_choice":"Removed Attack","damage_taken":0,"max_hp_gain":0,"max_hp_loss":0,"event_name":"Falling","floor":46,"gold_loss":0}],"is_beta":false,"boss_relics":[{"not_picked":["Sozu","Calling Bell"],"picked":"Ring of the Serpent"},{"not_picked":["Tiny House","Cursed Key"],"picked":"Runic Pyramid"}],"items_purged_floors":[4,22,36],"is_endless":false,"potions_floor_spawned":[1,7,10,14,16,19,24,25,33,35],"killed_by":"Sphere and 2 Shapes","ascension_level":2}