{"gold_per_floor":[112,112,112,32,55,55,65,125,148,158,171,199,199,215,215,289,289,300,300,219,233,251,251,262,262,289,314,314,339,10,25,25,100,100,119,138,9,9,28,57,57,86,110,124,124,138,138,152,152,152,152,152,152,17,51,51],"floor_reached":56,"playtime":4370,"items_purged":[],"score":2264,"play_id":"8dd374f5-eb4d-469c-bdf4-c9525509b888","local_time":"20190316202607","is_ascension_mode":true,"campfire_choices":[{"data":"Sunder","floor":6.0,"key":"SMITH"},{"data":"Sweeping Beam","floor":13.0,"key":"SMITH"},{"data":"Reboot","floor":15.0,"key":"SMITH"},{"data":"Biased Cognition","floor":23,"key":"SMITH"},{"data":"Consume","floor":25,"key":"SMITH"},{"data":"Capacitor","floor":28,"key":"SMITH"},{"floor":32,"key":"REST"},{"floor":41,"key":"REST"},{"floor":47,"key":"RECALL"},{"floor":49,"key":"REST"},{"floor":53,"key":"REST"}],"neow_cost":"NONE","seed_source_timestamp":234092936671001,"circlet_count":0,"master_deck":["AscendersBane","Defend_B","Defend_B","Defend_B","Defend_B","Zap+1","Dualcast","Chill","Aggregate","Sunder+1","Capacitor+1","Auto Shields","Ball Lightning","Sweeping Beam+1","Reboot+1","Biased Cognition+1","Auto Shields+1","Chill+1","Beam Cell+1","Coolheaded+1","Capacitor","Coolheaded","Genetic Algorithm","Consume+1","Glacier","Coolheaded","Conserve Battery","Recycle","Rainbow","Blizzard+1","Steam Power+1","Coolheaded+1","Recycle","Fusion","Barrage+1"],"special_seed":0,"relics":["Cracked Core","Bag of Preparation","Tiny Chest","Bronze Scales","Omamori","Astrolabe","PreservedInsect","Pear","Sundial","Membership Card","Ancient Tea Set","Fusion Hammer","Anchor","Dream Catcher","Potion Belt","Regal Pillow","Medical Kit","DataDisk"],"potions_floor_usage":[16,29,35,50,55,56,56,56],"damage_taken":[{"damage":1.0,"enemies":"Cultist","floor":1.0,"turns":3.0},{"damage":0.0,"enemies":"Jaw Worm","floor":7.0,"turns":3.0},{"damage":8.0,"enemies":"Gremlin Nob","floor":8.0,"turns":3.0},{"damage":3.0,"enemies":"Small Slimes","floor":10.0,"turns":3.0},{"damage":0.0,"enemies":"Exordium Thugs","floor":11.0,"turns":4.0},{"damage":21.0,"enemies":"Lagavulin","floor":12.0,"turns":4.0},{"damage":0.0,"enemies":"Red Slaver","floor":14.0,"turns":2.0},{"damage":34,"enemies":"Slime Boss","floor":16,"turns":8},{"damage":14,"enemies":"Shell Parasite","floor":18,"turns":4},{"damage":0,"enemies":"3 Byrds","floor":21,"turns":3},{"damage":23,"enemies":"3 Cultists","floor":22,"turns":6},{"damage":0,"enemies":"Snecko","floor":24,"turns":5},{"damage":0,"enemies":"Slavers","floor":27,"turns":6},{"damage":4,"enemies":"Book of Stabbing","floor":29,"turns":4},{"damage":15,"enemies":"Snake Plant","floor":31,"turns":5},{"damage":0,"enemies":"Champ","floor":33,"turns":18},{"damage":16,"enemies":"3 Darklings","floor":35,"turns":7},{"damage":0,"enemies":"Orb Walker","floor":36,"turns":4},{"damage":0,"enemies":"Writhing Mass","floor":39,"turns":7},{"damage":2,"enemies":"Giant Head","floor":40,"turns":9},{"damage":0,"enemies":"Nemesis","floor":42,"turns":7},{"damage":17,"enemies":"Spire Growth","floor":44,"turns":6},{"damage":0,"enemies":"Transient","floor":46,"turns":6},{"damage":0,"enemies":"Jaw Worm Horde","floor":48,"turns":2},{"damage":0,"enemies":"Donu and Deca","floor":50,"turns":18},{"damage":33,"enemies":"Time Eater","floor":51,"turns":23},{"damage":18,"enemies":"Shield and Spear","floor":55,"turns":11},{"damage":68,"enemies":"The Heart","floor":56,"turns":8}],"seed_played":"4253104397994292316","potions_obtained":[{"floor":1.0,"key":"AttackPotion"},{"floor":7.0,"key":"SkillPotion"},{"floor":11.0,"key":"PowerPotion"},{"floor":18,"key":"Weak Potion"},{"floor":24,"key":"Block Potion"},{"floor":31,"key":"Fire Potion"},{"floor":42,"key":"Block Potion"},{"floor":48,"key":"SneckoOil"}],"is_trial":false,"path_per_floor":["M","?","?","$","T","R","M","E","T","M","M","E","R","M","R","B",null,"M","?","$","M","M","R","M","R","T","E","R","E","$","M","R","B",null,"M","M","$","?","M","E","R","E","T","M","?","M","R","M","R","B","B",null,"R","$","E","B"],"character_chosen":"DEFECT","items_purchased":["Sunder","Capacitor","Membership Card","Conserve Battery","Ancient Tea Set","Anchor","FocusPotion","Medical Kit","SkillPotion"],"campfire_rested":4,"item_purchase_floors":[4,20,30,30,30,37,37,54,54],"current_hp_per_floor":[63,63,68,68,68,68,68,60,60,57,57,36,36,36,36,2,58,44,44,44,44,21,21,21,21,21,31,31,27,27,12,37,37,74,58,58,58,58,58,56,81,81,81,64,64,64,64,64,82,82,49,74,82,82,64,0],"gold":51,"neow_bonus":"UPGRADE_CARD","is_prod":false,"is_daily":false,"chose_seed":false,"campfire_upgraded":6,"win_rate":0,"timestamp":1552782367,"path_taken":["M","?","?","$","?","R","?","E","T","?","M","E","R","M","R","BOSS","M","?","?","?","M","R","?","R","T","E","R","E","?","M","R","BOSS","M","M","?","?","M","E","R","E","T","?","?","M","R","M","R","BOSS","BOSS","R","$","E","BOSS"],"build_version":"2019-01-23","purchased_purges":0,"victory":false,"max_hp_per_floor":[71,71,76,76,76,76,76,76,76,76,76,76,76,76,76,76,76,76,76,76,76,76,76,76,76,76,86,86,86,86,86,86,86,86,86,86,86,86,86,86,86,86,86,86,82,82,82,82,82,82,82,82,82,82,82,82],"card_choices":[{"not_picked":["Double Energy","Conserve Battery"],"picked":"Chill","floor":1.0},{"not_picked":["Go for the Eyes","Stack"],"picked":"Capacitor","floor":7.0},{"not_picked":["Steam","Turbo"],"picked":"Auto Shields","floor":8.0},{"not_picked":["Static Discharge","All For One"],"picked":"Ball Lightning","floor":10.0},{"not_picked":["Stack","Turbo"],"picked":"Sweeping Beam","floor":11.0},{"not_picked":["Streamline","Redo"],"picked":"Ball Lightning","floor":12.0},{"not_picked":["Ball Lightning","Steam"],"picked":"Reboot","floor":14.0},{"not_picked":["Rainbow","Meteor Strike"],"picked":"Biased Cognition","floor":16},{"not_picked":["Skim","Redo"],"picked":"Coolheaded+1","floor":18},{"not_picked":["Hologram","Turbo"],"picked":"Coolheaded","floor":21},{"not_picked":["Barrage","Ball Lightning"],"picked":"Genetic Algorithm","floor":22},{"not_picked":["Hello World","Multi-Cast"],"picked":"Consume","floor":24},{"not_picked":["Barrage","Capacitor+1"],"picked":"Glacier","floor":27},{"not_picked":["Leap","Steam Power"],"picked":"Coolheaded","floor":29},{"not_picked":["Skim","Lockon"],"picked":"Recycle","floor":31},{"not_picked":["Multi-Cast","Hyperbeam"],"picked":"Rainbow","floor":33},{"not_picked":["Melter+1","Coolheaded"],"picked":"Blizzard+1","floor":35},{"not_picked":["Reprogram","Auto Shields"],"picked":"Steam Power+1","floor":36},{"not_picked":["Gash+1","Rebound"],"picked":"Recycle","floor":39},{"not_picked":["Genetic Algorithm","Barrage"],"picked":"Fusion","floor":40},{"not_picked":["Force Field","Cold Snap","Reinforced Body"],"picked":"SKIP","floor":42},{"not_picked":["Sweeping Beam+1","Gash","Coolheaded"],"picked":"SKIP","floor":44},{"not_picked":["Rebound","Aggregate+1","Streamline"],"picked":"SKIP","floor":46},{"not_picked":["Streamline","Redo","Hyperbeam"],"picked":"SKIP","floor":48},{"not_picked":["Hologram","Lockon"],"picked":"Barrage+1","floor":55}],"player_experience":912113,"relics_obtained":[{"floor":5.0,"key":"Bag of Preparation"},{"floor":8.0,"key":"Tiny Chest"},{"floor":9.0,"key":"Bronze Scales"},{"floor":12.0,"key":"Omamori"},{"floor":27,"key":"Pear"},{"floor":29,"key":"Sundial"},{"floor":40,"key":"Dream Catcher"},{"floor":42,"key":"Potion Belt"},{"floor":43,"key":"Regal Pillow"},{"floor":55,"key":"DataDisk"}],"event_choices":[{"damage_healed":0.0,"max_hp_gain":0.0,"max_hp_loss":0.0,"gold_gain":0.0,"cards_transformed":["Strike_B"],"event_name":"Living Wall","player_choice":"Change","floor":2.0,"gold_loss":0.0,"damage_taken":0.0,"cards_obtained":["Aggregate"]},{"damage_healed":0.0,"max_hp_gain":5.0,"max_hp_loss":0.0,"gold_gain":0.0,"event_name":"Big Fish","player_choice":"Donut","floor":3.0,"gold_loss":0.0,"damage_taken":0.0},{"cards_removed":["Ball Lightning"],"damage_healed":0,"gold_gain":0,"player_choice":"Gave Card","damage_taken":0,"relics_obtained":["PreservedInsect"],"max_hp_gain":0,"max_hp_loss":0,"event_name":"WeMeetAgain","floor":19,"gold_loss":0},{"damage_healed":0,"gold_gain":0,"player_choice":"Copied","damage_taken":0,"max_hp_gain":0,"max_hp_loss":0,"event_name":"Duplicator","floor":38,"gold_loss":0,"cards_obtained":["Coolheaded"]},{"damage_healed":0,"gold_gain":0,"player_choice":"Max HP","damage_taken":0,"max_hp_gain":0,"max_hp_loss":4,"event_name":"Winding Halls","floor":45,"gold_loss":0}],"is_beta":false,"boss_relics":[{"not_picked":["Pandora\u0027s Box","Coffee Dripper"],"picked":"Astrolabe"},{"not_picked":["Runic Dome","Tiny House"],"picked":"Fusion Hammer"}],"items_purged_floors":[],"is_endless":false,"potions_floor_spawned":[1,7,10,11,18,24,27,31,39,42,48],"killed_by":"The Heart","ascension_level":20}