{"gold_per_floor":[117,134,16,16,16,50,50,85,112,150,21,21,41,75,75,198,198,198,31,31,31,0,0,0,0,0,0],"floor_reached":27,"playtime":1798,"items_purged":["Defend_G"],"score":297,"play_id":"773c574e-d34c-4995-9f08-6fe3aa1afc73","local_time":"20190629025538","is_ascension_mode":true,"campfire_choices":[{"floor":7,"key":"REST"},{"floor":12,"key":"REST"},{"floor":15,"key":"REST"}],"neow_cost":"NONE","seed_source_timestamp":6029231367800,"circlet_count":0,"master_deck":["Defend_G","Defend_G","Defend_G","Defend_G","Strike_G","Strike_G","Strike_G","Strike_G","Strike_G","Survivor","Neutralize","Backflip","Terror","Bane","Well Laid Plans","Poisoned Stab","Deadly Poison","Flying Knee","PiercingWail","Poisoned Stab","Crippling Poison","Sucker Punch","Dodge and Roll","Storm of Steel","Poisoned Stab","Dodge and Roll","Blur","Noxious Fumes","Poisoned Stab","Heel Hook+1"],"relics":["Ring of the Snake","Paper Crane","Golden Idol","Regal Pillow","Dream Catcher","Blood Vial","Vajra","Ectoplasm","Happy Flower","Dodecahedron","Centennial Puzzle"],"potions_floor_usage":[8,23,24,24,25,25],"damage_taken":[{"damage":0,"enemies":"Cultist","floor":1,"turns":5},{"damage":2,"enemies":"Jaw Worm","floor":2,"turns":5},{"damage":27,"enemies":"3 Sentries","floor":6,"turns":13},{"damage":5,"enemies":"Lagavulin","floor":8,"turns":5},{"damage":28,"enemies":"3 Sentries","floor":10,"turns":9},{"damage":0,"enemies":"Small Slimes","floor":13,"turns":3},{"damage":18,"enemies":"Lagavulin","floor":14,"turns":5},{"damage":14,"enemies":"Hexaghost","floor":16,"turns":9},{"damage":12,"enemies":"3 Byrds","floor":18,"turns":6},{"damage":6,"enemies":"Shell Parasite","floor":20,"turns":5},{"damage":30,"enemies":"Book of Stabbing","floor":23,"turns":5},{"damage":8,"enemies":"Centurion and Healer","floor":24,"turns":6},{"damage":10,"enemies":"Snake Plant","floor":25,"turns":5},{"damage":15,"enemies":"Gremlin Leader","floor":27,"turns":2}],"seed_played":"5585566319032633214","potions_obtained":[{"floor":6,"key":"Poison Potion"},{"floor":8,"key":"Ancient Potion"},{"floor":14,"key":"Explosive Potion"},{"floor":16,"key":"PowerPotion"},{"floor":23,"key":"EssenceOfSteel"},{"floor":24,"key":"Swift Potion"}],"is_trial":false,"path_per_floor":["M","M","$","T","?","E","R","E","T","E","$","R","M","E","R","B",null,"M","$","M","?","?","E","M","M","T","E"],"character_chosen":"THE_SILENT","items_purchased":["Well Laid Plans","Poisoned Stab","PiercingWail","Happy Flower","Dodge and Roll"],"campfire_rested":3,"item_purchase_floors":[3,3,11,19,19],"current_hp_per_floor":[70,68,68,68,51,24,60,55,55,27,27,63,65,49,70,56,70,58,58,54,54,54,26,20,12,12,0],"gold":0,"neow_bonus":"THREE_CARDS","is_prod":false,"is_daily":false,"chose_seed":false,"campfire_upgraded":0,"win_rate":0,"timestamp":1561791338,"path_taken":["M","?","$","?","?","E","R","E","T","E","$","R","M","E","R","BOSS","M","$","M","?","?","E","M","M","T","E"],"build_version":"2019-01-23","purchased_purges":1,"victory":false,"max_hp_per_floor":[70,70,70,70,70,70,70,70,70,70,70,70,70,70,70,70,70,70,70,70,70,70,70,70,70,70,70],"card_choices":[{"not_picked":["Slice","Eviscerate"],"picked":"Backflip","floor":0},{"not_picked":["Outmaneuver","Dodge and Roll"],"picked":"Terror","floor":1},{"not_picked":["Backflip","Cloak And Dagger"],"picked":"Bane","floor":2},{"not_picked":["Heel Hook","Dash"],"picked":"Deadly Poison","floor":6},{"not_picked":["Masterful Stab","Venomology"],"picked":"Flying Knee","floor":8},{"not_picked":["Acrobatics","Accuracy","Sucker Punch"],"picked":"SKIP","floor":10},{"not_picked":["Bane","Acrobatics"],"picked":"Poisoned Stab","floor":12},{"not_picked":["Slice","Bane"],"picked":"Crippling Poison","floor":13},{"not_picked":["Riddle With Holes","Underhanded Strike"],"picked":"Sucker Punch","floor":14},{"not_picked":["Quick Slash","All Out Attack"],"picked":"Dodge and Roll","floor":15},{"not_picked":["Phantasmal Killer","Tools of the Trade"],"picked":"Storm of Steel","floor":16},{"not_picked":["Quick Slash+1","Accuracy"],"picked":"Poisoned Stab","floor":18},{"not_picked":["Outmaneuver","Dagger Throw+1"],"picked":"Blur","floor":20},{"not_picked":["Outmaneuver+1","Blade Dance"],"picked":"Poisoned Stab","floor":23},{"not_picked":["Slice","Deflect"],"picked":"Heel Hook+1","floor":24},{"not_picked":["Choke","Dagger Throw","Outmaneuver"],"picked":"SKIP","floor":25}],"player_experience":141384,"relics_obtained":[{"floor":4,"key":"Paper Crane"},{"floor":6,"key":"Regal Pillow"},{"floor":8,"key":"Dream Catcher"},{"floor":10,"key":"Blood Vial"},{"floor":14,"key":"Vajra"},{"floor":23,"key":"Dodecahedron"},{"floor":26,"key":"Centennial Puzzle"}],"event_choices":[{"damage_healed":0,"gold_gain":0,"player_choice":"Take Damage","damage_taken":17,"relics_obtained":["Golden Idol"],"max_hp_gain":0,"max_hp_loss":0,"event_name":"Golden Idol","floor":5,"gold_loss":0},{"damage_healed":0,"gold_gain":0,"player_choice":"Read","damage_taken":0,"max_hp_gain":0,"max_hp_loss":0,"event_name":"The Library","floor":21,"gold_loss":0,"cards_obtained":["Noxious Fumes"]},{"damage_healed":0,"gold_gain":0,"player_choice":"Paid Fearfully","damage_taken":0,"max_hp_gain":0,"max_hp_loss":0,"event_name":"Masked Bandits","floor":22,"gold_loss":31}],"is_beta":false,"boss_relics":[{"not_picked":["Calling Bell","HoveringKite"],"picked":"Ectoplasm"}],"items_purged_floors":[11],"is_endless":false,"potions_floor_spawned":[6,8,14,16,23,24],"killed_by":"Gremlin Leader","ascension_level":1}