{"gold_per_floor":[116,191,191,201,212,212,225,32,56,56,88,101,101,133,133,210,210,228,143,143,158,158,158,177,193,273,323,352,24,24,36,36,36],"floor_reached":33,"playtime":1443,"items_purged":["Pain"],"score":550,"play_id":"7d8489b0-1055-4b26-8815-dc102297d8ec","local_time":"20190707180640","is_ascension_mode":true,"campfire_choices":[{"data":"Bash","floor":6,"key":"SMITH"},{"data":"Whirlwind","floor":10,"key":"SMITH"},{"data":"Disarm","floor":13,"key":"SMITH"},{"data":"Flame Barrier","floor":15,"key":"SMITH"},{"data":"Strike_R","floor":23,"key":"PURGE"},{"floor":30,"key":"REST"},{"data":"Armaments","floor":32,"key":"SMITH"}],"neow_cost":"NONE","seed_source_timestamp":529694834978591,"circlet_count":0,"master_deck":["AscendersBane","Strike_R","Defend_R","Defend_R","Defend_R","Defend_R","Bash+1","Brutality","Iron Wave","Cleave","Shrug It Off","Whirlwind+1","Disarm+1","Rampage","Flame Barrier+1","Thunderclap","Dark Embrace","Juggernaut","Searing Blow+1","Dual Wield+1","Juggernaut+1","Infernal Blade+1","Battle Trance","Armaments+1","Corruption+1","Shrug It Off","Offering","Fiend Fire"],"relics":["Burning Blood","WarpedTongs","Red Skull","Orichalcum","Champion Belt","Astrolabe","Dodecahedron","Peace Pipe","Bottled Tornado","Frozen Egg 2","Membership Card"],"potions_floor_usage":[14,21,28,28],"damage_taken":[{"damage":0,"enemies":"2 Louse","floor":1,"turns":3},{"damage":5,"enemies":"Jaw Worm","floor":4,"turns":3},{"damage":3,"enemies":"Cultist","floor":5,"turns":4},{"damage":21,"enemies":"Exordium Thugs","floor":7,"turns":7},{"damage":23,"enemies":"Lagavulin","floor":11,"turns":6},{"damage":3,"enemies":"Looter","floor":12,"turns":2},{"damage":2,"enemies":"Gremlin Nob","floor":14,"turns":3},{"damage":33,"enemies":"The Guardian","floor":16,"turns":12},{"damage":19,"enemies":"Shell Parasite","floor":18,"turns":9},{"damage":21,"enemies":"Spheric Guardian","floor":21,"turns":5},{"damage":15,"enemies":"3 Cultists","floor":24,"turns":5},{"damage":0,"enemies":"Snake Plant","floor":25,"turns":4},{"damage":26,"enemies":"Slavers","floor":28,"turns":5},{"damage":6,"enemies":"Snecko","floor":31,"turns":3},{"damage":32,"enemies":"Champ","floor":33,"turns":8}],"seed_played":"-4716934194953929094","potions_obtained":[{"floor":7,"key":"SteroidPotion"},{"floor":12,"key":"BloodPotion"},{"floor":18,"key":"Dexterity Potion"},{"floor":21,"key":"Poison Potion"},{"floor":24,"key":"AttackPotion"}],"is_trial":false,"path_per_floor":["M","?","?","M","M","R","M","$","T","R","E","M","R","E","R","B",null,"M","?","?","M","?","R","M","M","T","?","E","$","R","M","R","B"],"character_chosen":"IRONCLAD","items_purchased":["Disarm","Rampage","Membership Card","Corruption+1","Shrug It Off","Offering"],"campfire_rested":1,"item_purchase_floors":[8,8,29,29,29,29],"current_hp_per_floor":[74,63,63,64,67,67,52,52,52,52,35,38,38,42,42,15,60,47,47,26,31,31,31,22,28,28,28,8,8,32,32,32,0],"gold":36,"neow_bonus":"ONE_RANDOM_RARE_CARD","is_prod":false,"is_daily":false,"chose_seed":false,"campfire_upgraded":5,"win_rate":0,"timestamp":1562537200,"path_taken":["M","?","?","M","M","R","?","$","T","R","E","M","R","E","R","BOSS","M","?","?","M","?","R","M","?","T","?","E","$","R","M","R","BOSS"],"build_version":"2019-07-05","purchased_purges":1,"victory":false,"max_hp_per_floor":[75,75,75,75,75,75,75,75,75,75,75,75,75,75,75,75,75,75,75,80,80,80,80,80,80,80,80,80,80,80,80,80,80],"card_choices":[{"not_picked":["Body Slam","Warcry"],"picked":"Iron Wave","floor":1},{"not_picked":["Heavy Blade","Searing Blow"],"picked":"Cleave","floor":4},{"not_picked":["Cleave","Body Slam"],"picked":"Shrug It Off","floor":5},{"not_picked":["Thunderclap","Metallicize"],"picked":"Whirlwind","floor":7},{"not_picked":["Burning Pact","Anger"],"picked":"Flame Barrier","floor":11},{"not_picked":["Havoc","Sever Soul"],"picked":"Thunderclap","floor":12},{"not_picked":["Iron Wave","Seeing Red"],"picked":"Dark Embrace","floor":14},{"not_picked":["Brutality","Limit Break"],"picked":"Juggernaut","floor":16},{"not_picked":["Warcry","Clash","Havoc"],"picked":"SKIP","floor":18},{"not_picked":["Thunderclap","Evolve"],"picked":"Infernal Blade+1","floor":21},{"not_picked":["Flex","Wild Strike","Rupture"],"picked":"SKIP","floor":24},{"not_picked":["Shrug It Off","Carnage"],"picked":"Battle Trance","floor":25},{"not_picked":["Anger","Rampage"],"picked":"Armaments","floor":28},{"not_picked":["Heavy Blade","Iron Wave"],"picked":"Fiend Fire","floor":31}],"player_experience":1586489,"relics_obtained":[{"floor":9,"key":"Red Skull"},{"floor":11,"key":"Orichalcum"},{"floor":14,"key":"Champion Belt"},{"floor":22,"key":"Peace Pipe"},{"floor":26,"key":"Bottled Tornado"},{"floor":28,"key":"Frozen Egg 2"}],"event_choices":[{"damage_healed":0,"gold_gain":75,"player_choice":"Gather Gold","damage_taken":11,"max_hp_gain":0,"max_hp_loss":0,"event_name":"World of Goop","floor":2,"gold_loss":0},{"damage_healed":0,"gold_gain":0,"player_choice":"Rummage","damage_taken":0,"relics_obtained":["WarpedTongs"],"max_hp_gain":0,"max_hp_loss":0,"event_name":"Accursed Blacksmith","floor":3,"gold_loss":0,"cards_obtained":["Pain"]},{"damage_healed":0,"gold_gain":0,"player_choice":"Obtained Relic","damage_taken":0,"relics_obtained":["Dodecahedron"],"max_hp_gain":0,"max_hp_loss":0,"event_name":"Addict","floor":19,"gold_loss":85},{"damage_healed":0,"gold_gain":0,"player_choice":"Shed Blood","damage_taken":26,"max_hp_gain":5,"max_hp_loss":0,"event_name":"Forgotten Altar","floor":20,"gold_loss":0},{"damage_healed":0,"gold_gain":0,"player_choice":"Relic","damage_taken":0,"max_hp_gain":0,"max_hp_loss":0,"event_name":"Wheel of Change","floor":22,"gold_loss":0},{"damage_healed":0,"gold_gain":50,"player_choice":"Stole From Cult","damage_taken":0,"max_hp_gain":0,"max_hp_loss":0,"event_name":"Nest","floor":27,"gold_loss":0}],"is_beta":false,"boss_relics":[{"not_picked":["Runic Pyramid","Empty Cage"],"picked":"Astrolabe"}],"items_purged_floors":[8],"is_endless":false,"potions_floor_spawned":[7,12,18,21,24],"killed_by":"Champ","ascension_level":20}