{"gold_per_floor":[109,124,0,15,31,31,64,139,139,198,214,249,249,284,284,284],"floor_reached":16,"playtime":1222,"items_purged":["Defend_R"],"score":126,"play_id":"c570b555-b1ff-4897-8f44-669a93ecb37a","local_time":"20190607012031","is_ascension_mode":true,"campfire_choices":[{"data":"Whirlwind","floor":6,"key":"SMITH"},{"floor":13,"key":"REST"},{"floor":15,"key":"REST"}],"neow_cost":"NONE","seed_source_timestamp":1581001722594200,"circlet_count":0,"master_deck":["Strike_R","Strike_R","Strike_R","Strike_R","Strike_R","Defend_R","Defend_R","Defend_R","Bash","Heavy Blade","Body Slam","Anger","Whirlwind+1","Heavy Blade","Flex","Clash","Body Slam","Warcry+1","Flex+1"],"relics":["Burning Blood","Letter Opener","Toxic Egg 2","Ornamental Fan","Happy Flower","Mummified Hand"],"potions_floor_usage":[10,12,12],"damage_taken":[{"damage":6,"enemies":"Jaw Worm","floor":1,"turns":3},{"damage":9,"enemies":"2 Louse","floor":2,"turns":3},{"damage":1,"enemies":"Cultist","floor":4,"turns":3},{"damage":10,"enemies":"Looter","floor":5,"turns":2},{"damage":27,"enemies":"3 Sentries","floor":7,"turns":4},{"damage":38,"enemies":"Lagavulin Event","floor":10,"turns":6},{"damage":0,"enemies":"Exordium Wildlife","floor":11,"turns":2},{"damage":14,"enemies":"Gremlin Nob","floor":12,"turns":4},{"damage":22,"enemies":"Lagavulin","floor":14,"turns":5},{"damage":54,"enemies":"Hexaghost","floor":16,"turns":9}],"seed_played":"8540369689067225271","potions_obtained":[{"floor":2,"key":"FearPotion"},{"floor":10,"key":"Explosive Potion"},{"floor":11,"key":"PowerPotion"}],"is_trial":false,"path_per_floor":["M","M","$","M","M","R","E","?","T","?","M","E","R","E","R","B"],"character_chosen":"IRONCLAD","items_purchased":["Anger"],"campfire_rested":2,"item_purchase_floors":[3],"current_hp_per_floor":[88,85,85,88,84,84,63,52,52,20,26,18,44,28,54,0],"gold":284,"neow_bonus":"TEN_PERCENT_HP_BONUS","is_prod":false,"is_daily":false,"chose_seed":false,"campfire_upgraded":1,"win_rate":0,"timestamp":1559884831,"path_taken":["M","M","$","M","M","R","E","?","T","?","?","E","R","E","R","BOSS"],"build_version":"2019-01-23","purchased_purges":1,"victory":false,"max_hp_per_floor":[88,88,88,88,88,88,88,88,88,88,88,88,88,88,88,88],"card_choices":[{"not_picked":["Shrug It Off","Sentinel"],"picked":"Heavy Blade","floor":1},{"not_picked":["Clothesline","Warcry"],"picked":"Body Slam","floor":2},{"not_picked":["Ghostly Armor","Twin Strike"],"picked":"Whirlwind","floor":4},{"not_picked":["Impervious","Twin Strike"],"picked":"Heavy Blade","floor":5},{"not_picked":["Thunderclap","Spot Weakness"],"picked":"Flex","floor":7},{"not_picked":["True Grit+1","Sever Soul"],"picked":"Clash","floor":10},{"not_picked":["Evolve","Shockwave+1"],"picked":"Body Slam","floor":11},{"not_picked":["Battle Trance+1","Havoc+1"],"picked":"Warcry+1","floor":12},{"not_picked":["Carnage","Power Through+1"],"picked":"Flex+1","floor":14}],"player_experience":81337,"relics_obtained":[{"floor":7,"key":"Letter Opener"},{"floor":9,"key":"Toxic Egg 2"},{"floor":12,"key":"Happy Flower"},{"floor":14,"key":"Mummified Hand"}],"event_choices":[{"damage_healed":0,"gold_gain":75,"player_choice":"Gather Gold","damage_taken":11,"max_hp_gain":0,"max_hp_loss":0,"event_name":"World of Goop","floor":8,"gold_loss":0},{"damage_healed":0,"gold_gain":0,"player_choice":"Searched \u00272\u0027 times","damage_taken":0,"relics_obtained":["Ornamental Fan"],"max_hp_gain":0,"max_hp_loss":0,"event_name":"Dead Adventurer","floor":10,"gold_loss":0}],"is_beta":false,"boss_relics":[],"items_purged_floors":[3],"is_endless":false,"potions_floor_spawned":[2,10,11],"killed_by":"Hexaghost","ascension_level":1}