{"gold_per_floor":[14,28,103,63,82,82,116,41,68,99,119,119,119,145,145,224,224,236,210,225,225,260,260,321,321,321,321],"floor_reached":27,"playtime":1280,"items_purged":[],"score":498,"play_id":"618c5ddf-7197-45d7-9dba-ff74bb4b8863","local_time":"20190328232029","is_ascension_mode":true,"campfire_choices":[{"data":"Recycle","floor":6,"key":"SMITH"},{"data":"Zap","floor":12,"key":"SMITH"},{"data":"Dualcast","floor":15,"key":"SMITH"},{"data":"Buffer","floor":23,"key":"SMITH"},{"floor":25,"key":"REST"}],"neow_cost":"NO_GOLD","seed_source_timestamp":1284569913676981,"circlet_count":0,"master_deck":["AscendersBane","Strike_B+1","Strike_B+1","Strike_B+1","Defend_B+1","Defend_B+1","Defend_B+1","Defend_B+1","Zap+1","Dualcast+1","Gash","Recycle+1","Self Repair","Undo","Meteor Strike","All For One","Steam","Echo Form","Conserve Battery","Cold Snap","Ball Lightning","Buffer+1","Defragment"],"relics":["Cracked Core","Pocketwatch","Dream Catcher","PreservedInsect","Du-Vu Doll","Inserter","Red Mask","Tiny Chest"],"potions_floor_usage":[7,22,22],"damage_taken":[{"damage":0,"enemies":"Cultist","floor":1,"turns":3},{"damage":3,"enemies":"Small Slimes","floor":2,"turns":3},{"damage":2,"enemies":"Jaw Worm","floor":5,"turns":3},{"damage":1,"enemies":"Gremlin Nob","floor":7,"turns":3},{"damage":12,"enemies":"Lagavulin","floor":10,"turns":6},{"damage":7,"enemies":"2 Fungi Beasts","floor":11,"turns":4},{"damage":10,"enemies":"3 Sentries","floor":14,"turns":6},{"damage":18,"enemies":"Hexaghost","floor":16,"turns":8},{"damage":17,"enemies":"3 Byrds","floor":18,"turns":7},{"damage":20,"enemies":"2 Thieves","floor":19,"turns":4},{"damage":33,"enemies":"Shelled Parasite and Fungi","floor":20,"turns":7},{"damage":11,"enemies":"Masked Bandits","floor":22,"turns":5},{"damage":12,"enemies":"Gremlin Leader","floor":24,"turns":8},{"damage":48,"enemies":"Slavers","floor":27,"turns":5}],"seed_played":"-6628711589306352773","potions_obtained":[{"floor":1,"key":"Fire Potion"},{"floor":5,"key":"AttackPotion"},{"floor":16,"key":"Strength Potion"},{"floor":18,"key":"Fire Potion"}],"is_trial":false,"path_per_floor":["M","M","?","$","M","R","E","?","T","E","M","R","?","E","R","B",null,"M","M","M","?","?","R","E","R","T","E"],"character_chosen":"DEFECT","items_purchased":["Self Repair"],"campfire_rested":1,"item_purchase_floors":[4],"current_hp_per_floor":[64,61,50,50,55,55,54,54,54,49,49,49,49,46,46,35,62,59,53,27,27,23,23,25,46,46,0],"gold":321,"neow_bonus":"ONE_RARE_RELIC","is_prod":false,"is_daily":false,"chose_seed":false,"campfire_upgraded":4,"win_rate":0,"timestamp":1553829629,"path_taken":["M","?","?","$","M","R","E","?","T","E","M","R","?","E","R","BOSS","M","M","M","?","?","R","E","R","T","E"],"build_version":"2019-01-23","purchased_purges":0,"victory":false,"max_hp_per_floor":[71,71,71,71,71,71,71,71,71,71,71,71,71,71,71,71,71,71,71,71,71,71,71,71,71,71,71],"card_choices":[{"not_picked":["Scrape","Hologram"],"picked":"Gash","floor":1},{"not_picked":["Heatsinks","Loop"],"picked":"Recycle","floor":2},{"not_picked":["Heatsinks","BootSequence"],"picked":"Undo","floor":5},{"not_picked":["Coolheaded","Sunder"],"picked":"Meteor Strike","floor":7},{"not_picked":["Aggregate","Conserve Battery"],"picked":"All For One","floor":10},{"not_picked":["Redo","Melter","Leap"],"picked":"SKIP","floor":11},{"not_picked":["Recycle","Skim"],"picked":"Steam","floor":14},{"not_picked":["Creative AI","Rainbow"],"picked":"Echo Form","floor":16},{"not_picked":["Stack","Leap"],"picked":"Conserve Battery","floor":18},{"not_picked":["Ball Lightning","Redo"],"picked":"Cold Snap","floor":19},{"not_picked":["Cold Snap","Stack"],"picked":"Ball Lightning","floor":20},{"not_picked":["Rebound","Doom and Gloom"],"picked":"Buffer","floor":22},{"not_picked":["Self Repair","Steam"],"picked":"Defragment","floor":24}],"player_experience":1034020,"relics_obtained":[{"floor":7,"key":"Dream Catcher"},{"floor":9,"key":"PreservedInsect"},{"floor":10,"key":"Du-Vu Doll"},{"floor":22,"key":"Red Mask"},{"floor":24,"key":"Tiny Chest"}],"event_choices":[{"damage_healed":0,"gold_gain":75,"player_choice":"Gather Gold","damage_taken":11,"max_hp_gain":0,"max_hp_loss":0,"event_name":"World of Goop","floor":3,"gold_loss":0},{"cards_removed":["Strike_B"],"damage_healed":0,"gold_gain":0,"player_choice":"Card Removal","damage_taken":0,"max_hp_gain":0,"max_hp_loss":0,"event_name":"The Cleric","floor":8,"gold_loss":75},{"damage_healed":0,"gold_gain":0,"player_choice":"Ignored","damage_taken":0,"max_hp_gain":0,"max_hp_loss":0,"event_name":"Shining Light","floor":13,"gold_loss":0},{"damage_healed":0,"gold_gain":0,"player_choice":"Simplicity","damage_taken":0,"max_hp_gain":0,"max_hp_loss":0,"event_name":"Back to Basics","floor":21,"gold_loss":0,"cards_upgraded":["Strike_B","Strike_B","Strike_B","Defend_B","Defend_B","Defend_B","Defend_B"]},{"damage_healed":0,"gold_gain":0,"player_choice":"Fought Bandits","damage_taken":0,"max_hp_gain":0,"max_hp_loss":0,"event_name":"Masked Bandits","floor":22,"gold_loss":0}],"is_beta":false,"boss_relics":[{"not_picked":["Busted Crown","Runic Pyramid"],"picked":"Inserter"}],"items_purged_floors":[],"is_endless":false,"potions_floor_spawned":[1,5,16,18,19],"killed_by":"Slavers","ascension_level":20}