{"gold_per_floor":[119,69,69,69,84,84,84,112,160,160,171,189,203,235,235,340,340,340,280,230,155,70,70,70,70,70,70,70,70,70,70,70,70],"floor_reached":33,"playtime":1351,"items_purged":["Strike_R"],"score":355,"play_id":"062c7e27-4915-4186-904d-cb2ec0d37d7e","local_time":"20180823231025","is_ascension_mode":true,"campfire_choices":[{"data":"Armaments","floor":6,"key":"SMITH"},{"data":"Bash","floor":10,"key":"SMITH"},{"data":"Evolve","floor":15,"key":"SMITH"},{"data":"Demon Form","floor":23,"key":"SMITH"},{"floor":28,"key":"REST"},{"floor":32,"key":"REST"}],"neow_cost":"NONE","seed_source_timestamp":675612413545827,"circlet_count":0,"master_deck":["Strike_R","Strike_R","Defend_R","Defend_R","Defend_R","Bash+1","Headbutt","Armaments+1","Whirlwind","Iron Wave","Pommel Strike","Anger","Evolve+1","Demon Form+1","Heavy Blade","Warcry"],"relics":["Burning Blood","Ancient Tea Set","Oddly Smooth Stone","Boot","Ectoplasm","Juzu Bracelet","Ice Cream","MutagenicStrength","Molten Egg 2"],"potions_floor_usage":[1,13,24,33,33,33],"damage_taken":[{"damage":8,"enemies":"2 Louse","floor":1,"turns":2},{"damage":8,"enemies":"Jaw Worm","floor":5,"turns":4},{"damage":19,"enemies":"3 Sentries","floor":8,"turns":10},{"damage":4,"enemies":"Small Slimes","floor":11,"turns":3},{"damage":11,"enemies":"Looter","floor":12,"turns":2},{"damage":0,"enemies":"Exordium Wildlife","floor":13,"turns":3},{"damage":16,"enemies":"Gremlin Nob","floor":14,"turns":3},{"damage":40,"enemies":"Hexaghost","floor":16,"turns":9},{"damage":4,"enemies":"Chosen","floor":18,"turns":5},{"damage":32,"enemies":"2 Thieves","floor":19,"turns":4},{"damage":32,"enemies":"Book of Stabbing","floor":24,"turns":6},{"damage":27,"enemies":"Snecko","floor":30,"turns":4},{"damage":11,"enemies":"Sentry and Sphere","floor":31,"turns":5},{"damage":50,"enemies":"Collector","floor":33,"turns":6}],"seed_played":"-8423308087478632298","potions_obtained":[{"floor":0,"key":"EssenceOfSteel"},{"floor":0,"key":"Fruit Juice"},{"floor":0,"key":"Fire Potion"},{"floor":8,"key":"SpeedPotion"},{"floor":14,"key":"GamblersBrew"},{"floor":18,"key":"Swift Potion"},{"floor":31,"key":"Swift Potion"}],"is_trial":false,"path_per_floor":["M","?","$","?","M","R","?","E","T","R","M","M","M","E","R","B",null,"M","M","?","$","?","R","E","?","T","?","R","?","M","M","R"],"character_chosen":"IRONCLAD","items_purchased":[],"campfire_rested":2,"item_purchase_floors":[],"current_hp_per_floor":[75,75,75,80,78,78,71,58,58,58,60,55,61,51,51,17,72,74,48,48,48,48,48,22,22,22,22,49,49,28,23,50,0],"gold":70,"neow_bonus":"THREE_SMALL_POTIONS","is_prod":false,"is_daily":false,"chose_seed":false,"campfire_upgraded":4,"win_rate":0,"timestamp":1535080225,"path_taken":["M","?","$","?","M","R","?","E","T","R","M","?","M","E","R","BOSS","M","M","?","$","?","R","E","?","T","?","R","?","M","M","R","BOSS"],"build_version":"2018-08-23","purchased_purges":1,"victory":false,"max_hp_per_floor":[85,85,85,90,90,90,90,90,90,90,90,90,90,90,90,90,90,90,90,90,90,90,90,90,90,90,90,90,90,90,90,90,90],"card_choices":[{"not_picked":["Cleave","Body Slam"],"picked":"Headbutt","floor":1},{"not_picked":["Sever Soul","Headbutt"],"picked":"Armaments","floor":5},{"not_picked":["Cleave","Offering"],"picked":"Whirlwind","floor":8},{"not_picked":["Disarm","Shockwave"],"picked":"Iron Wave","floor":11},{"not_picked":["Armaments","Blood for Blood"],"picked":"Pommel Strike","floor":12},{"not_picked":["Havoc","Intimidate"],"picked":"Anger","floor":13},{"not_picked":["Thunderclap","Rupture"],"picked":"Evolve","floor":14},{"not_picked":["Fiend Fire","Bludgeon"],"picked":"Demon Form","floor":16},{"not_picked":["Wild Strike","Fire Breathing","Armaments"],"picked":"SKIP","floor":18},{"not_picked":["Battle Trance","Pommel Strike"],"picked":"Heavy Blade","floor":19},{"not_picked":["Flex","Reckless Charge","Second Wind"],"picked":"SKIP","floor":24},{"not_picked":["Sword Boomerang+1","Shockwave+1","Perfected Strike+1"],"picked":"SKIP","floor":30},{"not_picked":["Clash+1","Heavy Blade+1"],"picked":"Warcry","floor":31}],"player_experience":190900,"relics_obtained":[{"floor":8,"key":"Ancient Tea Set"},{"floor":9,"key":"Oddly Smooth Stone"},{"floor":14,"key":"Boot"},{"floor":24,"key":"Ice Cream"},{"floor":26,"key":"Molten Egg 2"}],"event_choices":[{"event_name":"The Cleric","player_choice":"Card Removal","floor":2,"damage_taken":0},{"event_name":"Big Fish","player_choice":"Donut","floor":4,"damage_taken":0},{"event_name":"Golden Wing","player_choice":"Card Removal","floor":7,"damage_taken":0},{"event_name":"The Joust","player_choice":"Bet on Murderer","floor":20,"damage_taken":0},{"event_name":"Addict","player_choice":"Obtained Relic","floor":22,"damage_taken":0},{"event_name":"Drug Dealer","player_choice":"Inject Mutagens","floor":25,"damage_taken":0},{"event_name":"Golden Shrine","player_choice":"Pray","floor":27,"damage_taken":0},{"event_name":"Purifier","player_choice":"One Purge","floor":29,"damage_taken":0}],"is_beta":false,"boss_relics":[{"not_picked":["Black Blood","Snecko Eye"],"picked":"Ectoplasm"}],"items_purged_floors":[21],"is_endless":false,"potions_floor_spawned":[8,11,14,18,31],"killed_by":"Collector","ascension_level":6}