{"gold_per_floor":[119,44,44,44,119,146,164,164,164,164,186,206,233,253,253,348,348,362,362,287,287,134,134,9,35,35,35,35,61,61,76,76,175,175,186,286,286,286,297,297,327,327,327,340,369,369,381,397,397,397,397,397,18,18],"floor_reached":54,"playtime":2851,"items_purged":["Strike_R","Strike_R","Strike_R","Defend_R"],"score":799,"play_id":"dd93a6cd-5c35-4f64-bb46-af6f58f1a00c","local_time":"20190712045425","is_ascension_mode":true,"campfire_choices":[{"data":"Shrug It Off","floor":8.0,"key":"SMITH"},{"data":"Juggernaut","floor":10.0,"key":"SMITH"},{"data":"Body Slam","floor":15.0,"key":"SMITH"},{"data":"Entrench","floor":23.0,"key":"SMITH"},{"data":"True Grit","floor":32.0,"key":"SMITH"},{"floor":40.0,"key":"RECALL"},{"floor":46.0,"key":"REST"},{"floor":49.0,"key":"REST"},{"data":"Impervious","floor":52.0,"key":"SMITH"}],"neow_cost":"NONE","seed_source_timestamp":58912816802595,"circlet_count":0,"master_deck":["Defend_R","Defend_R","Juggernaut+1","Shrug It Off+1","Body Slam+1","Disarm","Impervious+1","Iron Wave+1","Entrench+1","True Grit+1","Iron Wave+1","Armaments","Shrug It Off"],"special_seed":0,"relics":["Black Blood","NeowsBlessing","Bronze Scales","Odd Mushroom","Oddly Smooth Stone","Orichalcum","Matryoshka","Pen Nib","Empty Cage","Bird Faced Urn","Kunai","Anchor","Self Forming Clay","Red Skull"],"potions_floor_usage":[54],"damage_taken":[{"damage":0.0,"enemies":"Small Slimes","floor":1.0,"turns":1.0},{"damage":0.0,"enemies":"Gremlin Nob","floor":6.0,"turns":1.0},{"damage":0.0,"enemies":"2 Louse","floor":7.0,"turns":1.0},{"damage":17.0,"enemies":"The Mushroom Lair","floor":11.0,"turns":4.0},{"damage":6.0,"enemies":"Jaw Worm","floor":12.0,"turns":4.0},{"damage":22.0,"enemies":"Lagavulin","floor":13.0,"turns":7.0},{"damage":0.0,"enemies":"Large Slime","floor":14.0,"turns":5.0},{"damage":12.0,"enemies":"Hexaghost","floor":16.0,"turns":10.0},{"damage":0.0,"enemies":"Chosen","floor":18.0,"turns":5.0},{"damage":15.0,"enemies":"Book of Stabbing","floor":25.0,"turns":5.0},{"damage":23.0,"enemies":"Gremlin Leader","floor":29.0,"turns":7.0},{"damage":2.0,"enemies":"Spheric Guardian","floor":31.0,"turns":4.0},{"damage":14.0,"enemies":"Champ","floor":33.0,"turns":13.0},{"damage":21.0,"enemies":"3 Darklings","floor":35.0,"turns":8.0},{"damage":0.0,"enemies":"Mind Bloom Boss Battle","floor":36.0,"turns":7.0},{"damage":16.0,"enemies":"3 Shapes","floor":39.0,"turns":6.0},{"damage":80.0,"enemies":"Reptomancer","floor":41.0,"turns":8.0},{"damage":0.0,"enemies":"Jaw Worm Horde","floor":44.0,"turns":5.0},{"damage":24.0,"enemies":"Nemesis","floor":45.0,"turns":11.0},{"damage":5.0,"enemies":"4 Shapes","floor":47.0,"turns":4.0},{"damage":19.0,"enemies":"Sphere and 2 Shapes","floor":48.0,"turns":6.0},{"damage":31.0,"enemies":"Awakened One","floor":50.0,"turns":17.0},{"damage":82,"enemies":"Shield and Spear","floor":54,"turns":7}],"seed_played":"-4914152633853590498","potions_obtained":[{"floor":12.0,"key":"Poison Potion"},{"floor":13.0,"key":"LiquidBronze"},{"floor":29.0,"key":"Block Potion"},{"floor":30.0,"key":"SpeedPotion"},{"floor":30.0,"key":"Strength Potion"},{"floor":35.0,"key":"GamblersBrew"},{"floor":39.0,"key":"FearPotion"},{"floor":41.0,"key":"Energy Potion"}],"is_trial":false,"path_per_floor":["M","$","?","$","?","E","M","R","T","R","?","M","E","M","R","B",null,"M","?","?","?","$","R","$","E","T","?","$","E","?","M","R","B",null,"M","?","?","?","M","R","E","?","T","M","E","R","M","M","R","B",null,"R","$","E"],"character_chosen":"IRONCLAD","items_purchased":["True Grit","Shrug It Off","EssenceOfSteel","Swift Potion","Explosive Potion"],"campfire_rested":2,"item_purchase_floors":[22,53,53,53,53],"current_hp_per_floor":[80,80,85,85,74,80,85,85,85,85,74,74,58,64,64,58,85,85,85,85,85,85,85,85,80,80,80,80,67,67,75,75,71,85,74,84,84,84,79,79,11,11,11,23,11,35,42,35,59,40,81,81,81,0],"gold":18,"neow_bonus":"THREE_ENEMY_KILL","is_prod":false,"is_daily":false,"chose_seed":false,"campfire_upgraded":6,"win_rate":0,"timestamp":1562921665,"path_taken":["M","$","?","$","?","E","M","R","T","R","?","M","E","M","R","BOSS","M","?","?","?","$","R","?","E","T","?","$","E","?","?","R","BOSS","M","?","?","?","M","R","E","?","T","M","E","R","M","?","R","BOSS","R","$","E"],"build_version":"2019-07-05","purchased_purges":4,"victory":false,"max_hp_per_floor":[80,80,85,85,85,85,85,85,85,85,85,85,85,85,85,85,85,85,85,85,85,85,85,85,85,85,85,85,85,85,85,85,85,85,85,85,85,85,85,85,85,81,81,81,81,81,81,81,81,81,81,81,81,81],"card_choices":[{"not_picked":["Sword Boomerang","Dropkick","Anger"],"picked":"SKIP","floor":1.0},{"not_picked":["Dropkick","Iron Wave"],"picked":"Juggernaut","floor":6.0},{"not_picked":["Pommel Strike","Seeing Red"],"picked":"Shrug It Off","floor":7.0},{"not_picked":["Heavy Blade","Wild Strike"],"picked":"Body Slam","floor":12.0},{"not_picked":["Fire Breathing","Perfected Strike","Rupture"],"picked":"SKIP","floor":13.0},{"not_picked":["Whirlwind","Perfected Strike"],"picked":"Disarm","floor":14.0},{"not_picked":["Brutality","Dark Embrace"],"picked":"Impervious","floor":16.0},{"not_picked":["Warcry","Perfected Strike"],"picked":"Iron Wave+1","floor":18.0},{"not_picked":["Thunderclap+1","Clothesline","Blood for Blood"],"picked":"SKIP","floor":25.0},{"not_picked":["Flex+1","Burning Pact","Thunderclap"],"picked":"SKIP","floor":29.0},{"not_picked":["Heavy Blade","Dark Embrace","Wild Strike"],"picked":"SKIP","floor":31.0},{"not_picked":["Anger+1","Whirlwind+1"],"picked":"Iron Wave+1","floor":35.0},{"not_picked":["Heavy Blade+1","Cleave","True Grit"],"picked":"SKIP","floor":39.0},{"not_picked":["Corruption","Reckless Charge+1","Sword Boomerang"],"picked":"SKIP","floor":41.0},{"not_picked":["Clash","Wild Strike","Fire Breathing"],"picked":"SKIP","floor":44.0},{"not_picked":["Cleave+1","Inflame","Spot Weakness"],"picked":"SKIP","floor":45.0},{"not_picked":["Body Slam","Inflame"],"picked":"Armaments","floor":47.0},{"not_picked":["Perfected Strike+1","Limit Break","Seeing Red+1"],"picked":"SKIP","floor":48.0}],"player_experience":111643,"relics_obtained":[{"floor":6.0,"key":"Bronze Scales"},{"floor":11.0,"key":"Odd Mushroom"},{"floor":13.0,"key":"Oddly Smooth Stone"},{"floor":25.0,"key":"Orichalcum"},{"floor":26.0,"key":"Matryoshka"},{"floor":29.0,"key":"Pen Nib"},{"floor":36.0,"key":"Bird Faced Urn"},{"floor":41.0,"key":"Kunai"},{"floor":43.0,"key":"Anchor"},{"floor":43.0,"key":"Self Forming Clay"},{"floor":45.0,"key":"Red Skull"}],"event_choices":[{"damage_healed":0.0,"max_hp_gain":5.0,"max_hp_loss":0.0,"gold_gain":0.0,"event_name":"Big Fish","player_choice":"Donut","floor":3.0,"gold_loss":0.0,"damage_taken":0.0},{"damage_healed":0.0,"max_hp_gain":0.0,"max_hp_loss":0.0,"gold_gain":75.0,"event_name":"World of Goop","player_choice":"Gather Gold","floor":5.0,"gold_loss":0.0,"damage_taken":11.0},{"damage_healed":0.0,"max_hp_gain":0.0,"max_hp_loss":0.0,"gold_gain":0.0,"event_name":"Mushrooms","player_choice":"Fought Mushrooms","floor":11.0,"gold_loss":0.0,"damage_taken":0.0},{"damage_healed":0.0,"max_hp_gain":0.0,"max_hp_loss":0.0,"gold_gain":0.0,"event_name":"The Library","player_choice":"Read","floor":19.0,"gold_loss":0.0,"damage_taken":0.0,"cards_obtained":["Entrench"]},{"cards_removed":["Strike_R"],"damage_healed":0.0,"max_hp_gain":0.0,"max_hp_loss":0.0,"gold_gain":0.0,"event_name":"Beggar","player_choice":"Gave Gold","floor":20.0,"gold_loss":75.0,"damage_taken":0.0},{"damage_healed":0.0,"max_hp_gain":0.0,"max_hp_loss":0.0,"gold_gain":0.0,"event_name":"The Mausoleum","player_choice":"Ignored","floor":21.0,"gold_loss":0.0,"damage_taken":0.0},{"damage_healed":0.0,"max_hp_gain":0.0,"max_hp_loss":0.0,"gold_gain":0.0,"event_name":"Lab","player_choice":"Got Potions","floor":30.0,"gold_loss":0.0,"damage_taken":0.0},{"damage_healed":0.0,"max_hp_gain":0.0,"max_hp_loss":0.0,"gold_gain":0.0,"event_name":"MindBloom","player_choice":"Fight","floor":36.0,"gold_loss":0.0,"damage_taken":0.0},{"damage_healed":0.0,"max_hp_gain":0.0,"max_hp_loss":0.0,"gold_gain":0.0,"event_name":"Mysterious Sphere","player_choice":"Ignored","floor":37.0,"gold_loss":0.0,"damage_taken":0.0},{"cards_removed":["Bash"],"damage_healed":0.0,"max_hp_gain":0.0,"max_hp_loss":0.0,"gold_gain":0.0,"event_name":"Falling","player_choice":"Removed Attack","floor":38.0,"gold_loss":0.0,"damage_taken":0.0},{"damage_healed":0.0,"max_hp_gain":0.0,"max_hp_loss":4.0,"gold_gain":0.0,"event_name":"Winding Halls","player_choice":"Max HP","floor":42.0,"gold_loss":0.0,"damage_taken":0.0}],"is_beta":false,"boss_relics":[{"not_picked":["Fusion Hammer","Tiny House"],"picked":"Black Blood"},{"not_picked":["Busted Crown","Eternal Feather"],"picked":"Empty Cage"}],"items_purged_floors":[2,22,24,53],"is_endless":false,"potions_floor_spawned":[12,13,29,35,39,41],"killed_by":"Shield and Spear","ascension_level":1}