{"gold_per_floor":[18,18,32,49,64,64,64,64,91,57,90,108,122,149,149,149],"floor_reached":16,"playtime":626,"items_purged":[],"score":112,"play_id":"f4a7e5a3-87bc-4af3-9a41-bec8fae1b403","local_time":"20190714222655","is_ascension_mode":false,"campfire_choices":[{"data":"Dualcast","floor":6,"key":"SMITH"},{"data":"Zap","floor":8,"key":"SMITH"},{"floor":15,"key":"REST"}],"neow_cost":"NO_GOLD","seed_source_timestamp":189550925932127,"circlet_count":0,"master_deck":["Strike_B","Strike_B","Strike_B","Defend_B","Defend_B","Defend_B","Defend_B","Zap+1","Dualcast+1","Echo Form","Undo","Conserve Battery","Turbo","Cold Snap","Loop","Sweeping Beam","Ball Lightning","Redo","Fusion"],"relics":["Cracked Core","PreservedInsect","Happy Flower","Anchor"],"potions_floor_usage":[14,14,14],"damage_taken":[{"damage":1,"enemies":"Cultist","floor":1,"turns":3},{"damage":0,"enemies":"2 Louse","floor":3,"turns":4},{"damage":0,"enemies":"Small Slimes","floor":4,"turns":3},{"damage":11,"enemies":"Red Slaver","floor":5,"turns":4},{"damage":34,"enemies":"Gremlin Nob","floor":11,"turns":5},{"damage":12,"enemies":"2 Fungi Beasts","floor":12,"turns":4},{"damage":9,"enemies":"Looter","floor":13,"turns":3},{"damage":9,"enemies":"3 Sentries","floor":14,"turns":3},{"damage":34,"enemies":"Slime Boss","floor":16,"turns":6}],"seed_played":"9054531330733692457","potions_obtained":[{"floor":1,"key":"Regen Potion"},{"floor":3,"key":"Strength Potion"},{"floor":4,"key":"FocusPotion"},{"floor":13,"key":"Poison Potion"}],"is_trial":false,"path_per_floor":["M","$","M","M","M","R","?","R","T","$","E","M","M","E","R","B"],"character_chosen":"DEFECT","items_purchased":["Loop"],"campfire_rested":1,"item_purchase_floors":[10],"current_hp_per_floor":[74,74,74,74,63,63,63,63,63,63,29,17,8,8,30,0],"gold":149,"neow_bonus":"THREE_RARE_CARDS","is_prod":false,"is_daily":false,"chose_seed":false,"campfire_upgraded":2,"win_rate":0.0,"timestamp":1563157615,"path_taken":["M","?","M","M","?","R","?","R","T","$","E","M","?","E","R","BOSS"],"build_version":"2019-07-05","purchased_purges":0,"victory":false,"max_hp_per_floor":[75,75,75,75,75,75,75,75,75,75,75,75,75,75,75,75],"card_choices":[{"not_picked":["Thunder Strike","Buffer"],"picked":"Echo Form","floor":0},{"not_picked":["Streamline","Hologram"],"picked":"Undo","floor":1},{"not_picked":["Stack","Rip and Tear"],"picked":"Conserve Battery","floor":3},{"not_picked":["Compile Driver","Reprogram"],"picked":"Turbo","floor":4},{"not_picked":["Conserve Battery","Defragment"],"picked":"Cold Snap","floor":5},{"not_picked":["Leap","Heatsinks"],"picked":"Sweeping Beam","floor":11},{"not_picked":["Turbo","Steam Power"],"picked":"Ball Lightning","floor":12},{"not_picked":["Gash","Seek"],"picked":"Redo","floor":13},{"not_picked":["Turbo","Rip and Tear"],"picked":"Fusion","floor":14}],"player_experience":49996,"relics_obtained":[{"floor":9,"key":"PreservedInsect"},{"floor":11,"key":"Happy Flower"},{"floor":14,"key":"Anchor"}],"event_choices":[{"cards_removed":["Strike_B"],"damage_healed":0,"gold_gain":0,"player_choice":"Offered Basic","damage_taken":0,"max_hp_gain":0,"max_hp_loss":0,"event_name":"Bonfire Elementals","floor":7,"gold_loss":0}],"is_beta":false,"boss_relics":[],"items_purged_floors":[],"is_endless":false,"potions_floor_spawned":[1,3,4,13],"killed_by":"Slime Boss","ascension_level":0}