{"gold_per_floor":[213,225,77,91,105,105,119,19,19,29,29,29,29],"floor_reached":13,"playtime":576,"items_purged":["Strike_R","Strike_R"],"score":89,"play_id":"f2825195-1f66-4486-8238-086633f7a6d3","local_time":"20180821180804","is_ascension_mode":true,"campfire_choices":[{"data":"Inflame","floor":6,"key":"SMITH"}],"neow_cost":"NONE","seed_source_timestamp":485434689638590,"circlet_count":0,"master_deck":["Strike_R","Strike_R","Defend_R","Defend_R","Defend_R","Defend_R","Bash","Whirlwind","Inflame+1","Evolve","Body Slam","True Grit","Double Tap"],"relics":["Burning Blood","Champion Belt"],"potions_floor_usage":[13],"damage_taken":[{"damage":23,"enemies":"Cultist","floor":1,"turns":6},{"damage":9,"enemies":"Jaw Worm","floor":2,"turns":5},{"damage":0,"enemies":"2 Louse","floor":4,"turns":1},{"damage":30,"enemies":"Exordium Thugs","floor":5,"turns":10},{"damage":19,"enemies":"Blue Slaver","floor":7,"turns":6},{"damage":0,"enemies":"3 Louse","floor":10,"turns":1},{"damage":35,"enemies":"3 Sentries","floor":13,"turns":4}],"seed_played":"-4434021651070985785","potions_obtained":[{"floor":1,"key":"Poison Potion"},{"floor":2,"key":"GamblersBrew"},{"floor":5,"key":"Dexterity Potion"}],"is_trial":false,"path_per_floor":["M","M","$","M","M","R","M","$","T","M","?","?"],"character_chosen":"IRONCLAD","items_purchased":["Inflame"],"campfire_rested":0,"item_purchase_floors":[3],"current_hp_per_floor":[63,60,60,66,42,42,29,29,29,35,28,28,0],"gold":29,"neow_bonus":"HUNDRED_GOLD","is_prod":false,"is_daily":false,"chose_seed":false,"campfire_upgraded":1,"win_rate":0,"timestamp":1534889284,"path_taken":["M","?","$","M","M","R","M","$","T","M","?","?","E"],"build_version":"2018-08-16","purchased_purges":2,"victory":false,"max_hp_per_floor":[80,80,80,80,80,80,80,80,80,80,80,80,80],"card_choices":[{"not_picked":["Rupture","Headbutt"],"picked":"Whirlwind","floor":1},{"not_picked":["Twin Strike","Flame Barrier","Havoc"],"picked":"SKIP","floor":2},{"not_picked":["Perfected Strike","Intimidate"],"picked":"Evolve","floor":4},{"not_picked":["Perfected Strike","Heavy Blade"],"picked":"Body Slam","floor":5},{"not_picked":["Clothesline","Twin Strike","Dropkick"],"picked":"SKIP","floor":7},{"not_picked":["Headbutt","Twin Strike"],"picked":"True Grit","floor":10}],"player_experience":112456,"relics_obtained":[{"floor":9,"key":"Champion Belt"}],"event_choices":[{"event_name":"Golden Wing","player_choice":"Card Removal","floor":11,"damage_taken":0},{"event_name":"Match and Keep!","player_choice":"1 cards matched","floor":12,"damage_taken":0}],"is_beta":false,"boss_relics":[],"items_purged_floors":[3,8],"is_endless":false,"potions_floor_spawned":[1,2,5],"killed_by":"3 Sentries","ascension_level":3}