{"gold_per_floor":[118,118,30,50,63,63,63,96,96,107,107,137,137,152,152,229,229,247,137,151,66,66,66,66],"floor_reached":24,"playtime":933,"items_purged":[],"score":408,"play_id":"94def8dd-af2c-471e-bec1-016cbb66c31c","local_time":"20190521095410","is_ascension_mode":true,"campfire_choices":[{"data":"Zap","floor":6.0,"key":"SMITH"},{"data":"Loop","floor":13.0,"key":"SMITH"},{"data":"Coolheaded","floor":15.0,"key":"SMITH"},{"floor":23,"key":"REST"}],"neow_cost":"NONE","seed_source_timestamp":0,"circlet_count":0,"master_deck":["AscendersBane","Strike_B","Strike_B","Defend_B","Defend_B","Defend_B+1","Defend_B","Zap+1","Dualcast","Auto Shields","Self Repair","Cold Snap","Loop+1","Creative AI+1","Ball Lightning","Coolheaded+1","Fission","Heatsinks","Ghostly","Ghostly","Ghostly"],"special_seed":0,"relics":["Cracked Core","Singing Bowl","Ornamental Fan","Blue Candle","Fusion Hammer","Boot"],"potions_floor_usage":[24],"damage_taken":[{"damage":8.0,"enemies":"2 Louse","floor":1.0,"turns":3.0},{"damage":1.0,"enemies":"Cultist","floor":4.0,"turns":5.0},{"damage":8.0,"enemies":"Small Slimes","floor":5.0,"turns":4.0},{"damage":10.0,"enemies":"Lagavulin","floor":8.0,"turns":7.0},{"damage":1.0,"enemies":"Looter","floor":10.0,"turns":4.0},{"damage":20.0,"enemies":"Gremlin Nob","floor":12.0,"turns":5.0},{"damage":2.0,"enemies":"2 Fungi Beasts","floor":14.0,"turns":3.0},{"damage":28.0,"enemies":"The Guardian","floor":16.0,"turns":12.0},{"damage":32,"enemies":"Chosen","floor":18,"turns":8},{"damage":11,"enemies":"Spheric Guardian","floor":20,"turns":6},{"damage":41,"enemies":"Slavers","floor":24,"turns":6}],"seed_played":"-6107573183413803779","potions_obtained":[{"floor":1.0,"key":"Fire Potion"},{"floor":5.0,"key":"Ancient Potion"},{"floor":12.0,"key":"Block Potion"},{"floor":18,"key":"Strength Potion"}],"is_trial":false,"path_per_floor":["M","?","$","M","M","R","?","E","T","M","?","E","R","M","R","B",null,"M","?","M","?","?","R","E"],"character_chosen":"DEFECT","items_purchased":["Self Repair"],"campfire_rested":1,"item_purchase_floors":[3],"current_hp_per_floor":[56,56,56,62,61,61,61,58,58,64,64,53,53,58,58,37,64,39,39,37,37,37,37,0],"gold":66,"neow_bonus":"THREE_CARDS","is_prod":false,"is_daily":false,"chose_seed":false,"campfire_upgraded":3,"win_rate":0,"timestamp":1558446850,"path_taken":["M","?","$","?","M","R","?","E","T","M","?","E","R","M","R","BOSS","M","?","?","?","?","R","E"],"build_version":"2019-01-23","purchased_purges":0,"victory":false,"max_hp_per_floor":[71,71,71,71,71,71,71,71,71,71,71,73,73,73,73,73,73,73,73,75,75,37,37,37],"card_choices":[{"not_picked":["Steam","Go for the Eyes"],"picked":"Auto Shields","floor":1.0},{"not_picked":["Compile Driver","Stack"],"picked":"Cold Snap","floor":4.0},{"not_picked":["Stack","Force Field"],"picked":"Loop","floor":5.0},{"not_picked":["Barrage","Compile Driver"],"picked":"Creative AI","floor":8.0},{"not_picked":["Coolheaded","Rebound"],"picked":"Ball Lightning","floor":10.0},{"not_picked":["Barrage","Cold Snap","Beam Cell"],"picked":"Singing Bowl","floor":12.0},{"not_picked":["Hologram","Skim"],"picked":"Coolheaded","floor":14.0},{"not_picked":["Reboot","Multi-Cast"],"picked":"Fission","floor":16.0},{"not_picked":["Fusion","Blizzard"],"picked":"Heatsinks","floor":18},{"not_picked":["Leap","Steam Power","Conserve Battery"],"picked":"Singing Bowl","floor":20}],"player_experience":1410735,"relics_obtained":[{"floor":8.0,"key":"Singing Bowl"},{"floor":9.0,"key":"Ornamental Fan"},{"floor":12.0,"key":"Blue Candle"}],"event_choices":[{"cards_removed":["Strike_B"],"damage_healed":0.0,"max_hp_gain":0.0,"max_hp_loss":0.0,"gold_gain":0.0,"event_name":"Purifier","player_choice":"Purged","floor":2.0,"gold_loss":0.0,"damage_taken":0.0},{"damage_healed":0.0,"max_hp_gain":0.0,"max_hp_loss":0.0,"gold_gain":0.0,"event_name":"Liars Game","player_choice":"Ignored","floor":7.0,"gold_loss":0.0,"damage_taken":0.0},{"damage_healed":0.0,"max_hp_gain":0.0,"max_hp_loss":0.0,"gold_gain":0.0,"event_name":"Living Wall","player_choice":"Grow","floor":11.0,"gold_loss":0.0,"damage_taken":0.0,"cards_upgraded":["Creative AI"]},{"cards_removed":["Strike_B"],"damage_healed":0,"gold_gain":0,"player_choice":"Upgrade and Remove","damage_taken":0,"max_hp_gain":0,"max_hp_loss":0,"event_name":"Designer","floor":19,"gold_loss":110,"cards_upgraded":["Defend_B"]},{"damage_healed":0,"gold_gain":0,"player_choice":"Obtained Relic","damage_taken":0,"relics_obtained":["Boot"],"max_hp_gain":0,"max_hp_loss":0,"event_name":"Addict","floor":21,"gold_loss":85},{"damage_healed":0,"gold_gain":0,"player_choice":"Became a Ghost","damage_taken":0,"max_hp_gain":0,"max_hp_loss":38,"event_name":"Ghosts","floor":22,"gold_loss":0,"cards_obtained":["Ghostly","Ghostly","Ghostly"]}],"is_beta":false,"boss_relics":[{"not_picked":["Coffee Dripper","Calling Bell"],"picked":"Fusion Hammer"}],"items_purged_floors":[],"is_endless":false,"potions_floor_spawned":[1,5,12,18],"killed_by":"Slavers","ascension_level":20}