{"gold_per_floor":[114,289,289,300,20,20,39,71,71,88,101,120,120,133,133,233,233,244,244,12,22,36,36,36,36,85,85,85,97,97,115,115,115],"floor_reached":33,"playtime":1451,"items_purged":["Doubt"],"score":274,"play_id":"fd89c67b-eab8-4946-ba18-e91521a984c9","local_time":"20190713185841","is_ascension_mode":false,"campfire_choices":[{"data":"Armaments","floor":6,"key":"SMITH"},{"data":"Infernal Blade","floor":13,"key":"SMITH"},{"data":"Whirlwind","floor":15,"key":"SMITH"},{"data":"Searing Blow+1","floor":23,"key":"SMITH"},{"floor":30,"key":"REST"},{"floor":32,"key":"REST"}],"neow_cost":"PERCENT_DAMAGE","seed_source_timestamp":117810470494775,"circlet_count":0,"master_deck":["Strike_R","Strike_R","Strike_R","Strike_R","Defend_R","Defend_R","Defend_R","Defend_R","Bash","Armaments","Anger","Immolate","Armaments+1","Infernal Blade+1","Searing Blow+2","Shrug It Off","Whirlwind+1","Entrench","Bludgeon","Flex","Combust","Juggernaut","Intimidate+1","RitualDagger","Writhe","Flex+1"],"relics":["Burning Blood","Darkstone Periapt","Bottled Lightning","Lizard Tail","Vajra","MutagenicStrength","Strawberry","Kunai","Omamori"],"potions_floor_usage":[16,16,16,33,33,33],"damage_taken":[{"damage":3,"enemies":"2 Louse","floor":1,"turns":3},{"damage":2,"enemies":"Small Slimes","floor":4,"turns":5},{"damage":1,"enemies":"Jaw Worm","floor":7,"turns":3},{"damage":17,"enemies":"3 Sentries","floor":8,"turns":3},{"damage":8,"enemies":"Red Slaver","floor":10,"turns":4},{"damage":2,"enemies":"Blue Slaver","floor":11,"turns":4},{"damage":0,"enemies":"Large Slime","floor":12,"turns":4},{"damage":0,"enemies":"3 Louse","floor":14,"turns":1},{"damage":59,"enemies":"Hexaghost","floor":16,"turns":11},{"damage":25,"enemies":"Shell Parasite","floor":18,"turns":10},{"damage":15,"enemies":"2 Thieves","floor":21,"turns":2},{"damage":19,"enemies":"Cultist and Chosen","floor":22,"turns":6},{"damage":73,"enemies":"Sentry and Sphere","floor":29,"turns":7},{"damage":30,"enemies":"Snecko","floor":31,"turns":5},{"damage":109,"enemies":"Champ","floor":33,"turns":14}],"seed_played":"260079635928154905","potions_obtained":[{"floor":1,"key":"LiquidBronze"},{"floor":10,"key":"Dexterity Potion"},{"floor":14,"key":"Block Potion"},{"floor":16,"key":"Swift Potion"},{"floor":21,"key":"Explosive Potion"},{"floor":29,"key":"Block Potion"}],"is_trial":false,"path_per_floor":["M","?","?","M","$","R","M","E","T","M","M","M","R","M","R","B",null,"M","?","$","M","M","R","?","?","T","?","T","M","R","M","R","B"],"character_chosen":"IRONCLAD","items_purchased":["Immolate","Armaments","Vajra","Combust"],"campfire_rested":2,"item_purchase_floors":[5,5,20,20],"current_hp_per_floor":[75,75,68,72,72,72,77,66,66,64,68,74,74,80,80,27,96,77,77,77,68,55,55,49,49,56,62,62,49,81,57,89,0],"gold":115,"neow_bonus":"TWENTY_PERCENT_HP_BONUS","is_prod":false,"is_daily":false,"chose_seed":false,"campfire_upgraded":4,"win_rate":0.0,"timestamp":1563058721,"path_taken":["M","?","?","M","$","R","M","E","T","M","M","M","R","M","R","BOSS","M","?","$","?","M","R","?","?","T","?","?","M","R","M","R","BOSS"],"build_version":"2019-07-05","purchased_purges":1,"victory":false,"max_hp_per_floor":[96,96,96,96,96,96,96,96,96,96,96,96,96,96,96,96,96,96,96,96,96,96,96,96,96,103,109,109,109,109,109,109,109],"card_choices":[{"not_picked":["Battle Trance","Evolve"],"picked":"Armaments","floor":1},{"not_picked":["Thunderclap","Warcry"],"picked":"Anger","floor":4},{"not_picked":["Uppercut","Reckless Charge"],"picked":"Infernal Blade","floor":7},{"not_picked":["Rupture","Fiend Fire","Twin Strike"],"picked":"SKIP","floor":8},{"not_picked":["Thunderclap","Hemokinesis"],"picked":"Searing Blow","floor":10},{"not_picked":["Entrench","Dual Wield"],"picked":"Shrug It Off","floor":11},{"not_picked":["Flex","Cleave"],"picked":"Whirlwind","floor":12},{"not_picked":["Headbutt","True Grit"],"picked":"Entrench","floor":14},{"not_picked":["Offering","Double Tap"],"picked":"Bludgeon","floor":16},{"not_picked":["Clash","Perfected Strike"],"picked":"Flex","floor":18},{"not_picked":["Armaments+1","Twin Strike"],"picked":"Juggernaut","floor":21},{"not_picked":["Wild Strike","Anger"],"picked":"Intimidate+1","floor":22},{"not_picked":["Anger+1","Infernal Blade"],"picked":"Flex+1","floor":29},{"not_picked":["Second Wind","Sword Boomerang","Bloodletting"],"picked":"SKIP","floor":31}],"player_experience":42589,"relics_obtained":[{"floor":8,"key":"Darkstone Periapt"},{"floor":9,"key":"Bottled Lightning"},{"floor":26,"key":"Strawberry"},{"floor":28,"key":"Omamori"}],"event_choices":[{"damage_healed":0,"gold_gain":175,"player_choice":"AGREE","damage_taken":0,"max_hp_gain":0,"max_hp_loss":0,"event_name":"Liars Game","floor":2,"gold_loss":0,"cards_obtained":["Doubt"]},{"cards_removed":["Strike_R"],"damage_healed":0,"gold_gain":0,"player_choice":"Card Removal","damage_taken":7,"max_hp_gain":0,"max_hp_loss":0,"event_name":"Golden Wing","floor":3,"gold_loss":0},{"damage_healed":0,"gold_gain":0,"player_choice":"Upgraded","damage_taken":0,"max_hp_gain":0,"max_hp_loss":0,"event_name":"Upgrade Shrine","floor":19,"gold_loss":0,"cards_upgraded":["Searing Blow"]},{"damage_healed":0,"gold_gain":0,"player_choice":"Joined the Cult","damage_taken":6,"max_hp_gain":0,"max_hp_loss":0,"event_name":"Nest","floor":24,"gold_loss":0,"cards_obtained":["RitualDagger"]},{"damage_healed":0,"gold_gain":0,"player_choice":"Inject Mutagens","damage_taken":0,"relics_obtained":["MutagenicStrength"],"max_hp_gain":0,"max_hp_loss":0,"event_name":"Drug Dealer","floor":25,"gold_loss":0},{"damage_healed":0,"gold_gain":0,"player_choice":"Opened","damage_taken":0,"relics_obtained":["Kunai"],"max_hp_gain":0,"max_hp_loss":0,"event_name":"The Mausoleum","floor":27,"gold_loss":0,"cards_obtained":["Writhe"]}],"is_beta":false,"boss_relics":[{"not_picked":["Black Star","Black Blood"],"picked":"Lizard Tail"}],"items_purged_floors":[5],"is_endless":false,"potions_floor_spawned":[1,10,14,16,21,29],"killed_by":"Champ","ascension_level":0}