{"gold_per_floor":[118,130,31,51,26,51,51,84,111,127,127,152,152,165,165,265,265,283,283,296,315,329,329,343,343,424,444,477,491,509,223,223,223],"floor_reached":33,"playtime":1807,"items_purged":["Defend_R","Strike_R"],"score":379,"play_id":"1f0c96e9-3d0d-412d-9180-269659cfc063","local_time":"20180826034445","is_ascension_mode":true,"campfire_choices":[{"data":"True Grit","floor":7,"key":"SMITH"},{"data":"Uppercut","floor":11,"key":"SMITH"},{"data":"Inflame","floor":13,"key":"SMITH"},{"data":"Carnage","floor":15,"key":"SMITH"},{"floor":23,"key":"REST"},{"data":"Spot Weakness","floor":25,"key":"SMITH"},{"floor":32,"key":"REST"}],"neow_cost":"PERCENT_DAMAGE","seed_source_timestamp":864442867030543,"circlet_count":0,"master_deck":["Strike_R","Strike_R","Strike_R","Strike_R","Defend_R","Defend_R","Defend_R","Bash","Shrug It Off","Carnage+1","Shrug It Off","True Grit+1","Armaments","Uppercut+1","Anger","Inflame+1","Offering","Heavy Blade","Spot Weakness+1","Havoc+1","Whirlwind+1","Evolve+1","Reaper","Master of Strategy"],"relics":["Burning Blood","Sundial","Strawberry","Anchor","Vajra","Odd Mushroom","Nloth\u0027s Gift","Bottled Tornado","Ancient Tea Set"],"potions_floor_usage":[33,33],"damage_taken":[{"damage":1,"enemies":"Cultist","floor":1,"turns":3},{"damage":4,"enemies":"2 Louse","floor":2,"turns":4},{"damage":4,"enemies":"Jaw Worm","floor":4,"turns":3},{"damage":20,"enemies":"3 Sentries","floor":6,"turns":9},{"damage":32,"enemies":"Lagavulin","floor":8,"turns":7},{"damage":0,"enemies":"Large Slime","floor":10,"turns":7},{"damage":0,"enemies":"The Mushroom Lair","floor":12,"turns":5},{"damage":0,"enemies":"2 Fungi Beasts","floor":14,"turns":3},{"damage":17,"enemies":"The Guardian","floor":16,"turns":9},{"damage":27,"enemies":"3 Byrds","floor":18,"turns":7},{"damage":11,"enemies":"Chosen","floor":20,"turns":5},{"damage":29,"enemies":"3 Cultists","floor":21,"turns":5},{"damage":15,"enemies":"Cultist and Chosen","floor":22,"turns":5},{"damage":12,"enemies":"Centurion and Healer","floor":24,"turns":5},{"damage":6,"enemies":"Chosen and Byrds","floor":27,"turns":4},{"damage":23,"enemies":"Slavers","floor":28,"turns":3},{"damage":11,"enemies":"Cultist and Chosen","floor":29,"turns":4},{"damage":13,"enemies":"Centurion and Healer","floor":30,"turns":5},{"damage":79,"enemies":"Automaton","floor":33,"turns":6}],"seed_played":"-6603396799436936340","potions_obtained":[{"floor":2,"key":"Ancient Potion"},{"floor":8,"key":"EssenceOfSteel"},{"floor":14,"key":"Dexterity Potion"},{"floor":28,"key":"Block Potion"},{"floor":30,"key":"Energy Potion"}],"is_trial":false,"path_per_floor":["M","M","$","M","$","E","R","E","T","M","R","?","R","M","R","B",null,"M","?","M","M","M","R","M","R","T","M","E","M","M","$","R"],"character_chosen":"IRONCLAD","items_purchased":["Shrug It Off","Armaments","Master of Strategy"],"campfire_rested":2,"item_purchase_floors":[3,5,31],"current_hp_per_floor":[56,58,58,60,60,53,53,27,27,33,33,39,39,45,45,34,74,53,53,48,25,16,42,36,36,36,36,19,14,19,19,45,0],"gold":223,"neow_bonus":"ONE_RARE_RELIC","is_prod":false,"is_daily":false,"chose_seed":false,"campfire_upgraded":5,"win_rate":0,"timestamp":1535269485,"path_taken":["M","M","$","?","?","E","R","E","T","M","R","?","R","?","R","BOSS","M","?","M","M","M","R","M","R","T","?","E","M","M","$","R","BOSS"],"build_version":"2018-08-23v2","purchased_purges":2,"victory":false,"max_hp_per_floor":[80,80,80,80,80,87,87,87,87,87,87,87,87,87,87,87,87,87,87,87,87,87,87,87,87,87,87,87,87,87,87,87,87],"card_choices":[{"not_picked":["Sword Boomerang","Twin Strike"],"picked":"Shrug It Off","floor":1},{"not_picked":["Blood for Blood","Anger"],"picked":"Carnage","floor":2},{"not_picked":["Havoc","Twin Strike"],"picked":"True Grit","floor":4},{"not_picked":["Warcry","Sentinel"],"picked":"Uppercut","floor":6},{"not_picked":["Sword Boomerang","Rage","Armaments"],"picked":"SKIP","floor":8},{"not_picked":["Pommel Strike","Thunderclap"],"picked":"Anger","floor":10},{"not_picked":["Wild Strike","Battle Trance"],"picked":"Inflame","floor":12},{"not_picked":["Havoc","Twin Strike","Rampage"],"picked":"SKIP","floor":14},{"not_picked":["Berserk","Juggernaut"],"picked":"Offering","floor":16},{"not_picked":["Wild Strike","Armaments"],"picked":"Heavy Blade","floor":18},{"not_picked":["Clothesline","Carnage","Seeing Red"],"picked":"SKIP","floor":20},{"not_picked":["Uppercut","Wild Strike+1"],"picked":"Spot Weakness","floor":21},{"not_picked":["Dual Wield+1","Wild Strike"],"picked":"Havoc+1","floor":22},{"not_picked":["Havoc","Juggernaut","Entrench"],"picked":"SKIP","floor":24},{"not_picked":["Clash","Headbutt"],"picked":"Whirlwind+1","floor":27},{"not_picked":["Warcry+1","Reckless Charge"],"picked":"Evolve+1","floor":28},{"not_picked":["Bloodletting","Havoc"],"picked":"Reaper","floor":29},{"not_picked":["Warcry","Flex","Twin Strike"],"picked":"SKIP","floor":30}],"player_experience":267154,"relics_obtained":[{"floor":6,"key":"Strawberry"},{"floor":8,"key":"Anchor"},{"floor":9,"key":"Vajra"},{"floor":12,"key":"Odd Mushroom"},{"floor":26,"key":"Bottled Tornado"},{"floor":28,"key":"Ancient Tea Set"}],"event_choices":[{"event_name":"Mushrooms","player_choice":"Fought Mushrooms","floor":12,"damage_taken":0},{"event_name":"N\u0027loth","player_choice":"Traded a Snecko Eye","floor":19,"damage_taken":0}],"is_beta":false,"boss_relics":[{"not_picked":["Pandora\u0027s Box","Black Star"],"picked":"Snecko Eye"}],"items_purged_floors":[3,31],"is_endless":false,"potions_floor_spawned":[2,8,14,24,28,29,30],"killed_by":"Automaton","ascension_level":7}