{"gold_per_floor":[111,111,131,151,170,170,195,208,208,221,221,236,271,141,141,219,219,239,239],"floor_reached":19,"playtime":996,"items_purged":["Strike_R"],"score":362,"play_id":"0896e2db-1f12-40bf-9e80-3f7c15824a2c","local_time":"20190320001835","is_ascension_mode":true,"campfire_choices":[{"data":"Bash","floor":6.0,"key":"SMITH"},{"data":"Disarm","floor":15,"key":"SMITH"}],"neow_cost":"NONE","seed_source_timestamp":510616291016242,"circlet_count":0,"master_deck":["AscendersBane","Strike_R","Strike_R","Strike_R","Defend_R","Defend_R","Defend_R","Defend_R","Bash+1","Limit Break","Battle Trance","Disarm","Headbutt","True Grit","Disarm+1","Infernal Blade","Carnage","Flex","Heavy Blade","Fiend Fire","Decay","Pain","Pain"],"special_seed":0,"relics":["Burning Blood","PreservedInsect","Sundial","Pantograph","Calling Bell","Anchor","Ornamental Fan","Calipers"],"potions_floor_usage":[13],"damage_taken":[{"damage":4.0,"enemies":"2 Louse","floor":1.0,"turns":4.0},{"damage":12.0,"enemies":"Cultist","floor":3.0,"turns":5.0},{"damage":4.0,"enemies":"Small Slimes","floor":4.0,"turns":3.0},{"damage":10.0,"enemies":"2 Fungi Beasts","floor":5.0,"turns":4.0},{"damage":20.0,"enemies":"3 Sentries","floor":7.0,"turns":10.0},{"damage":8.0,"enemies":"Looter","floor":8.0,"turns":5.0},{"damage":23.0,"enemies":"Large Slime","floor":10.0,"turns":7.0},{"damage":12.0,"enemies":"Exordium Wildlife","floor":12.0,"turns":4.0},{"damage":15,"enemies":"Lagavulin","floor":13,"turns":5},{"damage":14,"enemies":"Hexaghost","floor":16,"turns":11},{"damage":41,"enemies":"Chosen","floor":18,"turns":4},{"damage":39,"enemies":"3 Byrds","floor":19,"turns":6}],"seed_played":"-4834107838920093136","potions_obtained":[{"floor":5.0,"key":"EssenceOfSteel"},{"floor":7.0,"key":"BloodPotion"},{"floor":10.0,"key":"Dexterity Potion"},{"floor":12.0,"key":"EntropicBrew"},{"floor":16,"key":"SpeedPotion"}],"is_trial":false,"path_per_floor":["M","?","M","M","M","R","E","M","T","M","?","M","E","$","R","B",null,"M","M"],"character_chosen":"IRONCLAD","items_purchased":["Heavy Blade"],"campfire_rested":0,"item_purchase_floors":[14],"current_hp_per_floor":[70,70,64,66,62,62,48,46,46,29,34,28,19,19,19,36,69,34,0],"gold":239,"neow_bonus":"TRANSFORM_CARD","is_prod":false,"is_daily":false,"chose_seed":false,"campfire_upgraded":2,"win_rate":0,"timestamp":1553055515,"path_taken":["M","?","M","?","M","R","E","M","T","M","?","M","E","$","R","BOSS","M","M"],"build_version":"2019-01-23","purchased_purges":1,"victory":false,"max_hp_per_floor":[75,75,75,75,75,75,75,75,75,75,80,80,80,80,80,80,80,80,80],"card_choices":[{"not_picked":["Body Slam","Warcry"],"picked":"Clothesline","floor":1.0},{"not_picked":["Clash","Flex"],"picked":"Battle Trance","floor":3.0},{"not_picked":["Evolve","Cleave"],"picked":"Disarm","floor":4.0},{"not_picked":["Burning Pact","Limit Break"],"picked":"Headbutt","floor":5.0},{"not_picked":["Second Wind","Clash"],"picked":"True Grit","floor":7.0},{"not_picked":["Body Slam","Cleave"],"picked":"Disarm","floor":8.0},{"not_picked":["Pommel Strike","Headbutt"],"picked":"Infernal Blade","floor":10.0},{"not_picked":["Pummel","Metallicize"],"picked":"Carnage","floor":12.0},{"not_picked":["Wild Strike","Clothesline"],"picked":"Flex","floor":13},{"not_picked":["Offering","Double Tap"],"picked":"Fiend Fire","floor":16},{"not_picked":["Fire Breathing","Carnage","Clash"],"picked":"SKIP","floor":18}],"player_experience":971477,"relics_obtained":[{"floor":7.0,"key":"Sundial"},{"floor":13,"key":"Pantograph"},{"floor":17,"key":"Anchor"},{"floor":17,"key":"Ornamental Fan"},{"floor":17,"key":"Calipers"}],"event_choices":[{"cards_removed":["Clothesline"],"damage_healed":0.0,"max_hp_gain":0.0,"max_hp_loss":0.0,"gold_gain":0.0,"event_name":"WeMeetAgain","player_choice":"Gave Card","floor":2.0,"gold_loss":0.0,"damage_taken":0.0,"relics_obtained":["PreservedInsect"]},{"damage_healed":0.0,"max_hp_gain":5.0,"max_hp_loss":0.0,"gold_gain":0.0,"event_name":"Big Fish","player_choice":"Donut","floor":11.0,"gold_loss":0.0,"damage_taken":0.0}],"is_beta":false,"boss_relics":[{"not_picked":["White Beast Statue","Runic Dome"],"picked":"Calling Bell"}],"items_purged_floors":[14],"is_endless":false,"potions_floor_spawned":[5,7,10,12,16],"killed_by":"3 Byrds","ascension_level":20}