{"gold_per_floor":[112,128,128,128,141,175,175,201,201,201,19,19,32,60,60,60],"floor_reached":16,"playtime":970,"items_purged":[],"score":207,"play_id":"42b2a1a6-da12-479f-a29d-51945ca059b0","local_time":"20190722231039","is_ascension_mode":true,"campfire_choices":[{"data":"True Grit","floor":10,"key":"SMITH"},{"data":"Perfected Strike","floor":12,"key":"SMITH"},{"data":"Shrug It Off","floor":15,"key":"SMITH"}],"neow_cost":"NONE","seed_source_timestamp":483499019581781,"circlet_count":0,"master_deck":["AscendersBane","Strike_R","Strike_R","Strike_R","Strike_R","Defend_R","Defend_R","Defend_R","Defend_R","Bash","Perfected Strike+1","Shrug It Off+1","Twin Strike","Whirlwind+1","True Grit+1","Inflame+1","Corruption+1","Twin Strike"],"special_seed":0,"relics":["Burning Blood","NeowsBlessing","Sundial","Frozen Egg 2","Matryoshka","Vajra","Anchor"],"potions_floor_usage":[6],"damage_taken":[{"damage":0,"enemies":"Small Slimes","floor":1,"turns":1},{"damage":0,"enemies":"2 Louse","floor":2,"turns":1},{"damage":0,"enemies":"Jaw Worm","floor":5,"turns":1},{"damage":32,"enemies":"Lagavulin","floor":6,"turns":7},{"damage":22,"enemies":"3 Sentries","floor":8,"turns":4},{"damage":0,"enemies":"Lots of Slimes","floor":13,"turns":2},{"damage":32,"enemies":"Gremlin Nob","floor":14,"turns":4},{"damage":19,"enemies":"Hexaghost","floor":16,"turns":4}],"seed_played":"-3566163727370254269","potions_obtained":[{"floor":2,"key":"Strength Potion"},{"floor":13,"key":"Ancient Potion"}],"is_trial":false,"path_per_floor":["M","M","?","?","M","E","?","E","T","R","$","R","M","E","R","B"],"character_chosen":"IRONCLAD","items_purchased":["Inflame+1","Vajra"],"campfire_rested":0,"item_purchase_floors":[11,11],"current_hp_per_floor":[74,75,68,73,79,53,53,37,37,37,37,37,43,17,17,0],"gold":60,"neow_bonus":"THREE_ENEMY_KILL","is_prod":false,"is_daily":false,"chose_seed":false,"campfire_upgraded":3,"win_rate":0,"timestamp":1563829839,"path_taken":["M","M","?","?","M","E","?","E","T","R","$","R","M","E","R","BOSS"],"build_version":"2019-07-17","purchased_purges":0,"victory":false,"max_hp_per_floor":[75,75,75,80,80,80,80,80,80,80,80,80,80,80,80,80],"card_choices":[{"not_picked":["Iron Wave","Shrug It Off"],"picked":"Perfected Strike","floor":1},{"not_picked":["Bloodletting","Searing Blow"],"picked":"Shrug It Off","floor":2},{"not_picked":["Headbutt","Anger"],"picked":"Twin Strike","floor":5},{"not_picked":["Berserk","Sever Soul"],"picked":"Whirlwind","floor":6},{"not_picked":["Spot Weakness","Headbutt"],"picked":"True Grit","floor":8},{"not_picked":["Warcry","Feel No Pain+1"],"picked":"Corruption+1","floor":13},{"not_picked":["Flex","Pummel"],"picked":"Twin Strike","floor":14}],"player_experience":512457,"relics_obtained":[{"floor":6,"key":"Sundial"},{"floor":8,"key":"Frozen Egg 2"},{"floor":9,"key":"Matryoshka"},{"floor":14,"key":"Anchor"}],"event_choices":[{"cards_removed":["Strike_R"],"damage_healed":0,"gold_gain":0,"player_choice":"Card Removal","damage_taken":7,"max_hp_gain":0,"max_hp_loss":0,"event_name":"Golden Wing","floor":3,"gold_loss":0},{"damage_healed":0,"gold_gain":0,"player_choice":"Donut","damage_taken":0,"max_hp_gain":5,"max_hp_loss":0,"event_name":"Big Fish","floor":4,"gold_loss":0},{"damage_healed":0,"gold_gain":0,"player_choice":"Grow","damage_taken":0,"max_hp_gain":0,"max_hp_loss":0,"event_name":"Living Wall","floor":7,"gold_loss":0,"cards_upgraded":["Whirlwind"]}],"is_beta":false,"boss_relics":[],"items_purged_floors":[],"is_endless":false,"potions_floor_spawned":[2,13],"killed_by":"Hexaghost","ascension_level":15}