{"gold_per_floor":[114,128,8,108,119,119,153,153,153,186,204,204,34,34,34,137,137,126,139,155,165,165,165,194,194,194,209,209,244,155,105,105,200,200,220,230,230,244,258,0,0,32,84,34,45,76,76,109,109,109],"floor_reached":51,"playtime":4723,"items_purged":["Strike_G","Defend_G","Defend_G","Bane"],"score":1031,"play_id":"6ab7dfa0-6ec8-4203-b79b-0f2a717e7277","local_time":"20190710135150","is_ascension_mode":true,"campfire_choices":[{"data":"Deadly Poison","floor":6,"key":"SMITH"},{"data":"Neutralize","floor":8,"key":"SMITH"},{"floor":12,"key":"REST"},{"data":"Apotheosis","floor":15,"key":"SMITH"},{"floor":23,"key":"REST"},{"data":"Blur","floor":25,"key":"SMITH"},{"data":"Adrenaline","floor":28,"key":"SMITH"},{"data":"Noxious Fumes","floor":32,"key":"SMITH"},{"data":"Footwork","floor":41,"key":"SMITH"},{"floor":47,"key":"REST"},{"data":"Adrenaline","floor":49,"key":"SMITH"}],"neow_cost":"NONE","seed_source_timestamp":178313514599702,"circlet_count":0,"master_deck":["Defend_G","Defend_G","Defend_G","Survivor","Neutralize+1","Well Laid Plans","Deadly Poison+1","Acrobatics","Deflect","Caltrops","Apotheosis+1","Adrenaline+1","Acrobatics+1","Prepared+1","Blur+1","Tactician","Noxious Fumes+1","Adrenaline+1","Blur+1","Footwork+1","Noxious Fumes+1","Acrobatics+1","Tactician"],"relics":["Ring of the Snake","Prayer Wheel","Incense Burner","Bird Faced Urn","Empty Cage","Pear","Smiling Mask","Blood Vial","HoveringKite","DollysMirror","Omamori","Bag of Marbles","Mercury Hourglass","Orichalcum"],"potions_floor_usage":[21,42,45],"damage_taken":[{"damage":0,"enemies":"Jaw Worm","floor":1,"turns":5},{"damage":0,"enemies":"Cultist","floor":2,"turns":4},{"damage":0,"enemies":"2 Louse","floor":5,"turns":3},{"damage":21,"enemies":"Lagavulin","floor":7,"turns":9},{"damage":17,"enemies":"3 Sentries","floor":10,"turns":15},{"damage":5,"enemies":"Exordium Thugs","floor":11,"turns":6},{"damage":4,"enemies":"The Guardian","floor":16,"turns":10},{"damage":5,"enemies":"2 Thieves","floor":18,"turns":4},{"damage":1,"enemies":"Spheric Guardian","floor":19,"turns":7},{"damage":2,"enemies":"Chosen and Byrds","floor":20,"turns":5},{"damage":46,"enemies":"Cultist and Chosen","floor":21,"turns":8},{"damage":0,"enemies":"Book of Stabbing","floor":24,"turns":8},{"damage":0,"enemies":"Snake Plant","floor":27,"turns":5},{"damage":1,"enemies":"Gremlin Leader","floor":29,"turns":6},{"damage":0,"enemies":"Collector","floor":33,"turns":7},{"damage":0,"enemies":"3 Darklings","floor":35,"turns":4},{"damage":0,"enemies":"3 Shapes","floor":36,"turns":4},{"damage":0,"enemies":"Jaw Worm Horde","floor":38,"turns":4},{"damage":0,"enemies":"Maw","floor":39,"turns":8},{"damage":43,"enemies":"Reptomancer","floor":42,"turns":7},{"damage":4,"enemies":"4 Shapes","floor":45,"turns":5},{"damage":0,"enemies":"Nemesis","floor":46,"turns":7},{"damage":0,"enemies":"Giant Head","floor":48,"turns":8},{"damage":0,"enemies":"Donu and Deca","floor":50,"turns":11}],"seed_played":"-1178151791601770873","potions_obtained":[{"floor":11,"key":"Strength Potion"},{"floor":19,"key":"Block Potion"},{"floor":27,"key":"GhostInAJar"},{"floor":42,"key":"Explosive Potion"},{"floor":48,"key":"GamblersBrew"}],"is_trial":false,"path_per_floor":["M","M","$","?","M","R","E","R","T","E","M","R","$","?","R","B",null,"M","M","M","M","?","R","E","R","T","M","R","E","$","$","R","B",null,"M","M","?","M","M","$","R","E","T","$","M","E","R","E","R","B",null],"character_chosen":"THE_SILENT","items_purchased":["Deadly Poison","Apotheosis","Noxious Fumes","Footwork","DollysMirror"],"campfire_rested":3,"item_purchase_floors":[3,13,30,40,40],"current_hp_per_floor":[77,77,77,77,77,77,56,56,56,39,38,61,61,61,61,61,77,72,75,75,31,31,54,68,68,68,72,72,75,75,75,75,83,87,87,87,87,87,87,87,87,44,44,44,52,64,87,87,87,87],"gold":109,"neow_bonus":"TEN_PERCENT_HP_BONUS","is_prod":false,"is_daily":false,"chose_seed":false,"campfire_upgraded":8,"win_rate":0,"timestamp":1562781110,"path_taken":["M","M","$","?","?","R","E","R","T","E","M","R","$","?","R","BOSS","M","?","M","?","?","R","E","R","T","M","R","E","?","$","R","BOSS","M","?","?","M","M","$","R","E","T","?","?","E","R","E","R","BOSS"],"build_version":"2019-07-05","purchased_purges":4,"victory":true,"max_hp_per_floor":[77,77,77,77,77,77,77,77,77,77,77,77,77,77,77,77,77,77,77,77,77,77,77,87,87,87,87,87,87,87,87,87,87,87,87,87,87,87,87,87,87,87,87,87,87,87,87,87,87,87],"card_choices":[{"not_picked":["Caltrops","Dagger Throw","Flying Knee"],"picked":"SKIP","floor":1},{"not_picked":["Dagger Throw","Distraction"],"picked":"Well Laid Plans","floor":2},{"not_picked":["Crippling Poison","Predator"],"picked":"Acrobatics","floor":5},{"not_picked":["Well Laid Plans","Choke"],"picked":"Deflect","floor":7},{"not_picked":["Flying Knee","Backstab"],"picked":"Caltrops","floor":10},{"not_picked":["Flying Knee","Acrobatics"],"picked":"Bane","floor":11},{"not_picked":["Cloak And Dagger","Predator","Blade Dance"],"picked":"SKIP","floor":11},{"not_picked":["Malaise","Tools of the Trade"],"picked":"Adrenaline","floor":16},{"not_picked":["Choke+1","Dagger Throw"],"picked":"Acrobatics+1","floor":18},{"not_picked":["Choke","Riddle With Holes","Bouncing Flask+1"],"picked":"SKIP","floor":18},{"not_picked":["Underhanded Strike","Masterful Stab"],"picked":"Prepared+1","floor":19},{"not_picked":["Slice","Deadly Poison","Acrobatics"],"picked":"SKIP","floor":19},{"not_picked":["Quick Slash","Glass Knife","Slice"],"picked":"SKIP","floor":20},{"not_picked":["Caltrops+1","All Out Attack","Terror"],"picked":"SKIP","floor":20},{"not_picked":["Deadly Poison","Dash+1"],"picked":"Blur","floor":21},{"not_picked":["Cloak And Dagger","Flying Knee","Caltrops"],"picked":"SKIP","floor":21},{"not_picked":["Masterful Stab","Heel Hook+1"],"picked":"Tactician","floor":24},{"not_picked":["Acrobatics","Outmaneuver+1","Infinite Blades"],"picked":"SKIP","floor":27},{"not_picked":["Cloak And Dagger","Dodge and Roll+1","Heel Hook+1"],"picked":"SKIP","floor":27},{"not_picked":["Accuracy+1","Backstab","Cloak And Dagger"],"picked":"SKIP","floor":29},{"not_picked":["A Thousand Cuts","Die Die Die"],"picked":"Adrenaline","floor":33},{"not_picked":["Poisoned Stab+1","Well Laid Plans"],"picked":"Blur+1","floor":35},{"not_picked":["Slice","Underhanded Strike","Outmaneuver"],"picked":"SKIP","floor":35},{"not_picked":["Night Terror","Prepared","Sucker Punch"],"picked":"SKIP","floor":36},{"not_picked":["Prepared","Slice","All Out Attack"],"picked":"SKIP","floor":36},{"not_picked":["Well Laid Plans+1","Quick Slash+1","Eviscerate"],"picked":"SKIP","floor":38},{"not_picked":["Acrobatics+1","Poisoned Stab","Expertise+1"],"picked":"SKIP","floor":38},{"not_picked":["Dodge and Roll","Eviscerate+1","Crippling Poison"],"picked":"SKIP","floor":39},{"not_picked":["Masterful Stab+1","Underhanded Strike","Prepared+1"],"picked":"SKIP","floor":39},{"not_picked":["Flechettes","Dagger Throw+1","Blade Dance+1"],"picked":"SKIP","floor":42},{"not_picked":["Slice+1","Backflip+1"],"picked":"Acrobatics+1","floor":45},{"not_picked":["Deadly Poison","Riddle With Holes+1","Phantasmal Killer"],"picked":"SKIP","floor":45},{"not_picked":["Dodge and Roll+1","Prepared+1","Crippling Poison"],"picked":"SKIP","floor":46},{"not_picked":["Heel Hook","Reflex+1"],"picked":"Tactician","floor":48}],"player_experience":55512,"relics_obtained":[{"floor":7,"key":"Prayer Wheel"},{"floor":9,"key":"Incense Burner"},{"floor":10,"key":"Bird Faced Urn"},{"floor":24,"key":"Pear"},{"floor":26,"key":"Smiling Mask"},{"floor":29,"key":"Blood Vial"},{"floor":42,"key":"Omamori"},{"floor":43,"key":"Bag of Marbles"},{"floor":46,"key":"Mercury Hourglass"},{"floor":48,"key":"Orichalcum"}],"event_choices":[{"damage_healed":0,"gold_gain":100,"player_choice":"Pray","damage_taken":0,"max_hp_gain":0,"max_hp_loss":0,"event_name":"Golden Shrine","floor":4,"gold_loss":0},{"cards_removed":["Strike_G"],"damage_healed":0,"gold_gain":0,"player_choice":"Purged","damage_taken":0,"max_hp_gain":0,"max_hp_loss":0,"event_name":"Purifier","floor":14,"gold_loss":0},{"cards_removed":["Strike_G"],"damage_healed":0,"gold_gain":0,"player_choice":"Offered Basic","damage_taken":0,"max_hp_gain":0,"max_hp_loss":0,"event_name":"Bonfire Elementals","floor":22,"gold_loss":0},{"damage_healed":0,"gold_gain":0,"player_choice":"Ignored","damage_taken":0,"max_hp_gain":0,"max_hp_loss":0,"event_name":"Tomb of Lord Red Mask","floor":37,"gold_loss":0}],"is_beta":false,"boss_relics":[{"not_picked":["Ring of the Serpent","Busted Crown"],"picked":"Empty Cage"},{"not_picked":["Orrery","Velvet Choker"],"picked":"HoveringKite"}],"items_purged_floors":[3,30,31,44],"is_endless":false,"potions_floor_spawned":[1,7,11,16,19,27,33,38,42,48],"ascension_level":1}