{"gold_per_floor":[109,120,139,139,139,139,167,167,167,167,167,185,185,219,219,309,309,330,344,359,384,384,384,230,230,285,285,304,327,327],"floor_reached":30,"playtime":1078,"items_purged":["Strike_R"],"score":432,"play_id":"a6d09c83-992e-42ca-8605-623b4c5a99e2","local_time":"20181008203902","is_ascension_mode":true,"campfire_choices":[{"data":"Limit Break","floor":6.0,"key":"SMITH"},{"data":"Whirlwind","floor":8.0,"key":"SMITH"},{"floor":13.0,"key":"REST"},{"floor":15.0,"key":"REST"},{"data":"Barricade","floor":23.0,"key":"SMITH"},{"data":"Entrench","floor":25.0,"key":"SMITH"}],"neow_cost":"NONE","seed_source_timestamp":2229268858413438,"circlet_count":0,"master_deck":["Strike_R","Strike_R","Strike_R","Defend_R","Defend_R","Defend_R","Bash","AscendersBane","Limit Break+1","Spot Weakness+1","Headbutt","Whirlwind+1","Barricade+1","Entrench+1","Metallicize","Shrug It Off","Intimidate"],"special_seed":0,"relics":["Burning Blood","Bottled Lightning","Happy Flower","Golden Idol","Self Forming Clay","Ancient Tea Set","Sozu","Tiny Chest"],"potions_floor_usage":[],"damage_taken":[{"damage":8.0,"enemies":"2 Louse","floor":1.0,"turns":2.0},{"damage":13.0,"enemies":"Jaw Worm","floor":2.0,"turns":5.0},{"damage":6.0,"enemies":"Cultist","floor":3.0,"turns":3.0},{"damage":36.0,"enemies":"Gremlin Nob","floor":7.0,"turns":4.0},{"damage":9.0,"enemies":"Looter","floor":12.0,"turns":3.0},{"damage":17.0,"enemies":"3 Sentries","floor":14.0,"turns":3.0},{"damage":23.0,"enemies":"The Guardian","floor":16.0,"turns":9.0},{"damage":0.0,"enemies":"3 Byrds","floor":18.0,"turns":4.0},{"damage":7.0,"enemies":"Shell Parasite","floor":19.0,"turns":4.0},{"damage":16.0,"enemies":"Centurion and Healer","floor":20.0,"turns":6.0},{"damage":12.0,"enemies":"Cultist and Chosen","floor":21.0,"turns":3.0},{"damage":37,"enemies":"Snecko","floor":28,"turns":6},{"damage":9,"enemies":"3 Cultists","floor":29,"turns":3},{"damage":22,"enemies":"Book of Stabbing","floor":30,"turns":3}],"seed_played":"-5492677234446428652","potions_obtained":[{"floor":1.0,"key":"Swift Potion"},{"floor":3.0,"key":"SpeedPotion"},{"floor":14.0,"key":"SteroidPotion"}],"is_trial":false,"path_per_floor":["M","M","M","?","?","R","E","R","T","?","T","M","R","E","R","B",null,"M","M","M","M","?","R","$","R","T","?","M","M"],"character_chosen":"IRONCLAD","items_purchased":["Intimidate"],"campfire_rested":2,"item_purchase_floors":[24],"current_hp_per_floor":[66,59,59,59,52,52,22,22,22,22,22,19,39,28,48,31,59,65,64,54,48,48,48,48,48,48,48,17,14,0],"gold":327,"neow_bonus":"ONE_RANDOM_RARE_CARD","is_prod":false,"is_daily":false,"chose_seed":false,"campfire_upgraded":4,"win_rate":0,"timestamp":1539045542,"path_taken":["M","M","M","?","?","R","E","R","T","?","?","?","R","E","R","BOSS","M","M","M","M","?","R","$","R","T","?","M","M","E"],"build_version":"2018-10-04v2","purchased_purges":1,"victory":false,"max_hp_per_floor":[75,75,75,75,75,75,75,75,75,68,68,68,68,68,68,68,68,68,68,68,68,68,68,68,68,68,68,68,68,68],"card_choices":[{"not_picked":["Heavy Blade","Burning Pact"],"picked":"Spot Weakness","floor":1.0},{"not_picked":["Carnage","Rupture","Dual Wield"],"picked":"SKIP","floor":2.0},{"not_picked":["Entrench","Seeing Red"],"picked":"Headbutt","floor":3.0},{"not_picked":["Clothesline","Sword Boomerang"],"picked":"Whirlwind","floor":7.0},{"not_picked":["Hemokinesis","Headbutt"],"picked":"Barricade","floor":12.0},{"not_picked":["Shrug It Off","Iron Wave"],"picked":"Entrench","floor":14.0},{"not_picked":["Perfected Strike","Heavy Blade"],"picked":"Metallicize","floor":18.0},{"not_picked":["Flex","Sever Soul+1","Sword Boomerang"],"picked":"SKIP","floor":19.0},{"not_picked":["Flex","Rampage"],"picked":"Shrug It Off","floor":20.0},{"not_picked":["Pommel Strike","Spot Weakness","Feel No Pain"],"picked":"SKIP","floor":21.0},{"not_picked":["Thunderclap","Shockwave","Warcry"],"picked":"SKIP","floor":28},{"not_picked":["Hemokinesis","Perfected Strike","Blood for Blood"],"picked":"SKIP","floor":29}],"player_experience":578080,"relics_obtained":[{"floor":7.0,"key":"Bottled Lightning"},{"floor":9.0,"key":"Happy Flower"},{"floor":11.0,"key":"Self Forming Clay"},{"floor":14.0,"key":"Ancient Tea Set"},{"floor":26.0,"key":"Tiny Chest"}],"event_choices":[{"event_name":"Living Wall","player_choice":"Grow","floor":4.0,"damage_taken":0.0},{"event_name":"Golden Wing","player_choice":"Card Removal","floor":5.0,"damage_taken":0.0},{"event_name":"Golden Idol","player_choice":"Lose Max HP","floor":10.0,"damage_taken":0.0},{"event_name":"Vampires","player_choice":"Ignored","floor":22.0,"damage_taken":0.0},{"event_name":"Back to Basics","player_choice":"Elegance","floor":27.0,"damage_taken":0.0}],"is_beta":false,"boss_relics":[{"not_picked":["Fusion Hammer","Calling Bell"],"picked":"Sozu"}],"items_purged_floors":[24],"is_endless":false,"potions_floor_spawned":[1,3,14,19,20,29],"killed_by":"Book of Stabbing","ascension_level":16}