{"gold_per_floor":[110,130,130,130,150,179,194,194,221,221,221],"floor_reached":11,"playtime":481,"items_purged":[],"score":146,"play_id":"2c8f3ee5-c043-40a8-a317-d15fa4c6214f","local_time":"20190625183508","is_ascension_mode":true,"campfire_choices":[{"data":"Darkness","floor":8,"key":"SMITH"},{"floor":10,"key":"REST"}],"neow_cost":"NONE","seed_source_timestamp":883348923810505,"circlet_count":0,"master_deck":["AscendersBane","Strike_B","Strike_B","Strike_B","Strike_B","Defend_B","Defend_B","Defend_B","Defend_B+1","Zap","Dualcast","Conserve Battery+1","Sweeping Beam","Glacier","Multi-Cast","Darkness+1"],"relics":["Cracked Core","Anchor","Oddly Smooth Stone"],"potions_floor_usage":[],"damage_taken":[{"damage":0,"enemies":"Cultist","floor":1,"turns":3},{"damage":0,"enemies":"Jaw Worm","floor":2,"turns":4},{"damage":0,"enemies":"Small Slimes","floor":5,"turns":4},{"damage":16,"enemies":"Lagavulin","floor":6,"turns":11},{"damage":14,"enemies":"Exordium Wildlife","floor":7,"turns":8},{"damage":49,"enemies":"Gremlin Nob","floor":11,"turns":4}],"seed_played":"-4022052830519294231","potions_obtained":[{"floor":2,"key":"LiquidBronze"},{"floor":5,"key":"Dexterity Potion"}],"is_trial":false,"path_per_floor":["M","M","?","?","M","E","M","R","T","R","E"],"character_chosen":"DEFECT","items_purchased":[],"campfire_rested":1,"item_purchase_floors":[],"current_hp_per_floor":[64,64,69,46,46,30,16,16,16,38,0],"gold":221,"neow_bonus":"THREE_CARDS","is_prod":false,"is_daily":false,"chose_seed":false,"campfire_upgraded":1,"win_rate":0,"timestamp":1561502108,"path_taken":["M","M","?","?","M","E","M","R","T","R","E"],"build_version":"2019-01-23","purchased_purges":0,"victory":false,"max_hp_per_floor":[71,71,76,76,76,76,76,76,76,76,76],"card_choices":[{"not_picked":["Reprogram","Streamline"],"picked":"Conserve Battery","floor":0},{"not_picked":["Hologram","Beam Cell"],"picked":"Sweeping Beam","floor":1},{"not_picked":["Steam Power","Gash"],"picked":"Glacier","floor":2},{"not_picked":["Double Energy","Aggregate","Chaos"],"picked":"SKIP","floor":5},{"not_picked":["FTL","Barrage"],"picked":"Multi-Cast","floor":6},{"not_picked":["Gash","Beam Cell"],"picked":"Darkness","floor":7}],"player_experience":1539941,"relics_obtained":[{"floor":6,"key":"Anchor"},{"floor":9,"key":"Oddly Smooth Stone"}],"event_choices":[{"damage_healed":0,"gold_gain":0,"player_choice":"Donut","damage_taken":0,"max_hp_gain":5,"max_hp_loss":0,"event_name":"Big Fish","floor":3,"gold_loss":0},{"damage_healed":0,"gold_gain":0,"player_choice":"Entered Light","damage_taken":23,"max_hp_gain":0,"max_hp_loss":0,"event_name":"Shining Light","floor":4,"gold_loss":0,"cards_upgraded":["Conserve Battery","Defend_B"]}],"is_beta":false,"boss_relics":[],"items_purged_floors":[],"is_endless":false,"potions_floor_spawned":[2,5],"killed_by":"Gremlin Nob","ascension_level":20}