{"gold_per_floor":[114,125,125,72,147,177,177,197,197,197,222,237,237,257,257,328,328,348,179,195,8,21,21,71,71,71,98,98,13,26,26],"floor_reached":31,"playtime":1362,"items_purged":["Strike_B"],"score":576,"play_id":"58e265cb-bd75-424b-a39f-daed7a13a032","local_time":"20190503203659","is_ascension_mode":true,"campfire_choices":[{"data":"Beam Cell","floor":7,"key":"SMITH"},{"floor":10,"key":"REST"},{"data":"Hologram","floor":13,"key":"SMITH"},{"data":"Rip and Tear","floor":15,"key":"SMITH"},{"data":"Apotheosis","floor":23,"key":"SMITH"},{"floor":25,"key":"REST"}],"neow_cost":"NONE","seed_source_timestamp":324447531770877,"circlet_count":0,"master_deck":["AscendersBane","Strike_B","Strike_B","Strike_B+1","Defend_B","Defend_B","Defend_B","Defend_B+1","Zap+1","Dualcast","Cold Snap","Rip and Tear+1","Beam Cell+1","Glacier+1","Hologram+1","Gash","All For One","Conserve Battery+1","Good Instincts","Apotheosis+1","Steam","Clumsy","Multi-Cast","Coolheaded+1","Coolheaded+1"],"relics":["Cracked Core","Oddly Smooth Stone","Nunchaku","Letter Opener","Mercury Hourglass","Cursed Key","Prayer Wheel","War Paint"],"potions_floor_usage":[6,11,30,31],"damage_taken":[{"damage":2,"enemies":"2 Louse","floor":1,"turns":3},{"damage":0,"enemies":"Small Slimes","floor":2,"turns":3},{"damage":10,"enemies":"3 Sentries","floor":6,"turns":5},{"damage":0,"enemies":"Jaw Worm","floor":8,"turns":2},{"damage":3,"enemies":"Gremlin Nob","floor":11,"turns":3},{"damage":0,"enemies":"Large Slime","floor":12,"turns":5},{"damage":11,"enemies":"Exordium Thugs","floor":14,"turns":4},{"damage":8,"enemies":"The Guardian","floor":16,"turns":11},{"damage":10,"enemies":"Chosen","floor":18,"turns":3},{"damage":9,"enemies":"3 Byrds","floor":20,"turns":3},{"damage":7,"enemies":"Snecko","floor":22,"turns":5},{"damage":0,"enemies":"Gremlin Leader","floor":27,"turns":7},{"damage":16,"enemies":"Snake Plant","floor":30,"turns":2},{"damage":21,"enemies":"Slavers","floor":31,"turns":1}],"seed_played":"-1832838230218020119","potions_obtained":[{"floor":6,"key":"Regen Potion"},{"floor":11,"key":"Dexterity Potion"},{"floor":12,"key":"FairyPotion"},{"floor":22,"key":"Fire Potion"}],"is_trial":false,"path_per_floor":["M","M","?","$","?","E","R","M","T","R","E","M","R","M","R","B",null,"M","$","M","$","M","R","?","R","T","E","?","?","M","E"],"character_chosen":"DEFECT","items_purchased":["Explosive Potion","Good Instincts","Apotheosis"],"campfire_rested":2,"item_purchase_floors":[4,19,21],"current_hp_per_floor":[62,62,41,41,30,20,20,20,20,41,47,47,47,36,36,28,60,50,50,41,41,34,34,34,55,55,55,35,35,19,0],"gold":26,"neow_bonus":"RANDOM_COMMON_RELIC","is_prod":false,"is_daily":false,"chose_seed":false,"campfire_upgraded":4,"win_rate":0,"timestamp":1556930219,"path_taken":["M","M","?","$","?","E","R","M","T","R","E","M","R","M","R","BOSS","M","$","M","$","M","R","?","R","T","E","?","?","?","E"],"build_version":"2019-01-23","purchased_purges":1,"victory":false,"max_hp_per_floor":[71,71,71,71,71,71,71,71,71,71,71,71,71,71,71,71,71,71,71,71,71,71,71,71,71,71,71,76,76,76,76],"card_choices":[{"not_picked":["Streamline","Tempest"],"picked":"Cold Snap","floor":1},{"not_picked":["Recycle","Sweeping Beam"],"picked":"Rip and Tear","floor":2},{"not_picked":["Capacitor","Fusion"],"picked":"Beam Cell","floor":6},{"not_picked":["Auto Shields","Barrage"],"picked":"Glacier","floor":8},{"not_picked":["Conserve Battery","Beam Cell"],"picked":"Hologram","floor":11},{"not_picked":["Steam","Hologram","Redo"],"picked":"SKIP","floor":12},{"not_picked":["Skim","Leap"],"picked":"Gash","floor":14},{"not_picked":["Multi-Cast","Buffer"],"picked":"All For One","floor":16},{"not_picked":["Aggregate","Sweeping Beam"],"picked":"Conserve Battery+1","floor":18},{"not_picked":["Skim","Double Energy","Stack"],"picked":"SKIP","floor":20},{"not_picked":["Darkness","Rebound"],"picked":"Steam","floor":22},{"not_picked":["Steam","Chaos"],"picked":"Multi-Cast","floor":27},{"not_picked":["Turbo","Fusion"],"picked":"Coolheaded+1","floor":30},{"not_picked":["Beam Cell","Steam Power"],"picked":"Coolheaded+1","floor":30}],"player_experience":1160081,"relics_obtained":[{"floor":6,"key":"Nunchaku"},{"floor":9,"key":"Letter Opener"},{"floor":11,"key":"Mercury Hourglass"},{"floor":27,"key":"Prayer Wheel"}],"event_choices":[{"damage_healed":0,"gold_gain":0,"player_choice":"Entered Light","damage_taken":21,"max_hp_gain":0,"max_hp_loss":0,"event_name":"Shining Light","floor":3,"gold_loss":0,"cards_upgraded":["Strike_B","Zap"]},{"damage_healed":0,"gold_gain":75,"player_choice":"Gather Gold","damage_taken":11,"max_hp_gain":0,"max_hp_loss":0,"event_name":"World of Goop","floor":5,"gold_loss":0},{"damage_healed":0,"gold_gain":50,"player_choice":"Stole From Cult","damage_taken":0,"max_hp_gain":0,"max_hp_loss":0,"event_name":"Nest","floor":24,"gold_loss":0},{"damage_healed":0,"gold_gain":0,"player_choice":"Shed Blood","damage_taken":25,"max_hp_gain":5,"max_hp_loss":0,"event_name":"Forgotten Altar","floor":28,"gold_loss":0},{"damage_healed":0,"gold_gain":0,"player_choice":"Obtained Relic","damage_taken":0,"relics_obtained":["War Paint"],"max_hp_gain":0,"max_hp_loss":0,"event_name":"Addict","floor":29,"gold_loss":85}],"is_beta":false,"boss_relics":[{"not_picked":["Nuclear Battery","Tiny House"],"picked":"Cursed Key"}],"items_purged_floors":[19],"is_endless":false,"potions_floor_spawned":[6,11,12,16,22],"killed_by":"Slavers","ascension_level":20}