{"gold_per_floor":[112,127,137,137,62,81,81,109,133,133,160,160,39,58,58,158,158,169,169,47,60,60,60,79,11,62,77,6,6,30,41,41,140,140,159,159,159,159],"floor_reached":38,"playtime":2455,"items_purged":["Strike_G"],"score":382,"play_id":"4da05428-c55b-486b-b6f9-e624a2610385","local_time":"20190719175929","is_ascension_mode":false,"campfire_choices":[{"floor":7.0,"key":"REST"},{"data":"Bullet Time","floor":15.0,"key":"SMITH"},{"data":"Dodge and Roll","floor":23.0,"key":"SMITH"},{"floor":29,"key":"REST"},{"data":"Noxious Fumes","floor":32,"key":"SMITH"}],"neow_cost":"CURSE","seed_source_timestamp":0,"circlet_count":0,"master_deck":["Strike_G","Strike_G+1","Strike_G","Defend_G","Defend_G","Defend_G","Defend_G","Defend_G","Survivor","Neutralize+1","Transmutation","Parasite","Poisoned Stab","PiercingWail","Backflip","Cloak And Dagger","Blade Dance","Noxious Fumes+1","Dodge and Roll+1","Bullet Time+1","Adrenaline","Poisoned Stab","Dagger Spray","PiercingWail+1","Footwork","Footwork","Backflip+1","A Thousand Cuts","Bane"],"special_seed":0,"relics":["Ring of the Snake","Whetstone","Oddly Smooth Stone","Vajra","Pocketwatch","Runic Pyramid","Tiny Chest","Bronze Scales","Smiling Mask","WristBlade"],"potions_floor_usage":[33,38,38],"damage_taken":[{"damage":0.0,"enemies":"Cultist","floor":1.0,"turns":5.0},{"damage":14.0,"enemies":"2 Louse","floor":2.0,"turns":3.0},{"damage":0.0,"enemies":"Small Slimes","floor":3.0,"turns":4.0},{"damage":16.0,"enemies":"3 Louse","floor":6.0,"turns":3.0},{"damage":17.0,"enemies":"Gremlin Nob","floor":8.0,"turns":4.0},{"damage":4.0,"enemies":"Lagavulin","floor":11.0,"turns":8.0},{"damage":0.0,"enemies":"Blue Slaver","floor":14.0,"turns":5.0},{"damage":16.0,"enemies":"Hexaghost","floor":16.0,"turns":11.0},{"damage":15.0,"enemies":"Spheric Guardian","floor":18.0,"turns":5.0},{"damage":12.0,"enemies":"3 Byrds","floor":21.0,"turns":8.0},{"damage":4.0,"enemies":"Sentry and Sphere","floor":24.0,"turns":6.0},{"damage":38.0,"enemies":"Cultist and Chosen","floor":27.0,"turns":8.0},{"damage":0,"enemies":"Snake Plant","floor":31,"turns":4},{"damage":41,"enemies":"Automaton","floor":33,"turns":13},{"damage":8,"enemies":"3 Darklings","floor":35,"turns":5},{"damage":62,"enemies":"Awakened One","floor":38,"turns":13}],"seed_played":"-4820176495548694372","potions_obtained":[{"floor":2.0,"key":"Fire Potion"},{"floor":6.0,"key":"PowerPotion"},{"floor":11.0,"key":"Ancient Potion"},{"floor":16.0,"key":"Poison Potion"},{"floor":18.0,"key":"Block Potion"},{"floor":31,"key":"Dexterity Potion"}],"is_trial":false,"path_per_floor":["M","M","M","?","$","M","R","E","T","?","E","?","$","M","R","B",null,"M","?","$","M","?","R","M","$","T","M","$","R","T","M","R","B",null,"M","?","?","B"],"character_chosen":"THE_SILENT","items_purchased":["Noxious Fumes","Dodge and Roll","Tiny Chest","Footwork","Footwork"],"campfire_rested":2,"item_purchase_floors":[13,13,20,25,28],"current_hp_per_floor":[70,56,56,49,49,33,54,37,37,25,21,44,44,44,44,28,70,55,55,55,43,70,70,66,66,66,28,28,49,49,49,49,8,70,62,62,62,0],"gold":159,"neow_bonus":"RANDOM_COLORLESS_2","is_prod":false,"is_daily":false,"chose_seed":false,"campfire_upgraded":3,"win_rate":0,"timestamp":1563573569,"path_taken":["M","?","?","?","$","M","R","E","T","?","E","?","$","M","R","BOSS","M","?","$","?","?","R","?","?","T","M","$","R","?","M","R","BOSS","M","?","?","BOSS"],"build_version":"2019-07-17","purchased_purges":1,"victory":false,"max_hp_per_floor":[70,70,70,70,70,70,70,70,70,70,70,70,70,70,70,70,70,70,70,70,70,70,70,70,70,70,70,70,70,70,70,70,70,70,70,66,66,66],"card_choices":[{"not_picked":["Slice","Blade Dance"],"picked":"Poisoned Stab","floor":1.0},{"not_picked":["Distraction","Dodge and Roll"],"picked":"PiercingWail","floor":2.0},{"not_picked":["Malaise","Underhanded Strike","Well Laid Plans"],"picked":"SKIP","floor":3.0},{"not_picked":["Caltrops","PiercingWail"],"picked":"Backflip","floor":6.0},{"not_picked":["PiercingWail","Outmaneuver"],"picked":"Cloak And Dagger","floor":8.0},{"not_picked":["Masterful Stab","Acrobatics"],"picked":"Blade Dance","floor":11.0},{"not_picked":["Flying Knee","Dodge and Roll"],"picked":"Bullet Time","floor":14.0},{"not_picked":["After Image","Tools of the Trade"],"picked":"Adrenaline","floor":16.0},{"not_picked":["Calculated Gamble+1","Backflip"],"picked":"Poisoned Stab","floor":18.0},{"not_picked":["Skewer","Prepared"],"picked":"Dagger Spray","floor":21.0},{"not_picked":["Poisoned Stab+1","Dagger Throw"],"picked":"PiercingWail+1","floor":24.0},{"not_picked":["Outmaneuver","Deflect","Quick Slash+1"],"picked":"SKIP","floor":27},{"not_picked":["Burst","Predator+1"],"picked":"Backflip+1","floor":31},{"not_picked":["Tools of the Trade","Glass Knife"],"picked":"A Thousand Cuts","floor":33},{"not_picked":["Slice","Expertise+1"],"picked":"Bane","floor":35}],"player_experience":88497,"relics_obtained":[{"floor":8.0,"key":"Whetstone"},{"floor":9.0,"key":"Oddly Smooth Stone"},{"floor":11.0,"key":"Pocketwatch"},{"floor":26.0,"key":"Bronze Scales"},{"floor":30,"key":"Smiling Mask"}],"event_choices":[{"cards_removed":["Strike_G"],"damage_healed":0.0,"max_hp_gain":0.0,"max_hp_loss":0.0,"gold_gain":0.0,"event_name":"Golden Wing","player_choice":"Card Removal","floor":4.0,"gold_loss":0.0,"damage_taken":7.0},{"damage_healed":0.0,"max_hp_gain":0.0,"max_hp_loss":0.0,"gold_gain":0.0,"event_name":"Scrap Ooze","player_choice":"Success","floor":10.0,"gold_loss":0.0,"damage_taken":12.0,"relics_obtained":["Vajra"]},{"damage_healed":23.0,"max_hp_gain":0.0,"max_hp_loss":0.0,"gold_gain":0.0,"event_name":"Big Fish","player_choice":"Banana","floor":12.0,"gold_loss":0.0,"damage_taken":0.0},{"damage_healed":0.0,"max_hp_gain":0.0,"max_hp_loss":0.0,"gold_gain":0.0,"event_name":"Lab","player_choice":"Got Potions","floor":19.0,"gold_loss":0.0,"damage_taken":0.0},{"cards_removed":["Enlightenment"],"damage_healed":27.0,"max_hp_gain":0.0,"max_hp_loss":0.0,"gold_gain":0.0,"event_name":"Bonfire Elementals","player_choice":"Offered Uncommon","floor":22.0,"gold_loss":0.0,"damage_taken":0.0},{"damage_healed":0,"gold_gain":0,"player_choice":"Max HP","damage_taken":0,"max_hp_gain":0,"max_hp_loss":4,"event_name":"Winding Halls","floor":36,"gold_loss":0},{"damage_healed":0,"gold_gain":0,"player_choice":"Took Portal","damage_taken":0,"max_hp_gain":0,"max_hp_loss":0,"event_name":"SecretPortal","floor":37,"gold_loss":0}],"is_beta":false,"boss_relics":[{"not_picked":["Velvet Choker","Empty Cage"],"picked":"Runic Pyramid"},{"not_picked":["Coffee Dripper","Orrery"],"picked":"WristBlade"}],"items_purged_floors":[5],"is_endless":false,"potions_floor_spawned":[2,6,11,16,18,24,31],"killed_by":"Awakened One","ascension_level":0}