{"gold_per_floor":[119,134,20,20,20,49,49,49,49,49,3,3,22,32,32,109,109,123,38,37,9,9,9,40,40,40,40,40,52,72,72,72,72],"floor_reached":33,"playtime":1577,"items_purged":[],"score":506,"play_id":"1c3387df-ede5-4ecb-b3c3-c145e777211a","local_time":"20180920210243","is_ascension_mode":true,"campfire_choices":[{"data":"Masterful Stab","floor":7,"key":"SMITH"},{"floor":10,"key":"REST"},{"data":"Infinite Blades","floor":15,"key":"SMITH"},{"floor":23,"key":"REST"},{"data":"Accuracy","floor":25,"key":"SMITH"},{"floor":28,"key":"REST"},{"floor":32,"key":"REST"}],"neow_cost":"NONE","seed_source_timestamp":674943935181748,"circlet_count":0,"master_deck":["Defend_G","Defend_G","Defend_G","Defend_G","Defend_G","Strike_G","Strike_G","Strike_G","Strike_G","Survivor","Neutralize+1","AscendersBane","Masterful Stab+1","Flying Knee","Dagger Spray","Infinite Blades+1","Blur","Escape Plan","Accuracy+1","Backflip","Storm of Steel","Leg Sweep+1","Backflip"],"relics":["Ring of the Snake","Bottled Flame","Pocketwatch","Sozu","Vajra","Frozen Egg 2","Anchor"],"potions_floor_usage":[16,31],"damage_taken":[{"damage":1,"enemies":"2 Louse","floor":1,"turns":3},{"damage":0,"enemies":"Jaw Worm","floor":2,"turns":4},{"damage":25,"enemies":"3 Sentries","floor":6,"turns":8},{"damage":0,"enemies":"Cultist","floor":13,"turns":3},{"damage":0,"enemies":"3 Louse","floor":14,"turns":3},{"damage":16,"enemies":"The Guardian","floor":16,"turns":16},{"damage":12,"enemies":"Spheric Guardian","floor":18,"turns":4},{"damage":20,"enemies":"2 Thieves","floor":20,"turns":4},{"damage":24,"enemies":"Gremlin Leader","floor":24,"turns":9},{"damage":7,"enemies":"Snecko","floor":29,"turns":5},{"damage":19,"enemies":"Centurion and Healer","floor":30,"turns":5},{"damage":1,"enemies":"Slavers","floor":31,"turns":3},{"damage":43,"enemies":"Champ","floor":33,"turns":14}],"seed_played":"-1200497731634375857","potions_obtained":[{"floor":1,"key":"Ancient Potion"},{"floor":13,"key":"SmokeBomb"},{"floor":14,"key":"Explosive Potion"}],"is_trial":false,"path_per_floor":["M","M","$","?","?","E","R","?","T","R","$","?","M","M","R","B",null,"M","?","M","$","?","R","E","R","T","$","R","M","M","E","R"],"character_chosen":"THE_SILENT","items_purchased":["Dagger Spray","Infinite Blades","Escape Plan","Backflip"],"campfire_rested":4,"item_purchase_floors":[3,3,11,21],"current_hp_per_floor":[58,58,58,63,56,31,31,5,5,26,26,26,26,26,26,10,56,44,44,24,24,24,45,21,21,21,21,42,35,16,15,36,0],"gold":72,"neow_bonus":"UPGRADE_CARD","is_prod":false,"is_daily":false,"chose_seed":false,"campfire_upgraded":3,"win_rate":0,"timestamp":1537491763,"path_taken":["M","M","$","?","?","E","R","?","T","R","?","?","?","M","R","BOSS","M","?","M","$","?","R","E","R","T","$","R","M","?","E","R","BOSS"],"build_version":"2018-09-06","purchased_purges":0,"victory":false,"max_hp_per_floor":[66,66,66,71,71,71,71,71,71,71,71,71,71,71,71,71,71,71,71,71,71,71,71,71,71,71,71,71,71,71,71,71,71],"card_choices":[{"not_picked":["PiercingWail","Outmaneuver"],"picked":"Masterful Stab","floor":1},{"not_picked":["Dagger Throw","Deadly Poison"],"picked":"Flying Knee","floor":2},{"not_picked":["Poisoned Stab","Choke"],"picked":"Blur","floor":6},{"not_picked":["Predator","Acrobatics"],"picked":"Accuracy","floor":13},{"not_picked":["Outmaneuver","Crippling Poison"],"picked":"Backflip","floor":14},{"not_picked":["Die Die Die","Bullet Time"],"picked":"Storm of Steel","floor":16},{"not_picked":["Dagger Spray","Quick Slash","Dagger Throw"],"picked":"SKIP","floor":18},{"not_picked":["Outmaneuver+1","Slice"],"picked":"Leg Sweep+1","floor":20},{"not_picked":["Outmaneuver","Deadly Poison","Catalyst"],"picked":"SKIP","floor":24},{"not_picked":["Reflex","Quick Slash","All Out Attack"],"picked":"SKIP","floor":29},{"not_picked":["Backstab","Bane","Reflex"],"picked":"SKIP","floor":30}],"player_experience":492196,"relics_obtained":[{"floor":6,"key":"Bottled Flame"},{"floor":9,"key":"Pocketwatch"},{"floor":24,"key":"Frozen Egg 2"},{"floor":26,"key":"Anchor"}],"event_choices":[{"event_name":"Big Fish","player_choice":"Donut","floor":4,"damage_taken":0},{"event_name":"Golden Wing","player_choice":"Card Removal","floor":5,"damage_taken":0},{"event_name":"Scrap Ooze","player_choice":"unsuccessful","floor":8,"damage_taken":26},{"event_name":"Liars Game","player_choice":"disagreed","floor":12,"damage_taken":0},{"event_name":"Addict","player_choice":"Obtained Relic","floor":19,"damage_taken":0},{"event_name":"Ghosts","player_choice":"Ignored","floor":22,"damage_taken":0}],"is_beta":false,"boss_relics":[{"not_picked":["Coffee Dripper","White Beast Statue"],"picked":"Sozu"}],"items_purged_floors":[],"is_endless":false,"potions_floor_spawned":[1,13,14,20,24,29,30],"killed_by":"Champ","ascension_level":16}