{"gold_per_floor":[109,33,46,21,71,98,114,140,140,153,153,170,170,184,184,262,262,280,149,74,91,91,91],"floor_reached":23,"playtime":1023,"items_purged":["Strike_R"],"score":452,"play_id":"31a1bedc-9d97-4699-ae19-416f115cc5ee","local_time":"20190317001135","is_ascension_mode":true,"campfire_choices":[{"data":"Armaments","floor":13.0,"key":"SMITH"},{"data":"Uppercut","floor":15.0,"key":"SMITH"}],"neow_cost":"NONE","seed_source_timestamp":251017228746986,"circlet_count":0,"master_deck":["AscendersBane","Strike_R","Strike_R","Strike_R","Defend_R","Defend_R","Defend_R","Defend_R","Bash","Sever Soul","Uppercut+1","Iron Wave","Armaments+1","Anger","Pommel Strike","Metallicize","Spot Weakness","Offering","Shrug It Off","Shrug It Off","Corruption"],"special_seed":0,"relics":["Burning Blood","NeowsBlessing","Red Skull","Thread and Needle","Matryoshka","NlothsMask","Runic Pyramid"],"potions_floor_usage":[23],"damage_taken":[{"damage":0.0,"enemies":"Cultist","floor":1.0,"turns":1.0},{"damage":0.0,"enemies":"Small Slimes","floor":3.0,"turns":1.0},{"damage":0.0,"enemies":"Lagavulin","floor":6.0,"turns":1.0},{"damage":2.0,"enemies":"2 Louse","floor":7.0,"turns":3.0},{"damage":45.0,"enemies":"3 Sentries","floor":8.0,"turns":11.0},{"damage":2.0,"enemies":"Red Slaver","floor":10.0,"turns":3.0},{"damage":0.0,"enemies":"2 Fungi Beasts","floor":12.0,"turns":3.0},{"damage":9.0,"enemies":"Exordium Thugs","floor":14.0,"turns":6.0},{"damage":30.0,"enemies":"The Guardian","floor":16.0,"turns":12.0},{"damage":17.0,"enemies":"Shell Parasite","floor":18.0,"turns":3.0},{"damage":11.0,"enemies":"Spheric Guardian","floor":21.0,"turns":6.0},{"damage":29,"enemies":"Slavers","floor":23,"turns":4}],"seed_played":"7917427686620975530","potions_obtained":[{"floor":1.0,"key":"Weak Potion"},{"floor":6.0,"key":"Poison Potion"},{"floor":12.0,"key":"Regen Potion"},{"floor":21,"key":"Ancient Potion"}],"is_trial":false,"path_per_floor":["M","$","M","$","?","E","M","E","T","M","?","M","R","M","R","B",null,"M","$","?","M","?","E"],"character_chosen":"IRONCLAD","items_purchased":["Uppercut","Armaments","Shrug It Off"],"campfire_rested":0,"item_purchase_floors":[2,4,19],"current_hp_per_floor":[74,74,75,75,75,75,75,36,36,40,40,46,46,43,43,34,65,54,54,54,49,49,20],"gold":91,"neow_bonus":"THREE_ENEMY_KILL","is_prod":false,"is_daily":false,"chose_seed":false,"campfire_upgraded":2,"win_rate":0,"timestamp":1552795895,"path_taken":["M","$","?","?","?","E","M","E","T","?","?","?","R","M","R","BOSS","M","$","?","M","?","E"],"build_version":"2019-01-23","purchased_purges":1,"victory":false,"max_hp_per_floor":[75,75,75,75,75,75,75,75,75,75,75,75,75,75,75,75,75,75,75,75,75,75,75],"card_choices":[{"not_picked":["Infernal Blade","Cleave"],"picked":"Sever Soul","floor":1.0},{"not_picked":["Warcry","Sword Boomerang"],"picked":"Iron Wave","floor":3.0},{"not_picked":["Corruption","Searing Blow"],"picked":"Anger","floor":6.0},{"not_picked":["Warcry","Clash"],"picked":"Pommel Strike","floor":7.0},{"not_picked":["Heavy Blade","Carnage"],"picked":"Metallicize","floor":8.0},{"not_picked":["Sentinel","Thunderclap","Burning Pact"],"picked":"SKIP","floor":10.0},{"not_picked":["Armaments","Clothesline","Carnage"],"picked":"SKIP","floor":12.0},{"not_picked":["Perfected Strike","Clothesline"],"picked":"Spot Weakness","floor":14.0},{"not_picked":["Double Tap","Fiend Fire"],"picked":"Offering","floor":16.0},{"not_picked":["Heavy Blade","Shockwave"],"picked":"Shrug It Off","floor":18.0},{"not_picked":["Perfected Strike","Shrug It Off"],"picked":"Corruption","floor":21}],"player_experience":923599,"relics_obtained":[{"floor":6.0,"key":"Red Skull"},{"floor":8.0,"key":"Thread and Needle"},{"floor":9.0,"key":"Matryoshka"}],"event_choices":[{"damage_healed":0.0,"max_hp_gain":0.0,"max_hp_loss":0.0,"gold_gain":50.0,"event_name":"Golden Shrine","player_choice":"Pray","floor":5.0,"gold_loss":0.0,"damage_taken":0.0},{"damage_healed":0.0,"max_hp_gain":0.0,"max_hp_loss":0.0,"gold_gain":0.0,"event_name":"FaceTrader","player_choice":"Trade","floor":11.0,"gold_loss":0.0,"damage_taken":0.0,"relics_obtained":["NlothsMask"]},{"cards_removed":["Strike_R"],"damage_healed":0.0,"max_hp_gain":0.0,"max_hp_loss":0.0,"gold_gain":0.0,"event_name":"Beggar","player_choice":"Gave Gold","floor":20.0,"gold_loss":75.0,"damage_taken":0.0},{"damage_healed":0,"gold_gain":0,"player_choice":"Ignored","damage_taken":0,"max_hp_gain":0,"max_hp_loss":0,"event_name":"The Mausoleum","floor":22,"gold_loss":0}],"is_beta":false,"boss_relics":[{"not_picked":["Velvet Choker","Black Star"],"picked":"Runic Pyramid"}],"items_purged_floors":[19],"is_endless":false,"potions_floor_spawned":[1,6,12,14,21],"killed_by":"Slavers","ascension_level":20}