{"gold_per_floor":[113,128,128,14,25,25,59,73,73,51,1,19,33,45,45,147,147,159,175,175,37,37,37,55,55,55,55,55,55,83,98,98,193,193,209,84,96,115,129,129,129],"floor_reached":41,"playtime":1459,"items_purged":["Strike_G","Strike_G","Strike_G"],"score":540,"play_id":"09fde608-1f97-44cb-b9d7-d8e6e7812176","local_time":"20181004184533","is_ascension_mode":false,"campfire_choices":[{"floor":6.0,"key":"REST"},{"floor":15,"key":"REST"},{"floor":23,"key":"REST"},{"floor":25,"key":"REST"},{"floor":27,"key":"REST"},{"floor":32,"key":"REST"},{"floor":40,"key":"REST"}],"neow_cost":"NONE","seed_source_timestamp":1876511622283226,"circlet_count":0,"master_deck":["Defend_G","Defend_G+1","Defend_G","Defend_G","Defend_G","Strike_G","Survivor","Neutralize+1","Dodge and Roll","Cloak And Dagger","Footwork","Riddle With Holes","Blur","Deadly Poison","Deadly Poison","Well Laid Plans","Corpse Explosion","Noxious Fumes","Blur","Noxious Fumes","Footwork","Dodge and Roll","Doppelganger"],"special_seed":0,"relics":["Fusion Hammer"],"potions_floor_usage":[16,18,31,39,41,41],"damage_taken":[{"damage":4.0,"enemies":"Cultist","floor":1.0,"turns":4.0},{"damage":0.0,"enemies":"Small Slimes","floor":2.0,"turns":4.0},{"damage":0.0,"enemies":"2 Louse","floor":5.0,"turns":5.0},{"damage":20.0,"enemies":"Gremlin Nob","floor":7.0,"turns":6.0},{"damage":3,"enemies":"Large Slime","floor":8,"turns":9},{"damage":0,"enemies":"Gremlin Gang","floor":12,"turns":6},{"damage":2,"enemies":"Looter","floor":13,"turns":3},{"damage":0,"enemies":"3 Louse","floor":14,"turns":4},{"damage":0,"enemies":"The Guardian","floor":16,"turns":10},{"damage":0,"enemies":"3 Byrds","floor":18,"turns":2},{"damage":0,"enemies":"Spheric Guardian","floor":19,"turns":6},{"damage":6,"enemies":"Centurion and Healer","floor":24,"turns":6},{"damage":15,"enemies":"Book of Stabbing","floor":30,"turns":7},{"damage":21,"enemies":"Snake Plant","floor":31,"turns":6},{"damage":0,"enemies":"Champ","floor":33,"turns":17},{"damage":16,"enemies":"3 Darklings","floor":35,"turns":5},{"damage":6,"enemies":"Orb Walker","floor":37,"turns":7},{"damage":37,"enemies":"3 Darklings","floor":38,"turns":5},{"damage":4,"enemies":"Sphere and 2 Shapes","floor":39,"turns":6},{"damage":58,"enemies":"2 Orb Walkers","floor":41,"turns":5}],"seed_played":"6738194581034757133","potions_obtained":[{"floor":2.0,"key":"Regen Potion"},{"floor":5.0,"key":"Explosive Potion"},{"floor":8,"key":"Poison Potion"},{"floor":19,"key":"Weak Potion"},{"floor":33,"key":"Dexterity Potion"},{"floor":38,"key":"GhostInAJar"}],"is_trial":false,"path_per_floor":["M","M","?","$","M","R","E","M","T","$","?","M","M","M","R","B",null,"M","M","?","$","?","R","M","R","T","R","?","$","E","M","R","B",null,"M","$","M","M","M","R"],"character_chosen":"THE_SILENT","items_purchased":["Footwork","Deadly Poison","Noxious Fumes"],"campfire_rested":7,"item_purchase_floors":[4,10,21],"current_hp_per_floor":[66,66,52,52,52,70,50,47,47,47,47,47,45,45,66,66,70,70,70,57,57,57,75,69,75,75,75,75,75,60,39,61,61,75,59,59,53,16,12,34,0],"gold":129,"neow_bonus":"BOSS_RELIC","is_prod":false,"is_daily":false,"chose_seed":false,"campfire_upgraded":0,"win_rate":0,"timestamp":1538693133,"path_taken":["M","M","?","$","M","R","E","M","T","$","?","M","M","M","R","BOSS","M","M","?","$","?","R","M","R","T","R","?","$","E","?","R","BOSS","M","$","M","M","M","R","E"],"build_version":"2018-09-27","purchased_purges":3,"victory":false,"max_hp_per_floor":[70,70,70,70,70,70,70,70,70,70,70,70,70,70,70,70,70,70,70,75,75,75,75,75,75,75,75,75,75,75,75,75,75,75,75,75,75,75,75,75,75],"card_choices":[{"not_picked":["Blade Dance","Finisher"],"picked":"Dodge and Roll","floor":1.0},{"not_picked":["Escape Plan","Finisher"],"picked":"Cloak And Dagger","floor":2.0},{"not_picked":["Deflect","Flechettes"],"picked":"Riddle With Holes","floor":5.0},{"not_picked":["Catalyst","Bane"],"picked":"Blur","floor":7},{"not_picked":["Poisoned Stab","Terror"],"picked":"Deadly Poison","floor":8},{"not_picked":["Quick Slash","Underhanded Strike","Bane"],"picked":"SKIP","floor":12},{"not_picked":["Prepared","Quick Slash"],"picked":"Well Laid Plans","floor":13},{"not_picked":["Underhanded Strike","Reflex","Predator"],"picked":"SKIP","floor":14},{"not_picked":["A Thousand Cuts","Phantasmal Killer"],"picked":"Corpse Explosion","floor":16},{"not_picked":["Acrobatics+1","Flechettes"],"picked":"Noxious Fumes","floor":18},{"not_picked":["Dagger Throw","Tactician+1"],"picked":"Blur","floor":19},{"not_picked":["Dash+1","Finisher","Expertise+1"],"picked":"SKIP","floor":24},{"not_picked":["Riddle With Holes+1","Dagger Spray","Bane"],"picked":"SKIP","floor":30},{"not_picked":["Dash","Acrobatics+1"],"picked":"Dodge and Roll","floor":31},{"not_picked":["Die Die Die","Venomology"],"picked":"Doppelganger","floor":33},{"not_picked":["Flying Knee","Bane","Poisoned Stab"],"picked":"SKIP","floor":35},{"not_picked":["Deadly Poison","Well Laid Plans+1","Acrobatics+1"],"picked":"SKIP","floor":37},{"not_picked":["Poisoned Stab","Bane","Deadly Poison"],"picked":"SKIP","floor":38},{"not_picked":["Cloak And Dagger+1","Quick Slash","Sucker Punch"],"picked":"SKIP","floor":39}],"player_experience":555509,"relics_obtained":[],"event_choices":[{"event_name":"Shining Light","player_choice":"Entered Light","floor":3.0,"damage_taken":0.0},{"event_name":"The Cleric","player_choice":"Card Removal","floor":11,"damage_taken":0},{"event_name":"Forgotten Altar","player_choice":"Shed Blood","floor":20,"damage_taken":0},{"event_name":"Duplicator","player_choice":"One dupe","floor":22,"damage_taken":0},{"event_name":"Beggar","player_choice":"Ignored","floor":28,"damage_taken":0}],"is_beta":false,"boss_relics":[{"not_picked":["Eternal Feather","Orrery","Coffee Dripper"]},{"not_picked":["WristBlade","White Beast Statue","Pandora\u0027s Box"]}],"items_purged_floors":[4,21,36],"is_endless":false,"potions_floor_spawned":[2,5,8,14,19,33,38],"killed_by":"2 Orb Walkers","ascension_level":0}