{"gold_per_floor":[111,121,121,175,189,215,228,252,252,252,265,290,290,301,301,377,377,377],"floor_reached":18,"playtime":818,"items_purged":[],"score":310,"play_id":"2fda45e3-f905-41b0-9cae-74ca937c83c7","local_time":"20181012203551","is_ascension_mode":true,"campfire_choices":[{"data":"True Grit","floor":10,"key":"SMITH"},{"floor":13,"key":"REST"},{"data":"Uppercut","floor":15,"key":"SMITH"}],"neow_cost":"","seed_source_timestamp":0,"circlet_count":0,"master_deck":["Strike_R","Strike_R","Strike_R","Strike_R","Strike_R","Defend_R","Defend_R","Defend_R","Bash","AscendersBane","Inflame","Evolve","True Grit+1","Armaments","Iron Wave","Inflame","Uppercut+1","Limit Break"],"special_seed":0,"relics":["Burning Blood","Tiny Chest","Letter Opener","Art of War","Pantograph","Bronze Scales","Black Star"],"potions_floor_usage":[6,6,11,12,16,16],"damage_taken":[{"damage":14,"enemies":"Small Slimes","floor":1,"turns":5},{"damage":6,"enemies":"Cultist","floor":2,"turns":3},{"damage":8,"enemies":"Jaw Worm","floor":5,"turns":4},{"damage":9,"enemies":"Gremlin Nob","floor":6,"turns":4},{"damage":18,"enemies":"Blue Slaver","floor":7,"turns":5},{"damage":35,"enemies":"Gremlin Gang","floor":11,"turns":7},{"damage":9,"enemies":"Lagavulin","floor":12,"turns":8},{"damage":13,"enemies":"Large Slime","floor":14,"turns":6},{"damage":36,"enemies":"Slime Boss","floor":16,"turns":10},{"damage":21,"enemies":"Spheric Guardian","floor":18,"turns":4}],"seed_played":"2220663654038327305","potions_obtained":[{"floor":1,"key":"EssenceOfSteel"},{"floor":5,"key":"AttackPotion"},{"floor":7,"key":"EntropicBrew"},{"floor":12,"key":"Block Potion"},{"floor":14,"key":"PowerPotion"}],"is_trial":false,"path_per_floor":["M","M","?","T","M","E","M","T","T","R","M","E","R","M","R","B",null],"character_chosen":"IRONCLAD","items_purchased":[],"campfire_rested":1,"item_purchase_floors":[],"current_hp_per_floor":[60,60,60,60,58,55,43,43,43,43,14,11,33,26,26,21,62,41],"gold":377,"neow_bonus":"","is_prod":false,"is_daily":false,"chose_seed":false,"campfire_upgraded":2,"win_rate":0,"timestamp":1539390951,"path_taken":["M","M","?","?","M","E","M","?","T","R","M","E","R","M","R","BOSS","M"],"build_version":"2018-10-11","purchased_purges":0,"victory":false,"max_hp_per_floor":[75,75,75,75,75,75,75,75,75,75,75,75,75,75,75,75,75,75],"card_choices":[{"not_picked":["Corruption","Headbutt"],"picked":"Inflame","floor":1},{"not_picked":["Pommel Strike","Sentinel"],"picked":"Evolve","floor":2},{"not_picked":["Sword Boomerang","Battle Trance"],"picked":"True Grit","floor":5},{"not_picked":["Combust","Sentinel","Heavy Blade"],"picked":"SKIP","floor":6},{"not_picked":["Warcry","Dropkick"],"picked":"Armaments","floor":7},{"not_picked":["Ghostly Armor","Heavy Blade"],"picked":"Iron Wave","floor":11},{"not_picked":["Ghostly Armor","Thunderclap"],"picked":"Inflame","floor":12},{"not_picked":["Burning Pact","Metallicize"],"picked":"Uppercut","floor":14},{"not_picked":["Brutality","Barricade"],"picked":"Limit Break","floor":16}],"player_experience":594358,"relics_obtained":[{"floor":4,"key":"Tiny Chest"},{"floor":6,"key":"Letter Opener"},{"floor":8,"key":"Art of War"},{"floor":9,"key":"Pantograph"},{"floor":12,"key":"Bronze Scales"}],"event_choices":[{"event_name":"Bonfire Elementals","player_choice":"BASIC","floor":3,"damage_taken":0}],"is_beta":false,"boss_relics":[{"not_picked":["Pandora\u0027s Box","Runic Cube"],"picked":"Black Star"}],"items_purged_floors":[],"is_endless":false,"potions_floor_spawned":[1,5,7,12,14],"killed_by":"Spheric Guardian","ascension_level":16}