{"gold_per_floor":[112,112,132,149,22,22,33,66,91,91,108,108,13,13,13,114,114,130,55,5,15,32,32,67,87,87,116,116,136,136,149,149,246,246,259,131,145,145,157,157],"floor_reached":40,"playtime":3556,"items_purged":["Strike_G","Strike_G"],"score":474,"play_id":"6cb458a5-7170-471e-a806-77fa81e039e1","local_time":"20190713155138","is_ascension_mode":true,"campfire_choices":[{"data":"Neutralize","floor":6,"key":"SMITH"},{"floor":10,"key":"REST"},{"data":"Noxious Fumes","floor":12,"key":"SMITH"},{"floor":15,"key":"REST"},{"data":"Catalyst","floor":23,"key":"SMITH"},{"floor":28,"key":"REST"},{"floor":32,"key":"REST"}],"neow_cost":"PERCENT_DAMAGE","seed_source_timestamp":21472696043409,"circlet_count":0,"master_deck":["Defend_G","Defend_G","Defend_G","Defend_G","Defend_G","Survivor","Neutralize+1","Dagger Throw","Poisoned Stab","Escape Plan","Dodge and Roll","Leg Sweep","Well Laid Plans","PiercingWail","Backflip","Corpse Explosion","Catalyst+1","Poisoned Stab","Noxious Fumes+1","Noxious Fumes","PiercingWail","Tools of the Trade","Deflect","Dodge and Roll+1","Footwork","Bouncing Flask","Escape Plan","After Image","Night Terror","Footwork+1","Well Laid Plans","Dark Shackles","Flash of Steel","Dramatic Entrance","Deadly Poison","Acrobatics+1"],"relics":["Ring of the Snake","Prayer Wheel","Smiling Mask","Orichalcum","Sozu","Anchor","Vajra","Boot","Eternal Feather"],"potions_floor_usage":[18],"damage_taken":[{"damage":0,"enemies":"Jaw Worm","floor":1,"turns":5},{"damage":0,"enemies":"Cultist","floor":3,"turns":3},{"damage":3,"enemies":"Small Slimes","floor":4,"turns":3},{"damage":5,"enemies":"2 Fungi Beasts","floor":7,"turns":5},{"damage":18,"enemies":"Lagavulin","floor":8,"turns":7},{"damage":3,"enemies":"Looter","floor":11,"turns":4},{"damage":21,"enemies":"Hexaghost","floor":16,"turns":8},{"damage":16,"enemies":"2 Thieves","floor":18,"turns":4},{"damage":1,"enemies":"3 Byrds","floor":21,"turns":2},{"damage":0,"enemies":"Snake Plant","floor":22,"turns":5},{"damage":25,"enemies":"Gremlin Leader","floor":24,"turns":7},{"damage":7,"enemies":"Centurion and Healer","floor":25,"turns":5},{"damage":9,"enemies":"Book of Stabbing","floor":27,"turns":7},{"damage":17,"enemies":"Cultist and Chosen","floor":29,"turns":8},{"damage":2,"enemies":"3 Cultists","floor":31,"turns":5},{"damage":9,"enemies":"Automaton","floor":33,"turns":9},{"damage":0,"enemies":"Orb Walker","floor":35,"turns":4},{"damage":16,"enemies":"3 Shapes","floor":37,"turns":6},{"damage":29,"enemies":"Sphere and 2 Shapes","floor":39,"turns":7},{"damage":37,"enemies":"Reptomancer","floor":40,"turns":2}],"seed_played":"-8849249042832960714","potions_obtained":[{"floor":4,"key":"SmokeBomb"},{"floor":8,"key":"Strength Potion"},{"floor":16,"key":"AttackPotion"}],"is_trial":false,"path_per_floor":["M","?","M","M","$","R","M","E","T","R","M","R","$","?","R","B",null,"M","?","$","M","M","R","E","M","T","E","R","M","?","M","R","B",null,"M","$","M","?","M","E"],"character_chosen":"THE_SILENT","items_purchased":["Well Laid Plans","PiercingWail","Noxious Fumes","PiercingWail","Well Laid Plans"],"campfire_rested":4,"item_purchase_floors":[5,5,13,13,36],"current_hp_per_floor":[49,49,49,46,46,46,41,23,23,44,41,41,41,34,55,34,70,54,54,54,53,53,53,28,21,21,12,33,16,16,14,35,26,70,70,70,54,44,15,0],"gold":157,"neow_bonus":"ONE_RARE_RELIC","is_prod":false,"is_daily":false,"chose_seed":false,"campfire_upgraded":3,"win_rate":0,"timestamp":1563025898,"path_taken":["M","?","M","M","$","R","M","E","T","R","?","R","?","?","R","BOSS","M","?","$","M","M","R","E","M","T","E","R","M","?","M","R","BOSS","M","$","M","?","M","E"],"build_version":"2019-07-05","purchased_purges":2,"victory":false,"max_hp_per_floor":[70,70,70,70,70,70,70,70,70,70,70,70,70,70,70,70,70,70,70,70,70,70,70,70,70,70,70,70,70,70,70,70,70,70,70,70,70,70,70,70],"card_choices":[{"not_picked":["Flying Knee","Quick Slash"],"picked":"Dagger Throw","floor":1},{"not_picked":["Acrobatics","Riddle With Holes","Poisoned Stab"],"picked":"SKIP","floor":1},{"not_picked":["Acrobatics","Riddle With Holes"],"picked":"Poisoned Stab","floor":1},{"not_picked":["Venomology","Slice"],"picked":"Escape Plan","floor":3},{"not_picked":["Bane","Infinite Blades"],"picked":"Dodge and Roll","floor":3},{"not_picked":["Dagger Throw","Dodge and Roll"],"picked":"Leg Sweep","floor":4},{"not_picked":["Poisoned Stab","Dodge and Roll","Underhanded Strike"],"picked":"SKIP","floor":4},{"not_picked":["Finisher","Skewer"],"picked":"Backflip","floor":7},{"not_picked":["Poisoned Stab","Footwork"],"picked":"Corpse Explosion","floor":7},{"not_picked":["Heel Hook","Cloak And Dagger"],"picked":"Catalyst","floor":8},{"not_picked":["Sucker Punch","Riddle With Holes"],"picked":"Poisoned Stab","floor":11},{"not_picked":["Outmaneuver","Backflip"],"picked":"Noxious Fumes","floor":11},{"not_picked":["After Image","Doppelganger"],"picked":"Tools of the Trade","floor":16},{"not_picked":["Slice+1","Expertise"],"picked":"Deflect","floor":18},{"not_picked":["Prepared","Caltrops+1","Dodge and Roll"],"picked":"SKIP","floor":18},{"not_picked":["Dagger Spray","Caltrops"],"picked":"Dodge and Roll+1","floor":21},{"not_picked":["Acrobatics+1","Skewer"],"picked":"Footwork","floor":21},{"not_picked":["Bane","Grand Finale"],"picked":"Bouncing Flask","floor":22},{"not_picked":["Caltrops","All Out Attack+1","Quick Slash+1"],"picked":"SKIP","floor":22},{"not_picked":["Caltrops","All Out Attack+1","Quick Slash+1"],"picked":"SKIP","floor":22},{"not_picked":["Dagger Spray","Flying Knee+1"],"picked":"Escape Plan","floor":24},{"not_picked":["Backflip","Dagger Throw","Finisher"],"picked":"SKIP","floor":25},{"not_picked":["Dagger Spray+1","Deflect","Flying Knee"],"picked":"SKIP","floor":25},{"not_picked":["Choke+1","Prepared"],"picked":"After Image","floor":27},{"not_picked":["Dodge and Roll","Heel Hook","Cloak And Dagger"],"picked":"SKIP","floor":29},{"not_picked":["Riddle With Holes","Acrobatics","Noxious Fumes"],"picked":"SKIP","floor":29},{"not_picked":["Bouncing Flask","Underhanded Strike","Tactician"],"picked":"SKIP","floor":31},{"not_picked":["Terror+1","Heel Hook","Cloak And Dagger"],"picked":"SKIP","floor":31},{"not_picked":["Malaise","Grand Finale"],"picked":"Night Terror","floor":33},{"not_picked":["Prepared","Dodge and Roll+1"],"picked":"Footwork+1","floor":35},{"not_picked":["Dagger Throw","All Out Attack+1","Expertise+1"],"picked":"SKIP","floor":35},{"not_picked":["Distraction","Cloak And Dagger+1","Footwork"],"picked":"SKIP","floor":37},{"not_picked":["Footwork","Cloak And Dagger+1","Slice+1"],"picked":"SKIP","floor":37},{"not_picked":["Distraction","Cloak And Dagger+1","Footwork"],"picked":"SKIP","floor":37},{"not_picked":["Footwork","Cloak And Dagger+1","Slice+1"],"picked":"SKIP","floor":37},{"not_picked":["Violence","Panacea"],"picked":"Dark Shackles","floor":38},{"not_picked":["Impatience","PanicButton"],"picked":"Flash of Steel","floor":38},{"not_picked":["Secret Weapon","Impatience"],"picked":"Dramatic Entrance","floor":38},{"not_picked":["Deflect","Backflip"],"picked":"Deadly Poison","floor":39},{"not_picked":["Deflect","Flying Knee+1"],"picked":"Acrobatics+1","floor":39}],"player_experience":436105,"relics_obtained":[{"floor":8,"key":"Smiling Mask"},{"floor":9,"key":"Orichalcum"},{"floor":24,"key":"Anchor"},{"floor":26,"key":"Vajra"},{"floor":27,"key":"Boot"}],"event_choices":[{"cards_removed":["Strike_G"],"damage_healed":0,"gold_gain":0,"player_choice":"Offered Basic","damage_taken":0,"max_hp_gain":0,"max_hp_loss":0,"event_name":"Bonfire Elementals","floor":2,"gold_loss":0},{"cards_removed":["Strike_G"],"damage_healed":0,"gold_gain":0,"player_choice":"Card Removal","damage_taken":7,"max_hp_gain":0,"max_hp_loss":0,"event_name":"Golden Wing","floor":14,"gold_loss":0},{"cards_removed":["Strike_G"],"damage_healed":0,"gold_gain":0,"player_choice":"Gave Gold","damage_taken":0,"max_hp_gain":0,"max_hp_loss":0,"event_name":"Beggar","floor":19,"gold_loss":75},{"damage_healed":0,"gold_gain":0,"player_choice":"Ignored","damage_taken":0,"max_hp_gain":0,"max_hp_loss":0,"event_name":"Vampires","floor":30,"gold_loss":0},{"damage_healed":0,"gold_gain":0,"player_choice":"Memory 3","damage_taken":10,"max_hp_gain":0,"max_hp_loss":0,"event_name":"SensoryStone","floor":38,"gold_loss":0}],"is_beta":false,"boss_relics":[{"not_picked":["Velvet Choker","White Beast Statue"],"picked":"Sozu"},{"not_picked":["Coffee Dripper","Snecko Eye"],"picked":"Eternal Feather"}],"items_purged_floors":[20,36],"is_endless":false,"potions_floor_spawned":[4,8,16,21,22,35,37],"killed_by":"Reptomancer","ascension_level":1}