{"gold_per_floor":[16,32,32,45,60,60,92,106,106,31,31,57,57,73,73,149,149,162,173,73,92,103,128,142,174,174,95,95,129,129,157,157,231,231,249,349,361,442,458,458,470,482,494,506,548,579,618,468,468,468,468,468,468,24,51,51],"floor_reached":57,"playtime":3206,"items_purged":["Strike_R","Strike_R","Strike_R"],"score":2775,"play_id":"82269505-7812-4e8e-97c1-78093c9aca2c","local_time":"20190328215944","is_ascension_mode":true,"campfire_choices":[{"data":"Immolate","floor":6.0,"key":"SMITH"},{"data":"Whirlwind","floor":11.0,"key":"SMITH"},{"data":"Bash","floor":13.0,"key":"SMITH"},{"data":"Inflame","floor":15.0,"key":"SMITH"},{"data":"Armaments","floor":28.0,"key":"SMITH"},{"data":"Demon Form","floor":30.0,"key":"SMITH"},{"data":"Battle Trance","floor":32.0,"key":"SMITH"},{"floor":40.0,"key":"DIG"},{"floor":42.0,"key":"RECALL"},{"floor":44.0,"key":"DIG"},{"floor":49,"key":"DIG"},{"floor":53,"key":"DIG"}],"neow_cost":"NO_GOLD","seed_source_timestamp":1277492530539482,"circlet_count":0,"master_deck":["AscendersBane","Strike_R","Defend_R","Defend_R","Defend_R","Defend_R","Bash+1","Immolate+1","Whirlwind+1","Shrug It Off","Battle Trance+1","Flame Barrier","Disarm","Inflame+1","Impervious","Fiend Fire","Flame Barrier","Shrug It Off","Spot Weakness","Armaments+1","Reaper","Disarm","Demon Form+1","Armaments+1","Limit Break+1","True Grit+1","Clothesline","Heavy Blade+1","Mayhem","True Grit+1","Reaper","Shockwave+1","Twin Strike"],"special_seed":0,"relics":["Burning Blood","Incense Burner","Kunai","Ancient Tea Set","Snecko Eye","Bottled Lightning","Art of War","Anchor","Toxic Egg 2","Bag of Marbles","Velvet Choker","Shovel","Pantograph","MawBank","Juzu Bracelet","PreservedInsect","Blood Vial","Charon\u0027s Ashes","Pear","Bottled Tornado","Bag of Preparation","Bronze Scales"],"potions_floor_usage":[50,56],"damage_taken":[{"damage":9.0,"enemies":"Jaw Worm","floor":1.0,"turns":3.0},{"damage":1.0,"enemies":"Cultist","floor":2.0,"turns":3.0},{"damage":3.0,"enemies":"2 Louse","floor":4.0,"turns":2.0},{"damage":6.0,"enemies":"Blue Slaver","floor":5.0,"turns":5.0},{"damage":5.0,"enemies":"3 Sentries","floor":7.0,"turns":3.0},{"damage":1.0,"enemies":"Large Slime","floor":8.0,"turns":3.0},{"damage":8.0,"enemies":"Gremlin Nob","floor":12.0,"turns":3.0},{"damage":0.0,"enemies":"Looter","floor":14.0,"turns":2.0},{"damage":13.0,"enemies":"Slime Boss","floor":16.0,"turns":6.0},{"damage":0.0,"enemies":"Chosen","floor":18.0,"turns":3.0},{"damage":1.0,"enemies":"2 Thieves","floor":19.0,"turns":2.0},{"damage":1.0,"enemies":"Snecko","floor":21.0,"turns":4.0},{"damage":0.0,"enemies":"3 Cultists","floor":22.0,"turns":3.0},{"damage":16.0,"enemies":"Book of Stabbing","floor":23.0,"turns":4.0},{"damage":0.0,"enemies":"Sentry and Sphere","floor":24.0,"turns":3.0},{"damage":11.0,"enemies":"Slavers","floor":25.0,"turns":4.0},{"damage":24.0,"enemies":"Book of Stabbing","floor":29.0,"turns":6.0},{"damage":22.0,"enemies":"Gremlin Leader","floor":31.0,"turns":4.0},{"damage":35.0,"enemies":"Collector","floor":33.0,"turns":5.0},{"damage":23.0,"enemies":"Orb Walker","floor":35.0,"turns":4.0},{"damage":0.0,"enemies":"Mind Bloom Boss Battle","floor":36.0,"turns":7.0},{"damage":6.0,"enemies":"3 Shapes","floor":37.0,"turns":6.0},{"damage":22.0,"enemies":"Writhing Mass","floor":39.0,"turns":8.0},{"damage":11.0,"enemies":"Giant Head","floor":45.0,"turns":6.0},{"damage":0.0,"enemies":"Jaw Worm Horde","floor":46.0,"turns":3.0},{"damage":40,"enemies":"Reptomancer","floor":47,"turns":6},{"damage":52,"enemies":"Donu and Deca","floor":50,"turns":12},{"damage":36,"enemies":"Time Eater","floor":51,"turns":7},{"damage":46,"enemies":"Shield and Spear","floor":55,"turns":8},{"damage":124,"enemies":"The Heart","floor":56,"turns":8}],"seed_played":"2778782463234528551","potions_obtained":[{"floor":1.0,"key":"SteroidPotion"},{"floor":5.0,"key":"Ancient Potion"},{"floor":7.0,"key":"SteroidPotion"},{"floor":12.0,"key":"Weak Potion"},{"floor":14.0,"key":"Fire Potion"},{"floor":21.0,"key":"Strength Potion"},{"floor":35.0,"key":"SkillPotion"}],"is_trial":false,"path_per_floor":["M","M","?","M","M","R","E","M","T","$","R","E","R","M","R","B",null,"M","M","$","M","M","E","M","E","T","$","R","E","R","E","R","B",null,"M","?","M","T","M","R","?","R","T","R","E","M","E","$","R","B","B",null,"R","$","E","B",null],"character_chosen":"IRONCLAD","items_purchased":["Disarm","Shockwave+1","Bottled Tornado","Bag of Preparation"],"campfire_rested":0,"item_purchase_floors":[27,48,54,54],"current_hp_per_floor":[65,70,70,73,73,73,74,75,75,75,75,73,73,75,75,68,73,75,75,75,75,75,65,71,66,66,66,66,64,64,63,63,58,71,58,75,75,75,75,75,65,65,65,65,75,75,64,64,64,70,64,72,82,82,85,26],"gold":51,"neow_bonus":"THREE_RARE_CARDS","is_prod":false,"is_daily":false,"chose_seed":false,"campfire_upgraded":7,"win_rate":0,"timestamp":1553824784,"path_taken":["M","M","?","M","M","R","E","M","T","?","R","E","R","M","R","BOSS","M","M","$","?","M","E","M","E","T","?","R","E","R","E","R","BOSS","M","?","M","?","M","R","?","R","T","R","E","M","E","?","R","BOSS","BOSS","R","$","E","BOSS"],"build_version":"2019-01-23","purchased_purges":3,"victory":true,"max_hp_per_floor":[75,75,75,75,75,75,75,75,75,75,75,75,75,75,75,75,75,75,75,75,75,75,75,75,75,75,75,75,75,75,75,75,75,75,75,75,75,75,75,75,75,75,75,75,75,75,75,75,75,75,75,75,85,85,85,85],"card_choices":[{"not_picked":["Fiend Fire","Reaper"],"picked":"Immolate","floor":0.0},{"not_picked":["Power Through","Wild Strike"],"picked":"Whirlwind","floor":1.0},{"not_picked":["Cleave","Clothesline"],"picked":"Shrug It Off","floor":2.0},{"not_picked":["Clothesline","Sever Soul"],"picked":"Battle Trance","floor":4.0},{"not_picked":["Havoc","Clash","Entrench"],"picked":"SKIP","floor":5.0},{"not_picked":["Battle Trance","Combust"],"picked":"Flame Barrier","floor":7.0},{"not_picked":["Shockwave","Wild Strike"],"picked":"Disarm","floor":8.0},{"not_picked":["Ghostly Armor","Havoc"],"picked":"Inflame","floor":12.0},{"not_picked":["Perfected Strike","Havoc"],"picked":"Impervious","floor":14.0},{"not_picked":["Juggernaut","Double Tap"],"picked":"Fiend Fire","floor":16.0},{"not_picked":["Armaments","Searing Blow"],"picked":"Flame Barrier","floor":18.0},{"not_picked":["Warcry","Dropkick","Second Wind+1"],"picked":"SKIP","floor":19.0},{"not_picked":["Sword Boomerang","Seeing Red"],"picked":"Shrug It Off","floor":21.0},{"not_picked":["Searing Blow+1","Flex"],"picked":"Spot Weakness","floor":22.0},{"not_picked":["Ghostly Armor","Searing Blow","Sentinel"],"picked":"SKIP","floor":23.0},{"not_picked":["Sword Boomerang","Twin Strike"],"picked":"Armaments","floor":24.0},{"not_picked":["Anger","Flame Barrier"],"picked":"Reaper","floor":25.0},{"not_picked":["Dropkick","Corruption+1"],"picked":"Demon Form","floor":29.0},{"not_picked":["Cleave","Juggernaut"],"picked":"Armaments+1","floor":31.0},{"not_picked":["Brutality","Juggernaut"],"picked":"Limit Break+1","floor":33.0},{"not_picked":["Perfected Strike+1","Sentinel+1"],"picked":"True Grit+1","floor":35.0},{"not_picked":["Bloodletting+1","Immolate"],"picked":"Clothesline","floor":36.0},{"not_picked":["True Grit+1","Havoc+1"],"picked":"Heavy Blade+1","floor":37.0},{"not_picked":["Thunderclap","Rampage+1","Twin Strike"],"picked":"SKIP","floor":39.0},{"not_picked":["Blind+1","Trip+1"],"picked":"Mayhem","floor":41.0},{"not_picked":["Body Slam","Headbutt"],"picked":"True Grit+1","floor":45.0},{"not_picked":["Body Slam","Carnage","Blood for Blood"],"picked":"SKIP","floor":46.0},{"not_picked":["Warcry+1","Shockwave+1"],"picked":"Reaper","floor":47},{"not_picked":["Intimidate+1","Pommel Strike"],"picked":"Twin Strike","floor":55}],"player_experience":1029244,"relics_obtained":[{"floor":7.0,"key":"Incense Burner"},{"floor":9.0,"key":"Kunai"},{"floor":12.0,"key":"Ancient Tea Set"},{"floor":23.0,"key":"Bottled Lightning"},{"floor":25.0,"key":"Art of War"},{"floor":26.0,"key":"Anchor"},{"floor":29.0,"key":"Toxic Egg 2"},{"floor":31.0,"key":"Bag of Marbles"},{"floor":36.0,"key":"Shovel"},{"floor":38.0,"key":"Pantograph"},{"floor":40.0,"key":"MawBank"},{"floor":44.0,"key":"Juzu Bracelet"},{"floor":45.0,"key":"PreservedInsect"},{"floor":47,"key":"Blood Vial"},{"floor":49,"key":"Charon\u0027s Ashes"},{"floor":53,"key":"Pear"},{"floor":55,"key":"Bronze Scales"}],"event_choices":[{"cards_removed":["Strike_R"],"damage_healed":0.0,"max_hp_gain":0.0,"max_hp_loss":0.0,"gold_gain":0.0,"event_name":"Purifier","player_choice":"Purged","floor":3.0,"gold_loss":0.0,"damage_taken":0.0},{"damage_healed":0.0,"max_hp_gain":0.0,"max_hp_loss":0.0,"gold_gain":0.0,"event_name":"MindBloom","player_choice":"Fight","floor":36.0,"gold_loss":0.0,"damage_taken":0.0},{"damage_healed":0.0,"max_hp_gain":0.0,"max_hp_loss":0.0,"gold_gain":0.0,"event_name":"SensoryStone","player_choice":"Memory 3","floor":41.0,"gold_loss":0.0,"damage_taken":10.0}],"is_beta":false,"boss_relics":[{"not_picked":["White Beast Statue","Lizard Tail"],"picked":"Snecko Eye"},{"not_picked":["Runic Cube","Black Blood"],"picked":"Velvet Choker"}],"items_purged_floors":[10,20,48],"is_endless":false,"potions_floor_spawned":[1,5,7,12,14,21,22,23,24,29,35,36,47],"ascension_level":20}