{"gold_per_floor":[114,129,139,156,183,218,218,21,47,47,66,79,28,59,59,160,160,180,198,198,120,120,153,153,166,166,166,177,197,197,230,230,334,334,354,354,82,0,16,45,345,379,379,379,398,409,444,459,459,459],"floor_reached":51,"playtime":8219,"items_purged":["Strike_B"],"score":971,"play_id":"6b1afe05-cc68-4924-98ce-2bc01f86633f","local_time":"20180817180927","is_ascension_mode":true,"campfire_choices":[{"floor":7,"key":"REST"},{"floor":15,"key":"REST"},{"floor":24,"key":"REST"},{"floor":27,"key":"REST"},{"data":"Capacitor","floor":30,"key":"SMITH"},{"data":"Machine Learning","floor":32,"key":"SMITH"},{"floor":41,"key":"DIG"},{"floor":44,"key":"DIG"},{"floor":49,"key":"REST"}],"neow_cost":"NONE","seed_source_timestamp":132236387665890,"circlet_count":0,"master_deck":["Strike_B","Strike_B","Strike_B","Defend_B","Defend_B","Defend_B","Defend_B","Zap+1","Dualcast","Storm","Tempest","Coolheaded","Leap","Rainbow","Glacier+1","Heatsinks","Loop","Steam","Coolheaded","Undo","Electrodynamics","Hello World+1","Capacitor+1","Barrage","Stack","Writhe","Aggregate","Cold Snap","Machine Learning+1","BootSequence","Fusion","Amplify","Force Field+1","Leap+1","Loop","White Noise","Thunder Strike","Tempest","Stack+1","Double Energy","Steam+1","Ball Lightning+1"],"relics":["Sozu","Lantern","Anchor","Vajra","Pantograph","Snecko Eye","Nilry\u0027s Codex","Matryoshka","Ancient Tea Set","Bag of Marbles","Bottled Tornado","Omamori","Nuclear Battery","Shovel","Toolbox","Red Mask","Boot","Old Coin","Pen Nib","Blood Vial","Pear","Oddly Smooth Stone","Ice Cream"],"potions_floor_usage":[],"damage_taken":[{"damage":1,"enemies":"Cultist","floor":1,"turns":4},{"damage":8,"enemies":"Small Slimes","floor":2,"turns":3},{"damage":0,"enemies":"Jaw Worm","floor":3,"turns":3},{"damage":9,"enemies":"2 Fungi Beasts","floor":4,"turns":5},{"damage":34,"enemies":"Gremlin Nob","floor":6,"turns":5},{"damage":0,"enemies":"3 Louse","floor":11,"turns":2},{"damage":0,"enemies":"Exordium Wildlife","floor":12,"turns":2},{"damage":10,"enemies":"Lagavulin","floor":14,"turns":7},{"damage":66,"enemies":"Hexaghost","floor":16,"turns":20},{"damage":0,"enemies":"Shell Parasite","floor":18,"turns":6},{"damage":2,"enemies":"2 Thieves","floor":19,"turns":3},{"damage":31,"enemies":"Slavers","floor":23,"turns":5},{"damage":1,"enemies":"Shelled Parasite and Fungi","floor":25,"turns":5},{"damage":0,"enemies":"Cultist and Chosen","floor":28,"turns":5},{"damage":5,"enemies":"Sentry and Sphere","floor":29,"turns":5},{"damage":0,"enemies":"Book of Stabbing","floor":31,"turns":6},{"damage":0,"enemies":"Collector","floor":33,"turns":11},{"damage":18,"enemies":"3 Darklings","floor":35,"turns":5},{"damage":0,"floor":36,"turns":5},{"damage":7,"enemies":"Orb Walker","floor":39,"turns":6},{"damage":5,"enemies":"Giant Head","floor":40,"turns":9},{"damage":9,"enemies":"2 Orb Walkers","floor":42,"turns":4},{"damage":2,"enemies":"Flame Bruiser 2 Orb","floor":45,"turns":5},{"damage":16,"enemies":"Spire Growth","floor":46,"turns":5},{"damage":0,"enemies":"Giant Head","floor":47,"turns":8},{"damage":9,"enemies":"4 Shapes","floor":48,"turns":4},{"damage":46,"enemies":"Time Eater","floor":50,"turns":10}],"seed_played":"5752179994860130405","potions_obtained":[],"is_trial":false,"path_per_floor":["M","M","M","M","T","E","R","$","T","?","M","M","$","E","R","B",null,"M","M","?","$","?","E","R","M","T","R","M","M","R","E","R","B",null,"M","?","$","?","M","E","R","E","T","R","M","M","E","M","R","B"],"character_chosen":"DEFECT","items_purchased":["Glacier","Heatsinks","Coolheaded","Barrage","Stack","Loop","Toolbox"],"campfire_rested":5,"item_purchase_floors":[8,8,13,21,21,37,37],"current_hp_per_floor":[74,66,66,57,57,23,45,45,45,30,30,30,30,20,42,1,75,75,73,57,57,57,26,48,47,47,69,69,71,71,71,71,75,75,57,75,75,75,68,63,63,54,64,64,64,50,52,45,70,39],"gold":459,"neow_bonus":"BOSS_RELIC","is_prod":false,"is_daily":false,"chose_seed":false,"campfire_upgraded":2,"win_rate":1,"timestamp":1534543767,"path_taken":["M","M","M","?","?","E","R","$","T","?","M","M","$","E","R","BOSS","M","M","?","?","?","E","R","M","T","R","M","M","R","E","R","BOSS","M","?","$","?","M","E","R","E","T","R","M","M","E","M","R","BOSS"],"build_version":"2018-08-16","purchased_purges":1,"victory":true,"max_hp_per_floor":[75,75,75,75,75,75,75,75,75,75,75,75,75,75,75,75,75,75,75,75,75,75,75,75,75,75,75,75,75,75,75,75,75,75,75,75,75,75,75,75,75,75,85,85,85,85,85,85,85,85],"card_choices":[{"not_picked":["Skim","Go for the Eyes"],"picked":"Storm","floor":1},{"not_picked":["Melter","Skim"],"picked":"Tempest","floor":2},{"not_picked":["Turbo","Ball Lightning"],"picked":"Coolheaded","floor":3},{"not_picked":["Storm","Lockon"],"picked":"Leap","floor":4},{"not_picked":["Hologram","Conserve Battery"],"picked":"Rainbow","floor":6},{"not_picked":["Fusion","FTL"],"picked":"Loop","floor":11},{"not_picked":["Stack","Compile Driver"],"picked":"Steam","floor":12},{"not_picked":["Force Field","Leap"],"picked":"Undo","floor":14},{"not_picked":["Meteor Strike","Amplify"],"picked":"Electrodynamics","floor":16},{"not_picked":["Stack+1","Skim"],"picked":"Hello World+1","floor":18},{"not_picked":["Leap","Storm"],"picked":"Capacitor","floor":19},{"not_picked":["Beam Cell","Streamline+1"],"picked":"Aggregate","floor":23},{"not_picked":["Streamline","Hologram"],"picked":"Cold Snap","floor":25},{"not_picked":["Hologram","Static Discharge+1"],"picked":"Machine Learning","floor":28},{"not_picked":["Cold Snap","Beam Cell"],"picked":"BootSequence","floor":29},{"not_picked":["Cold Snap+1","Genetic Algorithm"],"picked":"Fusion","floor":31},{"not_picked":["Machine Learning","Multi-Cast"],"picked":"Amplify","floor":33},{"not_picked":["Scrape","BootSequence+1"],"picked":"Force Field+1","floor":35},{"not_picked":["Streamline","Beam Cell"],"picked":"Leap+1","floor":36},{"not_picked":["Stack+1","Hologram+1"],"picked":"White Noise","floor":39},{"not_picked":["Multi-Cast","Beam Cell"],"picked":"Thunder Strike","floor":40},{"not_picked":["Hologram","Barrage"],"picked":"Tempest","floor":42},{"not_picked":["Turbo","Gash"],"picked":"Stack+1","floor":45},{"not_picked":["Hologram","Melter"],"picked":"Double Energy","floor":46},{"not_picked":["Electrodynamics","Hologram+1"],"picked":"Steam+1","floor":47},{"not_picked":["Compile Driver","Hologram"],"picked":"Ball Lightning+1","floor":48}],"player_experience":36613,"relics_obtained":[{"floor":5,"key":"Lantern"},{"floor":6,"key":"Anchor"},{"floor":9,"key":"Vajra"},{"floor":14,"key":"Pantograph"},{"floor":20,"key":"Nilry\u0027s Codex"},{"floor":23,"key":"Ancient Tea Set"},{"floor":26,"key":"Bag of Marbles"},{"floor":26,"key":"Bottled Tornado"},{"floor":31,"key":"Omamori"},{"floor":36,"key":"Shovel"},{"floor":40,"key":"Boot"},{"floor":41,"key":"Old Coin"},{"floor":42,"key":"Pen Nib"},{"floor":43,"key":"Blood Vial"},{"floor":43,"key":"Pear"},{"floor":44,"key":"Oddly Smooth Stone"},{"floor":47,"key":"Ice Cream"}],"event_choices":[{"event_name":"Shining Light","player_choice":"Entered Light","floor":10,"damage_taken":0},{"event_name":"Cursed Tome","player_choice":"Obtained Book","floor":20,"damage_taken":0},{"event_name":"The Mausoleum","player_choice":"Yes","floor":22,"damage_taken":0},{"event_name":"MindBloom","player_choice":"Fight","floor":36,"damage_taken":0},{"event_name":"Tomb of Lord Red Mask","player_choice":"Paid","floor":38,"damage_taken":0}],"is_beta":false,"boss_relics":[{"not_picked":["Philosopher\u0027s Stone","Orrery"],"picked":"Snecko Eye"},{"not_picked":["Black Star","Runic Pyramid"],"picked":"Nuclear Battery"}],"items_purged_floors":[8],"is_endless":false,"potions_floor_spawned":[1,2,4,11,18,28,35,42,46],"ascension_level":2}