{"gold_per_floor":[115,126,142,27,103,103,136,36,60,119,119,146,146,161,161,238,238,253,272,41,41,58,58,92,117,165,165,185,185,205,240,240,240],"floor_reached":33,"playtime":1507,"items_purged":["Strike_G","Strike_G"],"score":586,"play_id":"41c18351-2b5e-407a-b1ef-ce9bd314ab00","local_time":"20190707142457","is_ascension_mode":true,"campfire_choices":[{"data":"Deadly Poison","floor":6,"key":"SMITH"},{"data":"Neutralize","floor":11,"key":"SMITH"},{"data":"Poisoned Stab","floor":15,"key":"SMITH"},{"floor":23,"key":"REST"},{"data":"A Thousand Cuts","floor":27,"key":"SMITH"},{"floor":29,"key":"REST"},{"floor":32,"key":"REST"}],"neow_cost":"NONE","seed_source_timestamp":516321684209217,"circlet_count":0,"master_deck":["AscendersBane","Strike_G","Defend_G","Defend_G","Defend_G","Defend_G","Defend_G","Survivor","Neutralize+1","Poisoned Stab+1","Deadly Poison+1","Backstab+1","Dash","Bane","Backflip","A Thousand Cuts+1","Blur+1","Infinite Blades","Deflect","Cloak And Dagger","Catalyst","Bouncing Flask"],"relics":["Ring of the Snake","Centennial Puzzle","Snake Skull","Bronze Scales","Strawberry","Empty Cage","Medical Kit","Dream Catcher","Darkstone Periapt","Oddly Smooth Stone","Bird Faced Urn"],"potions_floor_usage":[7,19,28,31,33],"damage_taken":[{"damage":11,"enemies":"Jaw Worm","floor":1,"turns":5},{"damage":0,"enemies":"2 Louse","floor":2,"turns":3},{"damage":4,"enemies":"Small Slimes","floor":3,"turns":3},{"damage":3,"enemies":"Gremlin Nob","floor":7,"turns":3},{"damage":6,"enemies":"Gremlin Nob","floor":10,"turns":3},{"damage":17,"enemies":"3 Sentries","floor":12,"turns":10},{"damage":1,"enemies":"Red Slaver","floor":14,"turns":2},{"damage":6,"enemies":"Hexaghost","floor":16,"turns":8},{"damage":3,"enemies":"3 Byrds","floor":18,"turns":3},{"damage":8,"enemies":"Spheric Guardian","floor":19,"turns":6},{"damage":39,"enemies":"Shelled Parasite and Fungi","floor":22,"turns":5},{"damage":7,"enemies":"Gremlin Leader","floor":24,"turns":6},{"damage":7,"enemies":"Snake Plant","floor":28,"turns":4},{"damage":1,"enemies":"Snecko","floor":30,"turns":5},{"damage":17,"enemies":"Slavers","floor":31,"turns":6},{"damage":65,"enemies":"Collector","floor":33,"turns":5}],"seed_played":"3272330139554758616","potions_obtained":[{"floor":0,"key":"EssenceOfSteel"},{"floor":0,"key":"Poison Potion"},{"floor":3,"key":"Block Potion"},{"floor":10,"key":"Dexterity Potion"},{"floor":22,"key":"Fire Potion"},{"floor":24,"key":"Regen Potion"},{"floor":30,"key":"Ancient Potion"}],"is_trial":false,"path_per_floor":["M","M","M","$","?","R","E","$","T","?","R","E","?","M","R","B",null,"M","M","$","?","M","R","E","T","T","R","M","R","M","E","R","B"],"character_chosen":"THE_SILENT","items_purchased":["Dash","Medical Kit"],"campfire_rested":3,"item_purchase_floors":[4,20],"current_hp_per_floor":[48,48,44,44,44,44,41,41,41,35,35,25,25,24,24,18,59,56,48,48,48,9,30,23,23,23,23,30,51,50,33,54,0],"gold":240,"neow_bonus":"THREE_SMALL_POTIONS","is_prod":false,"is_daily":false,"chose_seed":false,"campfire_upgraded":4,"win_rate":0,"timestamp":1562523897,"path_taken":["M","M","M","$","?","R","E","$","T","?","R","E","?","?","R","BOSS","M","M","$","?","?","R","E","?","T","R","M","R","M","E","R","BOSS"],"build_version":"2019-07-05","purchased_purges":2,"victory":false,"max_hp_per_floor":[66,66,66,66,66,66,66,66,66,66,66,73,73,73,73,73,73,73,73,73,73,73,73,73,73,73,73,73,73,73,73,73,73],"card_choices":[{"not_picked":["Underhanded Strike","PiercingWail"],"picked":"Poisoned Stab","floor":1},{"not_picked":["Blade Dance","Sucker Punch"],"picked":"Deadly Poison","floor":2},{"not_picked":["Heel Hook","Setup"],"picked":"Backstab","floor":3},{"not_picked":["Reflex","Distraction"],"picked":"Bane","floor":7},{"not_picked":["Bane","Deflect"],"picked":"Backflip","floor":12},{"not_picked":["Sucker Punch","Outmaneuver","All Out Attack"],"picked":"SKIP","floor":14},{"not_picked":["Doppelganger","Tools of the Trade"],"picked":"A Thousand Cuts","floor":16},{"not_picked":["Eviscerate+1","Acrobatics"],"picked":"Blur+1","floor":18},{"not_picked":["Bane","Flying Knee"],"picked":"Infinite Blades","floor":19},{"not_picked":["Blade Dance","Terror+1","Predator"],"picked":"SKIP","floor":22},{"not_picked":["Outmaneuver","Sucker Punch"],"picked":"Deflect","floor":23},{"not_picked":["Blade Dance","Acrobatics","Slice"],"picked":"SKIP","floor":24},{"not_picked":["Setup","Sucker Punch","Acrobatics"],"picked":"SKIP","floor":28},{"not_picked":["Masterful Stab","Bane"],"picked":"Cloak And Dagger","floor":29},{"not_picked":["Endless Agony","Concentrate","Reflex"],"picked":"SKIP","floor":30},{"not_picked":["Blade Dance+1","Concentrate"],"picked":"Catalyst","floor":31},{"not_picked":["Outmaneuver+1","Backstab"],"picked":"Bouncing Flask","floor":32}],"player_experience":1582202,"relics_obtained":[{"floor":7,"key":"Centennial Puzzle"},{"floor":9,"key":"Snake Skull"},{"floor":10,"key":"Bronze Scales"},{"floor":12,"key":"Strawberry"},{"floor":24,"key":"Darkstone Periapt"},{"floor":25,"key":"Oddly Smooth Stone"},{"floor":31,"key":"Bird Faced Urn"}],"event_choices":[{"damage_healed":0,"gold_gain":76,"player_choice":"Gained Gold","damage_taken":0,"max_hp_gain":0,"max_hp_loss":0,"event_name":"Golden Wing","floor":5,"gold_loss":0},{"damage_healed":0,"gold_gain":0,"player_choice":"Searched \u00271\u0027 times","damage_taken":0,"max_hp_gain":0,"max_hp_loss":0,"event_name":"Dead Adventurer","floor":10,"gold_loss":0},{"damage_healed":0,"gold_gain":0,"player_choice":"Upgraded","damage_taken":0,"max_hp_gain":0,"max_hp_loss":0,"event_name":"Upgrade Shrine","floor":13,"gold_loss":0,"cards_upgraded":["Backstab"]},{"damage_healed":0,"gold_gain":0,"player_choice":"Gave Potion","damage_taken":0,"relics_obtained":["Dream Catcher"],"max_hp_gain":0,"max_hp_loss":0,"event_name":"WeMeetAgain","floor":21,"gold_loss":0}],"is_beta":false,"boss_relics":[{"not_picked":["Fusion Hammer","WristBlade"],"picked":"Empty Cage"}],"items_purged_floors":[4,8],"is_endless":false,"potions_floor_spawned":[2,3,10,16,22,24,30],"killed_by":"Collector","ascension_level":20}