{"gold_per_floor":[15,26,26,41,57,85,85,99,99,99,119,119,119,181,181,259,259,278,203,203,58,58,58,92,17,42,42],"floor_reached":27,"playtime":1180,"items_purged":["Blood for Blood"],"score":412,"play_id":"5b579577-9b4a-47f8-9c65-5b840aa5913f","local_time":"20181008205855","is_ascension_mode":true,"campfire_choices":[{"data":"Spot Weakness","floor":7,"key":"SMITH"},{"data":"Armaments","floor":10,"key":"SMITH"},{"data":"Body Slam","floor":13,"key":"SMITH"},{"data":"Evolve","floor":15,"key":"SMITH"},{"floor":23,"key":"REST"}],"neow_cost":"NO_GOLD","seed_source_timestamp":2230462641902691,"circlet_count":0,"master_deck":["Bash","AscendersBane","Flame Barrier","Spot Weakness+1","Armaments+1","Body Slam+1","Exhume","Clothesline","Offering","Battle Trance","Evolve+1","Impervious","Pummel","Pommel Strike","Metallicize","Pommel Strike","Iron Wave","Iron Wave","Flame Barrier"],"relics":["Burning Blood","Nunchaku","Bird Faced Urn","Champion Belt","Pantograph","Pandora\u0027s Box","Bottled Tornado","Red Skull"],"potions_floor_usage":[6,16,16],"damage_taken":[{"damage":6,"enemies":"Small Slimes","floor":1,"turns":4},{"damage":1,"enemies":"Cultist","floor":2,"turns":3},{"damage":0,"enemies":"2 Louse","floor":4,"turns":2},{"damage":16,"enemies":"Exordium Thugs","floor":5,"turns":5},{"damage":22,"enemies":"Gremlin Nob","floor":6,"turns":4},{"damage":13,"enemies":"Large Slime","floor":8,"turns":5},{"damage":15,"enemies":"2 Fungi Beasts","floor":11,"turns":5},{"damage":32,"enemies":"Gremlin Nob","floor":14,"turns":5},{"damage":30,"enemies":"Slime Boss","floor":16,"turns":8},{"damage":19,"enemies":"2 Thieves","floor":18,"turns":4},{"damage":35,"enemies":"Book of Stabbing","floor":24,"turns":5},{"damage":32,"enemies":"Gremlin Leader","floor":27,"turns":2}],"seed_played":"3159352502849306847","potions_obtained":[{"floor":1,"key":"SmokeBomb"},{"floor":5,"key":"Strength Potion"},{"floor":6,"key":"SpeedPotion"},{"floor":11,"key":"Ancient Potion"},{"floor":24,"key":"FearPotion"}],"is_trial":false,"path_per_floor":["M","M","?","M","M","E","R","M","T","R","M","?","R","?","R","B",null,"M","$","?","$","?","R","E","?","T"],"character_chosen":"IRONCLAD","items_purchased":["Iron Wave","Flame Barrier"],"campfire_rested":1,"item_purchase_floors":[21,21],"current_hp_per_floor":[68,73,55,61,51,35,35,28,28,28,19,44,44,18,18,21,62,51,51,51,51,30,54,29,29,29,0],"gold":42,"neow_bonus":"TRANSFORM_TWO_CARDS","is_prod":false,"is_daily":false,"chose_seed":false,"campfire_upgraded":4,"win_rate":0,"timestamp":1539046735,"path_taken":["M","M","?","?","M","E","R","M","T","R","M","?","R","?","R","BOSS","M","$","?","$","?","R","E","?","T","E"],"build_version":"2018-10-04v2","purchased_purges":1,"victory":false,"max_hp_per_floor":[75,75,75,75,75,75,75,75,75,75,75,75,75,75,75,75,75,75,75,75,75,80,80,80,80,80,80],"card_choices":[{"not_picked":["Sever Soul","Burning Pact"],"picked":"Armaments","floor":1},{"not_picked":["Rupture","Searing Blow"],"picked":"Body Slam","floor":2},{"not_picked":["Heavy Blade","Anger"],"picked":"Exhume","floor":4},{"not_picked":["True Grit","Rage"],"picked":"Clothesline","floor":5},{"not_picked":["Sever Soul","Dropkick"],"picked":"Offering","floor":6},{"not_picked":["Metallicize","Sever Soul"],"picked":"Battle Trance","floor":8},{"not_picked":["Carnage","Body Slam","Perfected Strike"],"picked":"SKIP","floor":11},{"not_picked":["Clothesline","Cleave"],"picked":"Evolve","floor":14},{"not_picked":["Berserk","Double Tap"],"picked":"Impervious","floor":16},{"not_picked":["Pommel Strike","Entrench"],"picked":"Iron Wave","floor":18},{"not_picked":["Twin Strike","Sword Boomerang","Heavy Blade"],"picked":"SKIP","floor":24}],"player_experience":579158,"relics_obtained":[{"floor":6,"key":"Bird Faced Urn"},{"floor":9,"key":"Champion Belt"},{"floor":14,"key":"Pantograph"},{"floor":24,"key":"Bottled Tornado"},{"floor":26,"key":"Red Skull"}],"event_choices":[{"event_name":"Scrap Ooze","player_choice":"success","floor":3,"damage_taken":18},{"event_name":"Big Fish","player_choice":"Banana","floor":12,"damage_taken":0},{"event_name":"Dead Adventurer","player_choice":"Searched \u00271\u0027 times","floor":14,"damage_taken":0},{"event_name":"Back to Basics","player_choice":"Elegance","floor":20,"damage_taken":0},{"event_name":"Forgotten Altar","player_choice":"Shed Blood","floor":22,"damage_taken":0},{"event_name":"Beggar","player_choice":"Gave Gold","floor":25,"damage_taken":0}],"is_beta":false,"boss_relics":[{"not_picked":["Runic Dome","Lizard Tail"],"picked":"Pandora\u0027s Box"}],"items_purged_floors":[19],"is_endless":false,"potions_floor_spawned":[1,5,6,11,24],"killed_by":"Gremlin Leader","ascension_level":16}