{"gold_per_floor":[112,39,39,52,69,102,102,120,120,146,160,160,175,187,187,289,289,199,219,219],"floor_reached":20,"playtime":1476,"items_purged":[],"score":185,"play_id":"9b98a890-d911-4404-9480-b32f7b05d03a","local_time":"20190609001758","is_ascension_mode":true,"campfire_choices":[{"floor":7.0,"key":"RECALL"},{"floor":12.0,"key":"REST"},{"floor":15.0,"key":"REST"}],"neow_cost":"NONE","seed_source_timestamp":0,"circlet_count":0,"master_deck":["Strike_B+1","Strike_B","Strike_B","Strike_B+1","Defend_B","Defend_B","Defend_B","Defend_B","Zap","Dualcast","Turbo","Defragment","Glacier","Ball Lightning","Ball Lightning","Cold Snap","Capacitor","Stack","Multi-Cast","Self Repair+1","Coolheaded"],"special_seed":0,"relics":["FrozenCore","CultistMask","Whetstone","Odd Mushroom"],"potions_floor_usage":[20],"damage_taken":[{"damage":1.0,"enemies":"Jaw Worm","floor":1.0,"turns":4.0},{"damage":0.0,"enemies":"Cultist","floor":4.0,"turns":4.0},{"damage":10.0,"enemies":"Small Slimes","floor":5.0,"turns":3.0},{"damage":25.0,"enemies":"3 Sentries","floor":6.0,"turns":9.0},{"damage":2.0,"enemies":"Blue Slaver","floor":8.0,"turns":4.0},{"damage":7.0,"enemies":"The Mushroom Lair","floor":10.0,"turns":4.0},{"damage":16.0,"enemies":"Gremlin Gang","floor":11.0,"turns":4.0},{"damage":4.0,"enemies":"3 Louse","floor":13.0,"turns":3.0},{"damage":0.0,"enemies":"Large Slime","floor":14.0,"turns":5.0},{"damage":35.0,"enemies":"Hexaghost","floor":16.0,"turns":15.0},{"damage":18,"enemies":"2 Thieves","floor":18,"turns":5},{"damage":1,"enemies":"Spheric Guardian","floor":19,"turns":6},{"damage":74,"enemies":"Cultist and Chosen","floor":20,"turns":8}],"seed_played":"8567837645167163898","potions_obtained":[{"floor":1.0,"key":"EssenceOfSteel"},{"floor":5.0,"key":"FearPotion"},{"floor":10.0,"key":"GamblersBrew"},{"floor":13.0,"key":"Energy Potion"},{"floor":19,"key":"Block Potion"}],"is_trial":false,"path_per_floor":["M","$","?","M","M","E","R","M","T","?","M","R","M","M","R","B",null,"M","M","M"],"character_chosen":"DEFECT","items_purchased":["Defragment"],"campfire_rested":2,"item_purchase_floors":[2],"current_hp_per_floor":[81,81,81,81,71,46,46,44,44,37,21,45,41,41,65,30,82,64,73,0],"gold":219,"neow_bonus":"TEN_PERCENT_HP_BONUS","is_prod":false,"is_daily":false,"chose_seed":false,"campfire_upgraded":0,"win_rate":0,"timestamp":1560053878,"path_taken":["M","$","?","M","?","E","R","M","T","?","M","R","M","M","R","BOSS","M","M","M"],"build_version":"2019-01-23","purchased_purges":0,"victory":false,"max_hp_per_floor":[82,82,82,82,82,82,82,82,82,82,82,82,82,82,82,82,82,82,82,82],"card_choices":[{"not_picked":["Sunder","Compile Driver"],"picked":"Turbo","floor":1.0},{"not_picked":["Turbo","Gash"],"picked":"Glacier","floor":4.0},{"not_picked":["Undo","Streamline"],"picked":"Ball Lightning","floor":5.0},{"not_picked":["Force Field","Fusion","Leap"],"picked":"SKIP","floor":6.0},{"not_picked":["Force Field","Go for the Eyes"],"picked":"Ball Lightning","floor":8.0},{"not_picked":["Ball Lightning","Sweeping Beam"],"picked":"Cold Snap","floor":10.0},{"not_picked":["Thunder Strike","Lockon","Hologram"],"picked":"SKIP","floor":11.0},{"not_picked":["Turbo","Streamline"],"picked":"Capacitor","floor":13.0},{"not_picked":["Conserve Battery","BootSequence"],"picked":"Stack","floor":14.0},{"not_picked":["Hyperbeam","Echo Form"],"picked":"Multi-Cast","floor":16.0},{"not_picked":["Turbo","Leap+1"],"picked":"Self Repair+1","floor":18},{"not_picked":["Stack","Hologram+1"],"picked":"Coolheaded","floor":19}],"player_experience":87351,"relics_obtained":[{"floor":6.0,"key":"Whetstone"},{"floor":10.0,"key":"Odd Mushroom"}],"event_choices":[{"damage_healed":0.0,"max_hp_gain":0.0,"max_hp_loss":0.0,"gold_gain":0.0,"event_name":"FaceTrader","player_choice":"Trade","floor":3.0,"gold_loss":0.0,"damage_taken":0.0,"relics_obtained":["CultistMask"]},{"damage_healed":0.0,"max_hp_gain":0.0,"max_hp_loss":0.0,"gold_gain":0.0,"event_name":"Mushrooms","player_choice":"Fought Mushrooms","floor":10.0,"gold_loss":0.0,"damage_taken":0.0}],"is_beta":false,"boss_relics":[{"not_picked":["White Beast Statue","Velvet Choker"],"picked":"FrozenCore"}],"items_purged_floors":[],"is_endless":false,"potions_floor_spawned":[1,5,10,13,19],"killed_by":"Cultist and Chosen","ascension_level":1}