{"gold_per_floor":[117,132,132,144,94,126,126,126,126,139,151,167,187,147,147,243,243,253,168,168,186,236,236,303,303,303,303,320,370,420,439,439,542,542,557,574,624,674,743,776,776,356,379,397,407,407,427,529,529,529],"floor_reached":51,"playtime":6300,"items_purged":["Writhe"],"score":756,"play_id":"bd49f034-5b22-44c5-89d1-41c9900faaea","local_time":"20180817005950","is_ascension_mode":false,"campfire_choices":[{"floor":8,"key":"REST"},{"data":"Tempest","floor":15,"key":"SMITH"},{"data":"Auto Shields","floor":23,"key":"SMITH"},{"data":"Electrodynamics","floor":25,"key":"SMITH"},{"data":"Capacitor","floor":27,"key":"SMITH"},{"data":"Conserve Battery","floor":32,"key":"SMITH"},{"floor":41,"key":"REST"},{"data":"Conserve Battery","floor":46,"key":"SMITH"},{"data":"Capacitor","floor":49,"key":"SMITH"}],"neow_cost":"","seed_source_timestamp":72345136197683,"circlet_count":0,"master_deck":["Strike_B","Strike_B","Strike_B+1","Defend_B","Defend_B","Defend_B","Defend_B","Zap+1","Dualcast","Conserve Battery+1","Reprogram","Conserve Battery+1","Defragment+1","Ball Lightning+1","Tempest+1","Electrodynamics+1","Capacitor+1","FTL","Reboot","Ball Lightning+1","Auto Shields+1","Writhe","Hello World+1","Leap+1","Coolheaded+1","Seek+1","Leap+1","Double Energy+1","Leap+1","Stack+1","Electrodynamics","Secret Weapon+1","Conserve Battery+1","Barrage+1","Capacitor+1","Glacier+1"],"relics":["Cracked Core","Bottled Lightning","Ancient Tea Set","Incense Burner","SsserpentHead","Thread and Needle","Whetstone","Toxic Egg 2","Nloth\u0027s Gift","Eternal Feather","Girya","Regal Pillow","Anchor","Blood Vial","Unceasing Top"],"potions_floor_usage":[],"damage_taken":[{"damage":0,"enemies":"Small Slimes","floor":1,"turns":2},{"damage":6,"enemies":"Jaw Worm","floor":2,"turns":3},{"damage":0,"enemies":"Cultist","floor":4,"turns":4},{"damage":22,"enemies":"Lagavulin","floor":6,"turns":8},{"damage":0,"enemies":"Large Slime","floor":10,"turns":5},{"damage":3,"enemies":"Looter","floor":11,"turns":2},{"damage":8,"enemies":"Gremlin Gang","floor":12,"turns":4},{"damage":0,"enemies":"2 Fungi Beasts","floor":13,"turns":2},{"damage":0,"enemies":"Slime Boss","floor":16,"turns":4},{"damage":5,"enemies":"Chosen","floor":18,"turns":3},{"damage":0,"enemies":"Spheric Guardian","floor":21,"turns":3},{"damage":0,"enemies":"3 Cultists","floor":24,"turns":2},{"damage":1,"enemies":"Centurion and Healer","floor":28,"turns":5},{"damage":4,"enemies":"Snecko","floor":31,"turns":5},{"damage":39,"enemies":"Automaton","floor":33,"turns":10},{"damage":30,"enemies":"3 Darklings","floor":35,"turns":6},{"damage":3,"enemies":"Flame Bruiser 1 Orb","floor":36,"turns":5},{"damage":18,"floor":38,"turns":7},{"damage":7,"enemies":"Maw","floor":39,"turns":7},{"damage":36,"enemies":"Nemesis","floor":40,"turns":10},{"damage":3,"enemies":"Transient","floor":44,"turns":5},{"damage":0,"enemies":"3 Darklings","floor":45,"turns":5},{"damage":12,"enemies":"Flame Bruiser 2 Orb","floor":47,"turns":7},{"damage":15,"floor":48,"turns":4},{"damage":43,"enemies":"Donu and Deca","floor":50,"turns":7}],"seed_played":"-6725294769129011898","potions_obtained":[{"floor":10,"key":"AttackPotion"},{"floor":12,"key":"Poison Potion"},{"floor":13,"key":"Swift Potion"},{"floor":28,"key":"Regen Potion"},{"floor":31,"key":"EssenceOfSteel"},{"floor":35,"key":"Fire Potion"},{"floor":38,"key":"FairyPotion"},{"floor":45,"key":"Fruit Juice"},{"floor":48,"key":"SmokeBomb"}],"is_trial":false,"path_per_floor":["M","M","?","M","?","E","?","R","T","M","M","M","M","$","R","B",null,"M","?","?","M","?","R","M","R","T","R","M","?","?","M","R","B",null,"M","M","?","?","M","E","R","$","T","M","M","R","M","?","R","B"],"character_chosen":"DEFECT","items_purchased":["FTL","Secret Weapon+1","Anchor"],"campfire_rested":2,"item_purchase_floors":[14,42,42],"current_hp_per_floor":[75,69,69,69,69,47,47,69,69,69,66,58,58,58,58,58,75,70,70,70,70,70,70,70,70,70,70,69,69,69,65,65,26,75,45,42,61,43,36,7,62,62,62,61,63,75,63,50,71,30],"gold":529,"neow_bonus":"","is_prod":false,"is_daily":false,"chose_seed":false,"campfire_upgraded":7,"win_rate":0.0,"timestamp":1534481990,"path_taken":["M","M","?","M","?","E","?","R","T","M","?","M","?","$","R","BOSS","M","?","?","M","?","R","?","R","T","R","M","?","?","M","R","BOSS","M","M","?","?","?","E","R","$","T","M","M","R","M","?","R","BOSS"],"build_version":"2018-08-09","purchased_purges":1,"victory":true,"max_hp_per_floor":[75,75,75,75,75,75,75,75,75,75,75,75,75,75,75,75,75,75,75,75,75,75,75,75,75,75,75,75,75,75,75,75,75,75,75,75,75,75,75,75,75,75,75,75,75,75,75,75,75,75],"card_choices":[{"not_picked":["Ball Lightning","Sweeping Beam"],"picked":"Conserve Battery","floor":1},{"not_picked":["Self Repair","Streamline"],"picked":"Reprogram","floor":2},{"not_picked":["Loop","Tempest"],"picked":"Conserve Battery","floor":4},{"not_picked":["Hologram","Redo"],"picked":"Defragment","floor":6},{"not_picked":["Leap","Redo"],"picked":"Ball Lightning","floor":10},{"not_picked":["Redo","Sweeping Beam"],"picked":"Tempest","floor":11},{"not_picked":["White Noise","Double Energy"],"picked":"Electrodynamics","floor":12},{"not_picked":["Hologram","Coolheaded"],"picked":"Capacitor","floor":13},{"not_picked":["Thunder Strike","Multi-Cast"],"picked":"Reboot","floor":16},{"not_picked":["Cold Snap","Doom and Gloom+1"],"picked":"Ball Lightning+1","floor":18},{"not_picked":["Ball Lightning+1","Redo"],"picked":"Auto Shields","floor":21},{"not_picked":["Consume","Steam"],"picked":"Hello World+1","floor":24},{"not_picked":["Ball Lightning+1","Steam"],"picked":"Leap+1","floor":28},{"not_picked":["Beam Cell","Static Discharge+1"],"picked":"Coolheaded+1","floor":31},{"not_picked":["Biased Cognition","Machine Learning"],"picked":"Seek+1","floor":33},{"not_picked":["Melter","Gash+1"],"picked":"Leap+1","floor":35},{"not_picked":["Cold Snap+1","Coolheaded+1"],"picked":"Double Energy+1","floor":36},{"not_picked":["Gash+1","Coolheaded+1"],"picked":"Leap+1","floor":38},{"not_picked":["Go for the Eyes","Ball Lightning+1"],"picked":"Stack+1","floor":39},{"not_picked":["Genetic Algorithm+1","Amplify+1"],"picked":"Electrodynamics","floor":40},{"not_picked":["Redo+1","Scrape+1"],"picked":"Conserve Battery+1","floor":44},{"not_picked":["Streamline","Glacier+1"],"picked":"Barrage+1","floor":45},{"not_picked":["Scrape+1","Streamline"],"picked":"Capacitor","floor":47},{"not_picked":["Cold Snap+1","Streamline"],"picked":"Glacier+1","floor":48}],"player_experience":8279,"relics_obtained":[{"floor":6,"key":"Bottled Lightning"},{"floor":9,"key":"Ancient Tea Set"},{"floor":26,"key":"Whetstone"},{"floor":38,"key":"Girya"},{"floor":40,"key":"Regal Pillow"},{"floor":43,"key":"Blood Vial"},{"floor":48,"key":"Unceasing Top"}],"event_choices":[{"event_name":"Living Wall","player_choice":"Grow","floor":3,"damage_taken":0},{"event_name":"The Cleric","player_choice":"Card Removal","floor":5,"damage_taken":0},{"event_name":"Upgrade Shrine","player_choice":"Upgraded","floor":7,"damage_taken":0},{"event_name":"Addict","player_choice":"Obtained Relic","floor":19,"damage_taken":0},{"event_name":"FaceTrader","player_choice":"Trade","floor":20,"damage_taken":0},{"event_name":"The Mausoleum","player_choice":"Yes","floor":22,"damage_taken":0},{"event_name":"WeMeetAgain","player_choice":"Potion","floor":29,"damage_taken":0},{"event_name":"N\u0027loth","player_choice":"Traded a Nuclear Battery","floor":30,"damage_taken":0},{"event_name":"Winding Halls","player_choice":"Writhe","floor":37,"damage_taken":0},{"event_name":"MindBloom","player_choice":"Fight","floor":38,"damage_taken":0},{"event_name":"Mysterious Sphere","player_choice":"Fight","floor":48,"damage_taken":0}],"is_beta":false,"boss_relics":[{"not_picked":["Sozu","Snecko Eye"],"picked":"Nuclear Battery"},{"not_picked":["Coffee Dripper","Runic Pyramid"],"picked":"Eternal Feather"}],"items_purged_floors":[42],"is_endless":false,"potions_floor_spawned":[10,12,13,18,28,31,33,35,38,45,48],"ascension_level":0}