{"gold_per_floor":[112,9,25,25,25,25,41,41,91,91,112,112,132,167,167,266,266,286,47,47,65,65,65,89,89,89,89,109,109,123,167,167,167],"floor_reached":33,"playtime":1775,"items_purged":["Strike_G"],"score":530,"play_id":"11084392-e3ce-4ea8-9971-0d59c6ccb6fe","local_time":"20190529001032","is_ascension_mode":true,"campfire_choices":[{"data":"Noxious Fumes","floor":6,"key":"SMITH"},{"data":"Skewer","floor":8,"key":"SMITH"},{"data":"Neutralize","floor":10,"key":"SMITH"},{"floor":12,"key":"REST"},{"data":"Bane","floor":15,"key":"SMITH"},{"data":"Doppelganger","floor":23,"key":"SMITH"},{"data":"Deadly Poison","floor":25,"key":"SMITH"},{"floor":27,"key":"REST"},{"floor":32,"key":"REST"}],"neow_cost":"NONE","seed_source_timestamp":1139512531129279,"circlet_count":0,"master_deck":["AscendersBane","Defend_G","Defend_G","Defend_G","Defend_G","Defend_G","Strike_G","Strike_G","Strike_G","Survivor","Neutralize+1","Skewer+1","Noxious Fumes+1","PiercingWail","Leg Sweep","All Out Attack","Bane+1","Doppelganger+1","Deadly Poison+1","Backflip","PiercingWail","Wraith Form v2"],"relics":["Golden Idol","Art of War","Omamori","Snecko Eye","Happy Flower","Enchiridion","Nloth\u0027s Gift","Meat on the Bone","Dream Catcher"],"potions_floor_usage":[14,16,31,33],"damage_taken":[{"damage":3,"enemies":"Cultist","floor":1,"turns":5},{"damage":7,"enemies":"Jaw Worm","floor":3,"turns":6},{"damage":1,"enemies":"2 Louse","floor":7,"turns":3},{"damage":0,"enemies":"Exordium Thugs","floor":11,"turns":4},{"damage":4,"enemies":"Blue Slaver","floor":13,"turns":4},{"damage":21,"enemies":"Gremlin Nob","floor":14,"turns":4},{"damage":23,"enemies":"Slime Boss","floor":16,"turns":8},{"damage":9,"enemies":"3 Byrds","floor":18,"turns":4},{"damage":0,"enemies":"Chosen","floor":21,"turns":3},{"damage":3,"enemies":"Snecko","floor":24,"turns":7},{"damage":4,"enemies":"Snake Plant","floor":28,"turns":4},{"damage":1,"enemies":"3 Cultists","floor":30,"turns":5},{"damage":29,"enemies":"Gremlin Leader","floor":31,"turns":6},{"damage":45,"enemies":"Automaton","floor":33,"turns":10}],"seed_played":"8722446360815010219","potions_obtained":[{"floor":3,"key":"LiquidBronze"},{"floor":11,"key":"Fire Potion"},{"floor":14,"key":"Strength Potion"},{"floor":21,"key":"PowerPotion"},{"floor":28,"key":"Explosive Potion"}],"is_trial":false,"path_per_floor":["M","$","M","$","?","R","M","R","T","R","M","R","M","E","R","B",null,"M","$","?","M","?","R","M","R","T","R","M","?","M","E","R","B"],"character_chosen":"THE_SILENT","items_purchased":["Noxious Fumes","PiercingWail","Happy Flower"],"campfire_rested":3,"item_purchase_floors":[2,2,19],"current_hp_per_floor":[62,62,55,55,30,30,29,29,29,29,29,50,46,25,25,2,55,46,46,25,25,25,25,22,22,22,43,39,39,38,21,42,0],"gold":167,"neow_bonus":"TEN_PERCENT_HP_BONUS","is_prod":false,"is_daily":false,"chose_seed":false,"campfire_upgraded":6,"win_rate":0,"timestamp":1559103032,"path_taken":["M","$","M","?","?","R","M","R","T","R","M","R","M","E","R","BOSS","M","$","?","M","?","R","?","R","T","R","M","?","M","E","R","BOSS"],"build_version":"2019-01-23","purchased_purges":1,"victory":false,"max_hp_per_floor":[72,72,72,72,72,72,72,72,72,72,72,72,72,72,72,72,72,72,72,72,72,72,72,72,72,72,72,72,72,72,72,72,72],"card_choices":[{"not_picked":["Dodge and Roll","Reflex"],"picked":"Skewer","floor":1},{"not_picked":["Reflex","Bane"],"picked":"Leg Sweep","floor":3},{"not_picked":["Bane","Accuracy"],"picked":"All Out Attack","floor":7},{"not_picked":["Finisher","Flying Knee","Accuracy"],"picked":"SKIP","floor":11},{"not_picked":["Slice","Outmaneuver","Underhanded Strike"],"picked":"SKIP","floor":13},{"not_picked":["Accuracy","Unload"],"picked":"Bane","floor":14},{"not_picked":["Glass Knife","Night Terror"],"picked":"Doppelganger","floor":16},{"not_picked":["Deflect","Riddle With Holes"],"picked":"Deadly Poison","floor":18},{"not_picked":["Riddle With Holes","Acrobatics","Poisoned Stab"],"picked":"SKIP","floor":21},{"not_picked":["Poisoned Stab+1","Underhanded Strike+1"],"picked":"Backflip","floor":24},{"not_picked":["Blade Dance","Concentrate+1"],"picked":"PiercingWail","floor":28},{"not_picked":["Accuracy","Dagger Throw","Flying Knee"],"picked":"SKIP","floor":30},{"not_picked":["Cloak And Dagger","Dagger Throw+1"],"picked":"Wraith Form v2","floor":31}],"player_experience":1439063,"relics_obtained":[{"floor":9,"key":"Art of War"},{"floor":14,"key":"Omamori"},{"floor":20,"key":"Enchiridion"},{"floor":26,"key":"Meat on the Bone"},{"floor":31,"key":"Dream Catcher"}],"event_choices":[{"damage_healed":0,"gold_gain":0,"player_choice":"Take Damage","damage_taken":25,"relics_obtained":["Golden Idol"],"max_hp_gain":0,"max_hp_loss":0,"event_name":"Golden Idol","floor":5,"gold_loss":0},{"damage_healed":0,"gold_gain":0,"player_choice":"Obtained Book","damage_taken":21,"max_hp_gain":0,"max_hp_loss":0,"event_name":"Cursed Tome","floor":20,"gold_loss":0},{"damage_healed":0,"gold_gain":0,"player_choice":"Traded Relic","damage_taken":0,"relics_obtained":["Nloth\u0027s Gift"],"max_hp_gain":0,"max_hp_loss":0,"event_name":"N\u0027loth","floor":22,"relics_lost":["Ring of the Snake"],"gold_loss":0},{"cards_removed":["Strike_G"],"damage_healed":0,"gold_gain":0,"player_choice":"Purged","damage_taken":0,"max_hp_gain":0,"max_hp_loss":0,"event_name":"Purifier","floor":29,"gold_loss":0}],"is_beta":false,"boss_relics":[{"not_picked":["Cursed Key","Calling Bell"],"picked":"Snecko Eye"}],"items_purged_floors":[19],"is_endless":false,"potions_floor_spawned":[3,11,14,21,28],"killed_by":"Automaton","ascension_level":20}