{"gold_per_floor":[109,121,121,46,64,64,92,111,111,111,111,131,163,179,179,252,252,262,281,281,301,39,39,89,89,89,99,99,99],"floor_reached":29,"playtime":1269,"items_purged":["Strike_G","Strike_G"],"score":470,"play_id":"8ade7720-48f8-4faf-81c4-e7e8d5a089b1","local_time":"20190328225857","is_ascension_mode":true,"campfire_choices":[{"data":"Skewer","floor":6.0,"key":"SMITH"},{"floor":10,"key":"REST"},{"data":"Neutralize","floor":15,"key":"SMITH"},{"data":"Wraith Form v2","floor":23,"key":"SMITH"},{"data":"Well Laid Plans","floor":25,"key":"SMITH"},{"data":"After Image","floor":28,"key":"SMITH"}],"neow_cost":"NONE","seed_source_timestamp":1283247781703078,"circlet_count":0,"master_deck":["AscendersBane","Defend_G+1","Defend_G","Defend_G","Defend_G","Defend_G","Strike_G","Survivor+1","Neutralize+1","Flying Knee","Dagger Throw","After Image+1","Skewer+1","Bouncing Flask","Well Laid Plans+1","Bouncing Flask","Calculated Gamble","Blur","Wraith Form v2+1","PiercingWail","Catalyst","Calculated Gamble"],"special_seed":0,"relics":["Ring of the Snake","NeowsBlessing","StoneCalendar","Ornamental Fan","Paper Crane","Eternal Feather","War Paint","Darkstone Periapt"],"potions_floor_usage":[16,29,29],"damage_taken":[{"damage":0.0,"enemies":"Jaw Worm","floor":1.0,"turns":1.0},{"damage":0.0,"enemies":"Cultist","floor":2.0,"turns":1.0},{"damage":0.0,"enemies":"2 Louse","floor":5.0,"turns":1.0},{"damage":15.0,"enemies":"3 Sentries","floor":7.0,"turns":9.0},{"damage":15,"enemies":"Gremlin Gang","floor":8,"turns":5},{"damage":1,"enemies":"Looter","floor":12,"turns":4},{"damage":13,"enemies":"Lagavulin","floor":13,"turns":7},{"damage":5,"enemies":"Exordium Wildlife","floor":14,"turns":4},{"damage":3,"enemies":"Hexaghost","floor":16,"turns":8},{"damage":23,"enemies":"3 Byrds","floor":18,"turns":7},{"damage":8,"enemies":"Spheric Guardian","floor":19,"turns":4},{"damage":9,"enemies":"Snecko","floor":21,"turns":6},{"damage":0,"enemies":"Snake Plant","floor":27,"turns":6},{"damage":38,"enemies":"Slavers","floor":29,"turns":4}],"seed_played":"-2275992212257678110","potions_obtained":[{"floor":7.0,"key":"GamblersBrew"},{"floor":8,"key":"Regen Potion"},{"floor":16,"key":"AttackPotion"},{"floor":18,"key":"SpeedPotion"},{"floor":27,"key":"Dexterity Potion"}],"is_trial":false,"path_per_floor":["M","M","?","$","M","R","E","M","T","R","?","M","E","M","R","B",null,"M","M","?","M","$","R","?","R","T","M","R","E"],"character_chosen":"THE_SILENT","items_purchased":["War Paint"],"campfire_rested":1,"item_purchase_floors":[22],"current_hp_per_floor":[59,59,59,59,59,59,44,29,29,48,37,36,23,18,18,30,57,34,26,26,17,17,29,29,41,41,41,53,15],"gold":99,"neow_bonus":"THREE_ENEMY_KILL","is_prod":false,"is_daily":false,"chose_seed":false,"campfire_upgraded":5,"win_rate":0,"timestamp":1553828337,"path_taken":["M","M","?","$","?","R","E","M","T","R","?","M","E","M","R","BOSS","M","M","?","?","$","R","?","R","T","M","R","E"],"build_version":"2019-01-23","purchased_purges":2,"victory":false,"max_hp_per_floor":[66,66,66,66,66,66,66,66,66,66,66,66,66,66,66,66,66,66,66,66,66,66,66,66,66,66,66,66,66],"card_choices":[{"not_picked":["Deflect","Underhanded Strike"],"picked":"Flying Knee","floor":1.0},{"not_picked":["Flying Knee","Cloak And Dagger"],"picked":"Dagger Throw","floor":2.0},{"not_picked":["PiercingWail","Accuracy"],"picked":"Skewer","floor":5.0},{"not_picked":["Deadly Poison","Unload"],"picked":"Bouncing Flask","floor":7.0},{"not_picked":["Skewer","PiercingWail"],"picked":"Well Laid Plans","floor":8},{"not_picked":["Slice","Dagger Spray"],"picked":"Bouncing Flask","floor":12},{"not_picked":["Masterful Stab","Deflect"],"picked":"Calculated Gamble","floor":13},{"not_picked":["Backflip","Deadly Poison"],"picked":"Blur","floor":14},{"not_picked":["Unload","Tools of the Trade"],"picked":"Wraith Form v2","floor":16},{"not_picked":["Flying Knee","Acrobatics","Riddle With Holes"],"picked":"SKIP","floor":18},{"not_picked":["Heel Hook","Dagger Throw"],"picked":"PiercingWail","floor":19},{"not_picked":["Expertise","Distraction"],"picked":"Catalyst","floor":21},{"not_picked":["Masterful Stab","Expertise+1"],"picked":"Calculated Gamble","floor":27}],"player_experience":1032751,"relics_obtained":[{"floor":7.0,"key":"StoneCalendar"},{"floor":13,"key":"Paper Crane"},{"floor":26,"key":"Darkstone Periapt"}],"event_choices":[{"damage_healed":0.0,"max_hp_gain":0.0,"max_hp_loss":0.0,"gold_gain":0.0,"cards_transformed":["Strike_G"],"event_name":"Transmorgrifier","player_choice":"Transformed","floor":3.0,"gold_loss":0.0,"damage_taken":0.0,"cards_obtained":["After Image"]},{"damage_healed":0,"gold_gain":0,"player_choice":"Success","damage_taken":11,"relics_obtained":["Ornamental Fan"],"max_hp_gain":0,"max_hp_loss":0,"event_name":"Scrap Ooze","floor":11,"gold_loss":0},{"cards_removed":["Strike_G"],"damage_healed":0,"gold_gain":0,"player_choice":"Offered Basic","damage_taken":0,"max_hp_gain":0,"max_hp_loss":0,"event_name":"Bonfire Elementals","floor":20,"gold_loss":0},{"damage_healed":0,"gold_gain":50,"player_choice":"Stole From Cult","damage_taken":0,"max_hp_gain":0,"max_hp_loss":0,"event_name":"Nest","floor":24,"gold_loss":0}],"is_beta":false,"boss_relics":[{"not_picked":["Philosopher\u0027s Stone","Runic Dome"],"picked":"Eternal Feather"}],"items_purged_floors":[4,22],"is_endless":false,"potions_floor_spawned":[7,8,16,18,19,27],"killed_by":"Slavers","ascension_level":20}