{"gold_per_floor":[116,116,140,156,33,33,46,77,77,90,90,109,124,157,157,276,276,216,216,66,18,18,18,18,18,18,18,18,18,18,18,18,18],"floor_reached":33,"playtime":2443,"items_purged":["Strike_R","Parasite"],"score":346,"play_id":"72d2bd5e-0b38-446c-b735-b626b66faf9c","local_time":"20180823004003","is_ascension_mode":true,"campfire_choices":[{"data":"True Grit","floor":6,"key":"SMITH"},{"data":"Spot Weakness","floor":15,"key":"SMITH"},{"floor":23,"key":"REST"},{"floor":25,"key":"REST"},{"data":"Inflame","floor":28,"key":"SMITH"},{"data":"Pommel Strike","floor":30,"key":"SMITH"},{"floor":32,"key":"REST"}],"neow_cost":"NONE","seed_source_timestamp":593490342063710,"circlet_count":0,"master_deck":["Strike_R","Strike_R","Strike_R","Strike_R","Defend_R","Defend_R","Defend_R","Defend_R","Bash","Pommel Strike+1","Headbutt","True Grit+1","Spot Weakness+1","Heavy Blade","Inflame+1","Shrug It Off","Evolve","Battle Trance","Battle Trance","Cleave","Pommel Strike+1","Reaper","Warcry+1"],"relics":["Burning Blood","Art of War","Golden Idol","Question Card","Ornamental Fan","Vajra","Ectoplasm","Singing Bowl","Pantograph"],"potions_floor_usage":[8,8,16,16,24,27,31],"damage_taken":[{"damage":5,"enemies":"Small Slimes","floor":1,"turns":4},{"damage":4,"enemies":"Jaw Worm","floor":3,"turns":4},{"damage":1,"enemies":"Cultist","floor":4,"turns":3},{"damage":13,"enemies":"Looter","floor":7,"turns":3},{"damage":26,"enemies":"3 Sentries","floor":8,"turns":8},{"damage":4,"enemies":"Red Slaver","floor":10,"turns":3},{"damage":11,"enemies":"Exordium Thugs","floor":12,"turns":4},{"damage":1,"enemies":"3 Louse","floor":13,"turns":4},{"damage":23,"enemies":"Lagavulin","floor":14,"turns":6},{"damage":43,"enemies":"Hexaghost","floor":16,"turns":9},{"damage":19,"enemies":"2 Thieves","floor":18,"turns":4},{"damage":48,"enemies":"Slavers","floor":24,"turns":6},{"damage":5,"enemies":"3 Byrds","floor":27,"turns":4},{"damage":28,"enemies":"Snake Plant","floor":29,"turns":4},{"damage":10,"enemies":"3 Cultists","floor":31,"turns":4},{"damage":100,"enemies":"Automaton","floor":33,"turns":8}],"seed_played":"-4698037929366218240","potions_obtained":[{"floor":1,"key":"Swift Potion"},{"floor":7,"key":"EntropicBrew"},{"floor":10,"key":"Poison Potion"},{"floor":12,"key":"AttackPotion"},{"floor":29,"key":"SteroidPotion"}],"is_trial":false,"path_per_floor":["M","?","M","M","$","R","M","E","T","M","?","M","M","E","R","B",null,"M","?","$","$","?","R","E","R","T","M","R","M","R","M","R"],"character_chosen":"IRONCLAD","items_purchased":["True Grit","Cleave","Block Potion"],"campfire_rested":3,"item_purchase_floors":[5,20,21],"current_hp_per_floor":[80,60,62,67,67,67,60,40,40,42,62,57,62,45,45,8,62,49,49,49,49,49,72,30,53,53,73,73,51,51,55,78,0],"gold":18,"neow_bonus":"RANDOM_COMMON_RELIC","is_prod":false,"is_daily":false,"chose_seed":false,"campfire_upgraded":4,"win_rate":0,"timestamp":1534999203,"path_taken":["M","?","M","M","$","R","M","E","T","M","?","M","M","E","R","BOSS","M","?","?","$","?","R","E","R","T","M","R","?","R","M","R","BOSS"],"build_version":"2018-08-16","purchased_purges":2,"victory":false,"max_hp_per_floor":[80,80,80,80,80,80,80,80,80,80,80,80,80,80,80,80,80,80,80,77,77,77,77,77,77,77,79,79,79,79,79,79,79],"card_choices":[{"not_picked":["Dropkick","Warcry","Heavy Blade"],"picked":"SKIP","floor":1},{"not_picked":["Rage","Armaments"],"picked":"Pommel Strike","floor":3},{"not_picked":["Sword Boomerang","Armaments"],"picked":"Headbutt","floor":4},{"not_picked":["Inflame","Wild Strike"],"picked":"Spot Weakness","floor":7},{"not_picked":["Shrug It Off","Clash"],"picked":"Heavy Blade","floor":8},{"not_picked":["Immolate","Pommel Strike","Entrench","Sentinel"],"picked":"SKIP","floor":10},{"not_picked":["Pummel","Clash","Pommel Strike"],"picked":"Inflame","floor":12},{"not_picked":["True Grit","Sword Boomerang","Sentinel"],"picked":"Shrug It Off","floor":13},{"not_picked":["Thunderclap","Fire Breathing","Barricade"],"picked":"Evolve","floor":14},{"not_picked":["Perfected Strike","Havoc","Infernal Blade"],"picked":"Battle Trance","floor":18},{"not_picked":["Sentinel","Inflame","Wild Strike"],"picked":"Pommel Strike+1","floor":24},{"not_picked":["Perfected Strike","Sword Boomerang","Feel No Pain+1","Shockwave"],"picked":"Singing Bowl","floor":27},{"not_picked":["Shrug It Off","Uppercut","Flex"],"picked":"Reaper","floor":29},{"not_picked":["Feel No Pain","True Grit+1","Shockwave+1"],"picked":"Warcry+1","floor":31}],"player_experience":143870,"relics_obtained":[{"floor":8,"key":"Question Card"},{"floor":9,"key":"Ornamental Fan"},{"floor":14,"key":"Vajra"},{"floor":24,"key":"Singing Bowl"},{"floor":26,"key":"Pantograph"}],"event_choices":[{"event_name":"Golden Idol","player_choice":"Take Damage","floor":2,"damage_taken":0},{"event_name":"Mushrooms","player_choice":"Healed and dodged fight","floor":11,"damage_taken":0},{"event_name":"Duplicator","player_choice":"One dupe","floor":19,"damage_taken":0},{"event_name":"Ghosts","player_choice":"Ignored","floor":22,"damage_taken":0}],"is_beta":false,"boss_relics":[{"not_picked":["Calling Bell","Astrolabe"],"picked":"Ectoplasm"}],"items_purged_floors":[5,20],"is_endless":false,"potions_floor_spawned":[1,7,10,12,29],"killed_by":"Automaton","ascension_level":5}