{"gold_per_floor":[119,138,27,39,39,73,87,87,87,120,195,33,33,44,44,122,122,135,135,112,140,140,140,150,150,175,194,194,214,214,214,214,285,285,303,303,317,176,192,256,256,274,324,324],"floor_reached":44,"playtime":2893,"items_purged":["Strike_B","Defend_B"],"score":1021,"play_id":"8882609b-a63e-4170-a4fc-bba1af898d0a","local_time":"20190721185314","is_ascension_mode":true,"campfire_choices":[{"floor":8,"key":"REST"},{"data":"Defragment","floor":13,"key":"SMITH"},{"data":"Defragment","floor":15,"key":"SMITH"},{"data":"Recycle","floor":23,"key":"SMITH"},{"data":"Coolheaded","floor":25,"key":"SMITH"},{"data":"Coolheaded","floor":28,"key":"SMITH"},{"data":"Creative AI","floor":30,"key":"SMITH"},{"data":"Reinforced Body","floor":32,"key":"SMITH"},{"data":"Defragment","floor":41,"key":"SMITH"}],"neow_cost":"NONE","seed_source_timestamp":274973381627688,"circlet_count":0,"master_deck":["AscendersBane","Defend_B","Zap","Dualcast","Coolheaded+1","Conserve Battery","Ball Lightning","Cold Snap","Compile Driver","Defragment+1","Glacier","Recycle+1","Defragment+1","Coolheaded+1","Creative AI+1","Steam","Conserve Battery+1","Reinforced Body+1","Defragment+1","Leap+1","Meteor Strike+1","Defragment+1","Parasite","Glacier"],"relics":["Cracked Core","Dream Catcher","Pantograph","Gambling Chip","Coffee Dripper","Red Mask","Oddly Smooth Stone","Astrolabe","Tiny Chest"],"potions_floor_usage":[21,44],"damage_taken":[{"damage":7,"enemies":"Jaw Worm","floor":1,"turns":3},{"damage":1,"enemies":"Small Slimes","floor":2,"turns":5},{"damage":2,"enemies":"2 Louse","floor":4,"turns":3},{"damage":19,"enemies":"3 Sentries","floor":6,"turns":8},{"damage":7,"enemies":"Large Slime","floor":7,"turns":6},{"damage":3,"enemies":"Lagavulin","floor":10,"turns":8},{"damage":6,"enemies":"Gremlin Gang","floor":14,"turns":4},{"damage":0,"enemies":"Slime Boss","floor":16,"turns":11},{"damage":6,"enemies":"3 Byrds","floor":18,"turns":5},{"damage":3,"enemies":"2 Thieves","floor":20,"turns":5},{"damage":19,"enemies":"Masked Bandits","floor":21,"turns":7},{"damage":7,"enemies":"Snecko","floor":24,"turns":7},{"damage":1,"enemies":"Chosen and Byrds","floor":27,"turns":8},{"damage":0,"enemies":"3 Cultists","floor":29,"turns":6},{"damage":16,"enemies":"Automaton","floor":33,"turns":17},{"damage":15,"enemies":"3 Darklings","floor":35,"turns":10},{"damage":1,"enemies":"3 Shapes","floor":37,"turns":6},{"damage":32,"enemies":"Spire Growth","floor":39,"turns":5},{"damage":18,"enemies":"Giant Head","floor":40,"turns":10},{"damage":0,"enemies":"Writhing Mass","floor":42,"turns":9},{"damage":46,"enemies":"2 Orb Walkers","floor":44,"turns":5}],"seed_played":"-5600036507779569608","potions_obtained":[{"floor":0,"key":"Swift Potion"},{"floor":0,"key":"SkillPotion"},{"floor":2,"key":"Fire Potion"},{"floor":21,"key":"Dexterity Potion"},{"floor":24,"key":"Fire Potion"},{"floor":35,"key":"Energy Potion"},{"floor":40,"key":"EntropicBrew"}],"is_trial":false,"path_per_floor":["M","M","$","M","?","E","M","R","T","E","?","$","R","M","R","B",null,"M","?","M","?","?","R","M","R","T","M","R","M","R","?","R","B",null,"M","?","M","$","M","E","R","M","T","?"],"character_chosen":"DEFECT","items_purchased":["Ball Lightning","Cold Snap","Defragment","Defragment"],"campfire_rested":1,"item_purchase_floors":[3,3,12,38],"current_hp_per_floor":[57,56,56,54,47,28,21,42,42,39,28,28,28,22,22,47,65,59,59,56,37,37,37,30,30,30,29,29,29,29,29,29,38,63,48,81,80,80,48,30,30,30,30,0],"gold":324,"neow_bonus":"THREE_SMALL_POTIONS","is_prod":false,"is_daily":false,"chose_seed":false,"campfire_upgraded":8,"win_rate":0,"timestamp":1563749594,"path_taken":["M","M","$","M","?","E","M","R","T","E","?","$","R","M","R","BOSS","M","?","M","?","?","R","M","R","T","M","R","?","R","?","R","BOSS","M","?","?","$","M","E","R","M","T","?"],"build_version":"2019-07-17","purchased_purges":2,"victory":false,"max_hp_per_floor":[71,71,71,71,71,71,71,71,71,71,71,71,71,71,71,71,71,71,71,71,71,71,71,71,71,71,71,71,71,71,71,71,71,71,71,81,81,81,81,81,81,81,81,81],"card_choices":[{"not_picked":["Barrage","Reprogram"],"picked":"Coolheaded","floor":1},{"not_picked":["Streamline","Coolheaded"],"picked":"Conserve Battery","floor":2},{"not_picked":["All For One","Beam Cell"],"picked":"Compile Driver","floor":4},{"not_picked":["Consume","Compile Driver"],"picked":"Defragment","floor":6},{"not_picked":["Cold Snap","Barrage"],"picked":"Glacier","floor":7},{"not_picked":["Gash","Skim"],"picked":"Recycle","floor":10},{"not_picked":["Double Energy","All For One"],"picked":"Coolheaded","floor":14},{"not_picked":["Multi-Cast","Amplify"],"picked":"Creative AI","floor":16},{"not_picked":["Skim","Go for the Eyes+1"],"picked":"Steam","floor":18},{"not_picked":["Go for the Eyes","Turbo","Barrage"],"picked":"SKIP","floor":20},{"not_picked":["Turbo","Barrage"],"picked":"Conserve Battery+1","floor":21},{"not_picked":["Gash","Beam Cell","Leap"],"picked":"SKIP","floor":24},{"not_picked":["Auto Shields","Gash","Scrape+1"],"picked":"SKIP","floor":27},{"not_picked":["Cold Snap","Compile Driver"],"picked":"Reinforced Body","floor":29},{"not_picked":["Rainbow","Thunder Strike"],"picked":"Creative AI","floor":33},{"not_picked":["Beam Cell","Cold Snap","Melter+1"],"picked":"SKIP","floor":35},{"not_picked":["Doom and Gloom","Steam","Sweeping Beam+1"],"picked":"SKIP","floor":37},{"not_picked":["Conserve Battery","Cold Snap","Leap"],"picked":"SKIP","floor":39},{"not_picked":["Chaos","Steam Power","Beam Cell"],"picked":"SKIP","floor":40},{"not_picked":["Fusion","Melter"],"picked":"Glacier","floor":42}],"player_experience":1627604,"relics_obtained":[{"floor":6,"key":"Dream Catcher"},{"floor":9,"key":"Pantograph"},{"floor":10,"key":"Gambling Chip"},{"floor":21,"key":"Red Mask"},{"floor":26,"key":"Oddly Smooth Stone"},{"floor":40,"key":"Tiny Chest"}],"event_choices":[{"cards_removed":["Strike_B"],"damage_healed":0,"gold_gain":0,"player_choice":"Card Removal","damage_taken":7,"max_hp_gain":0,"max_hp_loss":0,"event_name":"Golden Wing","floor":5,"gold_loss":0},{"damage_healed":0,"gold_gain":75,"player_choice":"Gather Gold","damage_taken":11,"max_hp_gain":0,"max_hp_loss":0,"event_name":"World of Goop","floor":11,"gold_loss":0},{"damage_healed":0,"gold_gain":0,"player_choice":"Ignored","damage_taken":0,"max_hp_gain":0,"max_hp_loss":0,"event_name":"Vampires","floor":19,"gold_loss":0},{"damage_healed":0,"gold_gain":0,"player_choice":"Fought Bandits","damage_taken":0,"max_hp_gain":0,"max_hp_loss":0,"event_name":"Masked Bandits","floor":21,"gold_loss":0},{"damage_healed":0,"gold_gain":0,"player_choice":"Got Potions","damage_taken":0,"max_hp_gain":0,"max_hp_loss":0,"event_name":"Lab","floor":22,"gold_loss":0},{"cards_removed":["Strike_B"],"damage_healed":0,"gold_gain":0,"player_choice":"Elegance","damage_taken":0,"max_hp_gain":0,"max_hp_loss":0,"event_name":"Back to Basics","floor":31,"gold_loss":0},{"cards_removed":["Creative AI"],"damage_healed":23,"gold_gain":0,"player_choice":"Offered Rare","damage_taken":0,"max_hp_gain":10,"max_hp_loss":0,"event_name":"Bonfire Elementals","floor":36,"gold_loss":0},{"damage_healed":0,"gold_gain":0,"player_choice":"Fight","damage_taken":0,"max_hp_gain":0,"max_hp_loss":0,"event_name":"Mysterious Sphere","floor":44,"gold_loss":0}],"is_beta":false,"boss_relics":[{"not_picked":["Lizard Tail","Velvet Choker"],"picked":"Coffee Dripper"},{"not_picked":["Orrery","Runic Pyramid"],"picked":"Astrolabe"}],"items_purged_floors":[12,38],"is_endless":false,"potions_floor_spawned":[2,4,14,21,24,27,29,35,40],"killed_by":"2 Orb Walkers","ascension_level":20}