{"gold_per_floor":[111,125,125,135,151,151,59,59,142,174,174,174,204,223,223,301,301,315,365,434,484,484],"floor_reached":22,"playtime":788,"items_purged":[],"score":388,"play_id":"95cef496-ac51-461f-bffa-7e5ce4952e32","local_time":"20190505125032","is_ascension_mode":true,"campfire_choices":[{"data":"Zap","floor":6,"key":"SMITH"},{"data":"Scrape","floor":8,"key":"SMITH"},{"data":"Fission","floor":12,"key":"SMITH"},{"data":"Static Discharge","floor":15,"key":"SMITH"}],"neow_cost":"NONE","seed_source_timestamp":128164333226554,"circlet_count":0,"master_deck":["AscendersBane","Strike_B","Strike_B+1","Strike_B","Strike_B","Defend_B","Defend_B","Defend_B","Defend_B","Zap+1","Dualcast","Compile Driver","Ball Lightning","Static Discharge+1","Gash+1","Scrape+1","Go for the Eyes","Fission+1","Hologram","Core Surge","Doom and Gloom+1","Darkness"],"relics":["Cracked Core","Tiny Chest","Dream Catcher","SsserpentHead","Whetstone","Sozu"],"potions_floor_usage":[10,13,16],"damage_taken":[{"damage":0,"enemies":"2 Louse","floor":1,"turns":2},{"damage":1,"enemies":"Cultist","floor":2,"turns":3},{"damage":0,"enemies":"Small Slimes","floor":4,"turns":2},{"damage":14,"enemies":"3 Louse","floor":5,"turns":4},{"damage":25,"enemies":"Lagavulin","floor":10,"turns":7},{"damage":6,"enemies":"Gremlin Nob","floor":13,"turns":3},{"damage":3,"enemies":"Looter","floor":14,"turns":2},{"damage":21,"enemies":"Hexaghost","floor":16,"turns":9},{"damage":0,"enemies":"Chosen","floor":18,"turns":2},{"damage":19,"enemies":"Spheric Guardian","floor":20,"turns":4},{"damage":20,"enemies":"Centurion and Healer","floor":22,"turns":1}],"seed_played":"-5409542759915579484","potions_obtained":[{"floor":3,"key":"Energy Potion"},{"floor":3,"key":"Strength Potion"},{"floor":5,"key":"Strength Potion"},{"floor":10,"key":"Weak Potion"},{"floor":13,"key":"Dexterity Potion"}],"is_trial":false,"path_per_floor":["M","M","?","M","M","R","$","R","T","E","?","R","E","M","R","B",null,"M","T","M","?","M"],"character_chosen":"DEFECT","items_purchased":["Scrape","Go for the Eyes"],"campfire_rested":0,"item_purchase_floors":[7,7],"current_hp_per_floor":[71,70,70,70,56,56,56,56,56,31,31,31,25,22,22,1,59,59,59,40,18,0],"gold":484,"neow_bonus":"TEN_PERCENT_HP_BONUS","is_prod":false,"is_daily":false,"chose_seed":false,"campfire_upgraded":4,"win_rate":0,"timestamp":1557075032,"path_taken":["M","M","?","?","M","R","$","R","T","E","?","R","E","M","R","BOSS","M","?","?","?","M"],"build_version":"2019-01-23","purchased_purges":0,"victory":false,"max_hp_per_floor":[78,78,78,78,78,78,78,78,78,78,78,78,78,78,78,78,78,78,78,78,83,83],"card_choices":[{"not_picked":["Stack","Hologram"],"picked":"Compile Driver","floor":1},{"not_picked":["Sweeping Beam","Static Discharge"],"picked":"Ball Lightning","floor":2},{"not_picked":["Chill","White Noise"],"picked":"Static Discharge","floor":4},{"not_picked":["Lockon","Force Field"],"picked":"Gash","floor":5},{"not_picked":["Melter","Steam Power"],"picked":"Fission","floor":10},{"not_picked":["Conserve Battery","Chaos"],"picked":"Hologram","floor":13},{"not_picked":["Conserve Battery","Hologram","Barrage"],"picked":"SKIP","floor":14},{"not_picked":["Amplify","Buffer"],"picked":"Core Surge","floor":16},{"not_picked":["Sweeping Beam","White Noise"],"picked":"Doom and Gloom+1","floor":18},{"not_picked":["Redo","Sweeping Beam"],"picked":"Darkness","floor":20}],"player_experience":1223730,"relics_obtained":[{"floor":9,"key":"Tiny Chest"},{"floor":10,"key":"Dream Catcher"},{"floor":13,"key":"Whetstone"}],"event_choices":[{"damage_healed":0,"gold_gain":0,"player_choice":"Got Potions","damage_taken":0,"max_hp_gain":0,"max_hp_loss":0,"event_name":"Lab","floor":3,"gold_loss":0},{"damage_healed":0,"gold_gain":0,"player_choice":"Trade","damage_taken":0,"relics_obtained":["SsserpentHead"],"max_hp_gain":0,"max_hp_loss":0,"event_name":"FaceTrader","floor":11,"gold_loss":0},{"damage_healed":0,"gold_gain":0,"player_choice":"Shed Blood","damage_taken":27,"max_hp_gain":5,"max_hp_loss":0,"event_name":"Forgotten Altar","floor":21,"gold_loss":0}],"is_beta":false,"boss_relics":[{"not_picked":["Nuclear Battery","Velvet Choker"],"picked":"Sozu"}],"items_purged_floors":[],"is_endless":false,"potions_floor_spawned":[5,10,13,18],"killed_by":"Centurion and Healer","ascension_level":20}