{"gold_per_floor":[111,111,130,144,157,157,175,206,206,221,221,250,51,80,80,152,152,164,16,116,127,143,143,143],"floor_reached":24,"playtime":1542,"items_purged":["Strike_R","Strike_R"],"score":441,"play_id":"73e46d23-ba5d-477f-945a-a736116ca4fd","local_time":"20190313222214","is_ascension_mode":true,"campfire_choices":[{"data":"Uppercut","floor":6,"key":"SMITH"},{"data":"Spot Weakness","floor":11,"key":"SMITH"},{"data":"Whirlwind","floor":15,"key":"SMITH"},{"floor":23,"key":"REST"}],"neow_cost":"NONE","seed_source_timestamp":435703612085244,"circlet_count":0,"master_deck":["AscendersBane","Strike_R","Strike_R","Defend_R","Defend_R","Defend_R","Defend_R","Bash","Headbutt","Sword Boomerang","Impervious","Infernal Blade","Spot Weakness+1","Clothesline","Uppercut+1","Second Wind","Whirlwind+1","Exhume","Feed","Heavy Blade","Exhume","Armaments","Offering","Shrug It Off"],"relics":["Burning Blood","Thread and Needle","Torii","The Courier","Odd Mushroom","Runic Pyramid","Bird Faced Urn","Ornamental Fan"],"potions_floor_usage":[8,12,16,20],"damage_taken":[{"damage":9,"enemies":"Small Slimes","floor":1,"turns":4},{"damage":0,"enemies":"Cultist","floor":3,"turns":2},{"damage":7,"enemies":"Jaw Worm","floor":4,"turns":4},{"damage":6,"enemies":"Looter","floor":5,"turns":3},{"damage":2,"enemies":"Exordium Wildlife","floor":7,"turns":5},{"damage":21,"enemies":"Gremlin Nob","floor":8,"turns":4},{"damage":0,"enemies":"Red Slaver","floor":10,"turns":4},{"damage":13,"enemies":"3 Sentries","floor":12,"turns":6},{"damage":3,"enemies":"The Mushroom Lair","floor":14,"turns":6},{"damage":58,"enemies":"Slime Boss","floor":16,"turns":16},{"damage":1,"enemies":"Chosen","floor":18,"turns":6},{"damage":33,"enemies":"Colosseum Slavers","floor":20,"turns":5},{"damage":6,"enemies":"Colosseum Nobs","floor":20,"turns":6},{"damage":42,"enemies":"2 Thieves","floor":21,"turns":4},{"damage":20,"enemies":"Shelled Parasite and Fungi","floor":22,"turns":8},{"damage":6,"enemies":"Book of Stabbing","floor":24,"turns":2}],"seed_played":"6298113265189605512","potions_obtained":[{"floor":4,"key":"Fruit Juice"},{"floor":7,"key":"Regen Potion"},{"floor":12,"key":"PowerPotion"},{"floor":14,"key":"Swift Potion"},{"floor":16,"key":"EssenceOfSteel"},{"floor":18,"key":"Weak Potion"},{"floor":20,"key":"SneckoOil"}],"is_trial":false,"path_per_floor":["M","?","M","M","M","R","M","E","T","M","R","E","$","?","R","B",null,"M","$","?","M","M","R","E"],"character_chosen":"IRONCLAD","items_purchased":["Feed","Offering"],"campfire_rested":1,"item_purchase_floors":[13,19],"current_hp_per_floor":[65,65,71,70,70,70,74,64,64,70,70,78,78,83,83,34,73,81,81,64,31,20,51,45],"gold":143,"neow_bonus":"TRANSFORM_CARD","is_prod":false,"is_daily":false,"chose_seed":false,"campfire_upgraded":3,"win_rate":0,"timestamp":1552530134,"path_taken":["M","?","?","M","M","R","M","E","T","M","R","E","$","?","R","BOSS","M","$","?","M","M","R","E"],"build_version":"2019-01-23","purchased_purges":2,"victory":false,"max_hp_per_floor":[75,75,75,75,75,75,75,80,80,80,80,80,80,83,83,86,86,89,89,99,102,105,105,105],"card_choices":[{"not_picked":["Wild Strike","Havoc"],"picked":"Sword Boomerang","floor":1},{"not_picked":["Reckless Charge","Seeing Red"],"picked":"Spot Weakness","floor":3},{"not_picked":["Dropkick","Entrench"],"picked":"Clothesline","floor":4},{"not_picked":["Blood for Blood","Shrug It Off"],"picked":"Uppercut","floor":5},{"not_picked":["Flex","Armaments"],"picked":"Second Wind","floor":7},{"not_picked":["Power Through","Headbutt"],"picked":"Whirlwind","floor":8},{"not_picked":["Wild Strike","Cleave","Havoc"],"picked":"SKIP","floor":10},{"not_picked":["Sword Boomerang","Wild Strike"],"picked":"Exhume","floor":12},{"not_picked":["Body Slam","Iron Wave"],"picked":"Heavy Blade","floor":14},{"not_picked":["Bludgeon","Double Tap"],"picked":"Exhume","floor":16},{"not_picked":["Perfected Strike+1","Headbutt"],"picked":"Armaments","floor":18},{"not_picked":["Sword Boomerang","Pommel Strike"],"picked":"Shrug It Off","floor":20},{"not_picked":["Body Slam","Burning Pact","Headbutt"],"picked":"SKIP","floor":21},{"not_picked":["Iron Wave+1","Warcry","Sword Boomerang"],"picked":"SKIP","floor":22}],"player_experience":852233,"relics_obtained":[{"floor":8,"key":"Thread and Needle"},{"floor":9,"key":"Torii"},{"floor":12,"key":"The Courier"},{"floor":14,"key":"Odd Mushroom"},{"floor":20,"key":"Bird Faced Urn"},{"floor":20,"key":"Ornamental Fan"}],"event_choices":[{"damage_healed":0,"gold_gain":0,"player_choice":"2 cards matched","damage_taken":0,"max_hp_gain":0,"max_hp_loss":0,"event_name":"Match and Keep!","floor":2,"gold_loss":0,"cards_obtained":["Impervious","Infernal Blade"]},{"damage_healed":0,"gold_gain":0,"player_choice":"Fought Mushrooms","damage_taken":0,"max_hp_gain":0,"max_hp_loss":0,"event_name":"Mushrooms","floor":14,"gold_loss":0},{"damage_healed":0,"gold_gain":0,"player_choice":"Fight","damage_taken":0,"max_hp_gain":0,"max_hp_loss":0,"event_name":"Colosseum","floor":20,"gold_loss":0},{"damage_healed":0,"gold_gain":0,"player_choice":"Fought Nobs","damage_taken":0,"max_hp_gain":0,"max_hp_loss":0,"event_name":"Colosseum","floor":20,"gold_loss":0}],"is_beta":false,"boss_relics":[{"not_picked":["Orrery","Eternal Feather"],"picked":"Runic Pyramid"}],"items_purged_floors":[13,19],"is_endless":false,"potions_floor_spawned":[4,7,12,14,16,18,20],"killed_by":"Book of Stabbing","ascension_level":20}