{"gold_per_floor":[111,126,126,28,39,39,65,78,78,78,111,111,124,140,140,266,266,206,206,82,82,82,82,82,82,82,82,82,82,82,2,2,2,2,2,2,2,2,2,2,2,2,2,2,2,2,2,2,2,2],"floor_reached":51,"playtime":3851,"items_purged":["Strike_R","Strike_R"],"score":1069,"play_id":"a8967d29-e1d4-4661-a36e-9be033fec052","local_time":"20180911235333","is_ascension_mode":true,"campfire_choices":[{"data":"Evolve","floor":6,"key":"SMITH"},{"data":"Inflame","floor":10,"key":"SMITH"},{"data":"Armaments","floor":15,"key":"SMITH"},{"data":"Barricade","floor":23,"key":"SMITH"},{"data":"Body Slam","floor":28,"key":"SMITH"},{"floor":30,"key":"REST"},{"data":"Battle Trance","floor":32,"key":"SMITH"},{"floor":40,"key":"REST"},{"data":"True Grit","floor":47,"key":"SMITH"},{"floor":49,"key":"REST"}],"neow_cost":"NONE","seed_source_timestamp":2317434306488853,"circlet_count":0,"master_deck":["Strike_R+1","Strike_R","Strike_R","Defend_R","Defend_R+1","Defend_R+1","Defend_R+1","Bash+1","Headbutt+1","Power Through","Shrug It Off","Armaments+1","Evolve+1","Inflame+1","Fiend Fire","Barricade+1","Intimidate+1","Body Slam+1","Battle Trance+1","Shrug It Off","Body Slam+1","Ghostly Armor+1","Second Wind+1","True Grit+1"],"relics":["Burning Blood","Bottled Flame","Pear","War Paint","Golden Idol","Ectoplasm","The Courier","Kunai","Art of War","Tiny House","Calipers","Regal Pillow","Bronze Scales","Dodecahedron","Ornamental Fan"],"potions_floor_usage":[16,24,24,24,36,45,50,50,50],"damage_taken":[{"damage":8,"enemies":"2 Louse","floor":1,"turns":4},{"damage":1,"enemies":"Cultist","floor":2,"turns":4},{"damage":7,"enemies":"Small Slimes","floor":5,"turns":3},{"damage":8,"enemies":"Lagavulin","floor":7,"turns":8},{"damage":11,"enemies":"3 Louse","floor":8,"turns":6},{"damage":25,"enemies":"3 Sentries","floor":11,"turns":7},{"damage":3,"enemies":"Blue Slaver","floor":13,"turns":3},{"damage":1,"enemies":"Exordium Wildlife","floor":14,"turns":4},{"damage":31,"enemies":"Slime Boss","floor":16,"turns":13},{"damage":9,"enemies":"2 Thieves","floor":18,"turns":4},{"damage":0,"enemies":"Spheric Guardian","floor":19,"turns":8},{"damage":0,"enemies":"Snecko","floor":21,"turns":8},{"damage":9,"enemies":"3 Cultists","floor":22,"turns":7},{"damage":50,"enemies":"Slavers","floor":24,"turns":8},{"damage":0,"enemies":"Shelled Parasite and Fungi","floor":27,"turns":7},{"damage":15,"enemies":"Champ","floor":33,"turns":11},{"damage":8,"enemies":"3 Shapes","floor":35,"turns":5},{"damage":24,"enemies":"Mysterious Sphere","floor":36,"turns":6},{"damage":22,"enemies":"3 Darklings","floor":38,"turns":9},{"damage":13,"enemies":"Spire Growth","floor":39,"turns":6},{"damage":0,"enemies":"4 Shapes","floor":41,"turns":8},{"damage":0,"enemies":"Giant Head","floor":45,"turns":6},{"damage":0,"enemies":"3 Darklings","floor":46,"turns":6},{"damage":25,"enemies":"2 Orb Walkers","floor":48,"turns":5},{"damage":63,"enemies":"Time Eater","floor":50,"turns":21}],"seed_played":"-746053309574743933","potions_obtained":[{"floor":2,"key":"Ancient Potion"},{"floor":5,"key":"SneckoOil"},{"floor":7,"key":"SpeedPotion"},{"floor":11,"key":"Block Potion"},{"floor":14,"key":"Energy Potion"},{"floor":19,"key":"AttackPotion"},{"floor":21,"key":"AttackPotion"},{"floor":33,"key":"Fire Potion"},{"floor":34,"key":"Ancient Potion"},{"floor":35,"key":"Regen Potion"},{"floor":41,"key":"Weak Potion"},{"floor":46,"key":"Explosive Potion"},{"floor":48,"key":"PowerPotion"}],"is_trial":false,"path_per_floor":["M","M","?","$","M","R","E","M","T","R","E","?","M","M","R","B",null,"M","M","$","M","M","R","E","?","T","M","R","T","R","$","R","B",null,"M","?","$","M","M","R","M","?","T","T","E","M","R","E","R","B"],"character_chosen":"IRONCLAD","items_purchased":["Shrug It Off","Armaments","Body Slam"],"campfire_rested":3,"item_purchase_floors":[4,4,20],"current_hp_per_floor":[70,75,59,59,58,58,56,51,61,61,42,42,45,50,50,25,69,66,72,72,78,75,75,31,31,31,37,37,37,61,61,61,52,80,78,60,60,44,37,63,69,69,69,69,88,88,88,69,88,31],"gold":2,"neow_bonus":"UPGRADE_CARD","is_prod":false,"is_daily":false,"chose_seed":false,"campfire_upgraded":7,"win_rate":0,"timestamp":1536724413,"path_taken":["M","M","?","$","?","R","E","M","T","R","E","?","M","M","R","BOSS","M","M","$","M","M","R","E","?","T","M","R","?","R","$","R","BOSS","M","?","?","M","M","R","M","?","T","?","E","M","R","E","R","BOSS"],"build_version":"2018-09-06","purchased_purges":2,"victory":true,"max_hp_per_floor":[80,80,80,80,80,80,80,80,90,90,90,83,83,83,83,83,83,83,83,83,83,83,83,83,83,83,83,83,83,83,83,83,83,88,88,88,88,88,88,88,88,88,88,88,88,88,88,88,88,88],"card_choices":[{"not_picked":["Perfected Strike","Heavy Blade"],"picked":"Headbutt","floor":1},{"not_picked":["Wild Strike","Dual Wield"],"picked":"Power Through","floor":2},{"not_picked":["Clothesline","Havoc"],"picked":"Evolve","floor":5},{"not_picked":["Evolve","Pummel"],"picked":"Inflame","floor":7},{"not_picked":["True Grit","Sword Boomerang"],"picked":"Fiend Fire","floor":8},{"not_picked":["Perfected Strike","Sever Soul","Armaments"],"picked":"SKIP","floor":11},{"not_picked":["Perfected Strike","Sever Soul","Armaments"],"picked":"SKIP","floor":11},{"not_picked":["Perfected Strike","Twin Strike","Rage"],"picked":"SKIP","floor":13},{"not_picked":["Anger","Rampage","Dual Wield"],"picked":"SKIP","floor":14},{"not_picked":["Juggernaut","Double Tap"],"picked":"Barricade","floor":16},{"not_picked":["Wild Strike+1","Dropkick"],"picked":"Intimidate+1","floor":18},{"not_picked":["Rupture+1","Iron Wave","Power Through"],"picked":"SKIP","floor":19},{"not_picked":["Havoc","Uppercut"],"picked":"Battle Trance","floor":21},{"not_picked":["Pommel Strike+1","Body Slam"],"picked":"Shrug It Off","floor":22},{"not_picked":["Sentinel","Blood for Blood","Perfected Strike"],"picked":"SKIP","floor":24},{"not_picked":["Wild Strike+1","Burning Pact","Armaments"],"picked":"SKIP","floor":27},{"not_picked":["Cleave","Sword Boomerang"],"picked":"Body Slam+1","floor":35},{"not_picked":["Clothesline","Combust"],"picked":"Ghostly Armor+1","floor":36},{"not_picked":["Flex","Thunderclap+1","Shrug It Off"],"picked":"SKIP","floor":38},{"not_picked":["Dropkick","Twin Strike+1"],"picked":"Second Wind+1","floor":39},{"not_picked":["Flex","Corruption+1","Evolve+1"],"picked":"SKIP","floor":41},{"not_picked":["Dropkick","Anger+1","Sever Soul+1"],"picked":"SKIP","floor":45},{"not_picked":["Thunderclap","Anger"],"picked":"True Grit","floor":46},{"not_picked":["Exhume","Spot Weakness","Searing Blow+1"],"picked":"SKIP","floor":48}],"player_experience":324711,"relics_obtained":[{"floor":7,"key":"Bottled Flame"},{"floor":9,"key":"Pear"},{"floor":11,"key":"War Paint"},{"floor":24,"key":"The Courier"},{"floor":26,"key":"Kunai"},{"floor":29,"key":"Art of War"},{"floor":36,"key":"Calipers"},{"floor":43,"key":"Regal Pillow"},{"floor":44,"key":"Bronze Scales"},{"floor":45,"key":"Dodecahedron"},{"floor":48,"key":"Ornamental Fan"}],"event_choices":[{"event_name":"Shining Light","player_choice":"Entered Light","floor":3,"damage_taken":0},{"event_name":"Golden Idol","player_choice":"Lose Max HP","floor":12,"damage_taken":0},{"event_name":"Ghosts","player_choice":"Ignored","floor":25,"damage_taken":0},{"event_name":"Mysterious Sphere","player_choice":"Fight","floor":36,"damage_taken":0},{"event_name":"The Moai Head","player_choice":"Ignored","floor":42,"damage_taken":0}],"is_beta":false,"boss_relics":[{"not_picked":["Velvet Choker","Busted Crown"],"picked":"Ectoplasm"},{"not_picked":["Runic Pyramid","Calling Bell"],"picked":"Tiny House"}],"items_purged_floors":[20,31],"is_endless":false,"potions_floor_spawned":[2,5,7,11,14,19,21,33,35,41,46,48],"ascension_level":9}