{"gold_per_floor":[115,64,29,29,29,54,65,65,65,65,83,103,103,103,103,199,199,182,182,196,72,72,72,82,102,182,182,182,182,192,192,192,287,287,301,201,201,219,1218,1218,1234,1251,1276,1286,1286,1306,1306,1324,1324,1324],"floor_reached":50,"playtime":2842,"items_purged":["Strike_R","Bash"],"score":567,"play_id":"9a739cfb-09f0-4351-b68f-0a27b36507e4","local_time":"20181004210613","is_ascension_mode":false,"campfire_choices":[{"data":"Armaments","floor":8.0,"key":"SMITH"},{"data":"True Grit","floor":13.0,"key":"SMITH"},{"data":"Offering","floor":15.0,"key":"SMITH"},{"data":"Barricade","floor":23.0,"key":"SMITH"},{"data":"True Grit","floor":27.0,"key":"SMITH"},{"floor":32.0,"key":"REST"},{"data":"Offering","floor":40.0,"key":"SMITH"},{"floor":45.0,"key":"REST"},{"floor":47.0,"key":"REST"},{"floor":49.0,"key":"REST"}],"neow_cost":"PERCENT_DAMAGE","seed_source_timestamp":1883160080784574,"circlet_count":0,"master_deck":["Defend_R","Defend_R","Defend_R","Defend_R","Carnage","Inflame","Whirlwind","Shrug It Off","Offering+1","Armaments+1","Iron Wave","True Grit+1","Barricade+1","Body Slam","True Grit+1","True Grit+1","Offering+1","Juggernaut","Warcry+1","Flame Barrier+1","Normality","Normality","Shockwave","True Grit","Battle Trance"],"special_seed":0,"relics":["Black Blood"],"potions_floor_usage":[50],"damage_taken":[{"damage":8.0,"enemies":"Jaw Worm","floor":1.0,"turns":3.0},{"damage":14.0,"enemies":"3 Sentries","floor":6.0,"turns":10.0},{"damage":6.0,"enemies":"Small Slimes","floor":7.0,"turns":2.0},{"damage":0.0,"enemies":"2 Louse","floor":11.0,"turns":1.0},{"damage":6.0,"enemies":"Large Slime","floor":12.0,"turns":3.0},{"damage":19.0,"enemies":"The Guardian","floor":16.0,"turns":12.0},{"damage":20.0,"enemies":"2 Thieves","floor":18.0,"turns":4.0},{"damage":16.0,"enemies":"Shell Parasite","floor":20.0,"turns":10.0},{"damage":6.0,"enemies":"Shelled Parasite and Fungi","floor":24.0,"turns":7.0},{"damage":18.0,"enemies":"Snake Plant","floor":25.0,"turns":7.0},{"damage":6.0,"enemies":"Cultist and Chosen","floor":30.0,"turns":9.0},{"damage":12.0,"enemies":"Colosseum Slavers","floor":31.0,"turns":6.0},{"damage":12.0,"enemies":"Champ","floor":33.0,"turns":10.0},{"damage":22.0,"enemies":"Orb Walker","floor":35.0,"turns":4.0},{"damage":12.0,"enemies":"3 Shapes","floor":38.0,"turns":7.0},{"damage":29.0,"enemies":"Maw","floor":41.0,"turns":10.0},{"damage":25.0,"enemies":"4 Shapes","floor":42.0,"turns":13.0},{"damage":36.0,"enemies":"3 Darklings","floor":44.0,"turns":7.0},{"damage":6.0,"enemies":"Maw","floor":46.0,"turns":10.0},{"damage":62.0,"enemies":"Reptomancer","floor":48.0,"turns":14.0},{"damage":62,"enemies":"Time Eater","floor":50,"turns":11}],"seed_played":"4317925556073409145","potions_obtained":[{"floor":12.0,"key":"LiquidBronze"},{"floor":18.0,"key":"Weak Potion"},{"floor":20.0,"key":"LiquidBronze"},{"floor":38.0,"key":"LiquidBronze"},{"floor":46.0,"key":"FearPotion"},{"floor":48.0,"key":"Regen Potion"}],"is_trial":false,"path_per_floor":["M","$","?","?","?","E","M","R","T","?","M","M","R","?","R","B",null,"M","?","M","$","?","R","M","M","T","R","?","?","M","?","R","B",null,"M","$","?","M","?","R","M","M","T","M","R","M","R","M","R"],"character_chosen":"IRONCLAD","items_purchased":["Shrug It Off","True Grit"],"campfire_rested":4,"item_purchase_floors":[2,21],"current_hp_per_floor":[54,54,74,67,67,59,59,59,59,59,65,65,65,65,65,52,80,70,70,64,64,49,49,53,45,45,45,45,45,49,47,72,70,85,73,73,73,71,71,71,52,37,37,11,36,40,65,13,38,0],"gold":1324,"neow_bonus":"TRANSFORM_TWO_CARDS","is_prod":false,"is_daily":false,"chose_seed":false,"campfire_upgraded":6,"win_rate":0,"timestamp":1538701573,"path_taken":["M","$","?","?","?","E","?","R","T","?","M","M","R","?","R","BOSS","M","?","M","$","?","R","M","M","T","R","?","?","?","?","R","BOSS","M","$","?","M","?","R","?","M","T","M","R","M","R","M","R","BOSS"],"build_version":"2018-09-27","purchased_purges":2,"victory":false,"max_hp_per_floor":[80,80,80,80,80,80,80,80,80,80,80,80,80,80,80,80,80,80,80,80,80,85,85,85,85,85,85,85,85,85,85,85,85,85,85,85,85,85,85,85,85,85,85,85,85,85,85,85,85,85],"card_choices":[{"not_picked":["Armaments","Warcry"],"picked":"Whirlwind","floor":1.0},{"not_picked":["Cleave","Shockwave"],"picked":"Offering","floor":6.0},{"not_picked":["Flex","Cleave"],"picked":"Armaments","floor":7.0},{"not_picked":["Perfected Strike","Iron Wave","Metallicize"],"picked":"SKIP","floor":11.0},{"not_picked":["Perfected Strike","Metallicize"],"picked":"Iron Wave","floor":11.0},{"not_picked":["Wild Strike","Cleave"],"picked":"True Grit","floor":12.0},{"not_picked":["Fiend Fire","Offering"],"picked":"Barricade","floor":16.0},{"not_picked":["Warcry","Pommel Strike+1","Perfected Strike"],"picked":"SKIP","floor":18.0},{"not_picked":["Wild Strike","Pommel Strike+1","Searing Blow+1"],"picked":"SKIP","floor":20.0},{"not_picked":["Warcry+1","Clothesline+1"],"picked":"True Grit+1","floor":24.0},{"not_picked":["Armaments+1","Iron Wave","Pommel Strike"],"picked":"SKIP","floor":25.0},{"not_picked":["Sword Boomerang","Shrug It Off"],"picked":"Offering","floor":30.0},{"not_picked":["Reaper","Dark Embrace"],"picked":"Juggernaut","floor":33.0},{"not_picked":["Combust+1","Spot Weakness"],"picked":"Warcry+1","floor":35.0},{"not_picked":["Rage+1","Cleave+1"],"picked":"Flame Barrier+1","floor":38.0},{"not_picked":["Blood for Blood+1","Perfected Strike"],"picked":"Shockwave","floor":41.0},{"not_picked":["Perfected Strike","Combust"],"picked":"True Grit","floor":42.0},{"not_picked":["Sever Soul","Clothesline+1","Blood for Blood+1"],"picked":"SKIP","floor":44.0},{"not_picked":["Cleave+1","Rampage"],"picked":"Battle Trance","floor":46.0},{"not_picked":["Carnage","Disarm","Thunderclap"],"picked":"SKIP","floor":48.0}],"player_experience":562041,"relics_obtained":[],"event_choices":[{"event_name":"The Cleric","player_choice":"Healed","floor":3.0,"damage_taken":0.0},{"event_name":"Golden Wing","player_choice":"Card Removal","floor":4.0,"damage_taken":0.0},{"event_name":"Match and Keep!","player_choice":"0 cards matched","floor":5.0,"damage_taken":0.0},{"event_name":"Dead Adventurer","player_choice":"Searched \u00270\u0027 times","floor":10.0,"damage_taken":0.0},{"event_name":"Scrap Ooze","player_choice":"unsuccessful","floor":14.0,"damage_taken":0.0},{"event_name":"The Library","player_choice":"Read","floor":19.0,"damage_taken":0.0},{"event_name":"Forgotten Altar","player_choice":"Shed Blood","floor":22.0,"damage_taken":0.0},{"event_name":"Cursed Tome","player_choice":"Ignored","floor":28.0,"damage_taken":0.0},{"event_name":"Back to Basics","player_choice":"Elegance","floor":29.0,"damage_taken":0.0},{"event_name":"Colosseum","player_choice":"Fight","floor":31.0,"damage_taken":0.0},{"event_name":"Colosseum","player_choice":"Fled From Nobs","floor":31.0,"damage_taken":0.0},{"event_name":"Tomb of Lord Red Mask","player_choice":"Ignored","floor":37.0,"damage_taken":0.0},{"event_name":"MindBloom","player_choice":"Gold","floor":39.0,"damage_taken":0.0}],"is_beta":false,"boss_relics":[{"not_picked":["Calling Bell","Coffee Dripper"],"picked":"Black Blood"},{"not_picked":["Astrolabe","Pandora\u0027s Box","Eternal Feather"]}],"items_purged_floors":[21,36],"is_endless":false,"potions_floor_spawned":[12,18,20,31,38,46,48],"killed_by":"Time Eater","ascension_level":0}