{"gold_per_floor":[114,124,124,124,46,62,62,72,146,146,176,192,192,192,192,192],"floor_reached":16,"playtime":254,"items_purged":[],"score":100,"play_id":"92294d3e-34e7-44b0-800a-f2211282dc2e","local_time":"20181012204022","is_ascension_mode":false,"campfire_choices":[{"data":"Whirlwind","floor":7,"key":"SMITH"},{"data":"Perfected Strike","floor":10,"key":"SMITH"},{"data":"Limit Break","floor":13,"key":"SMITH"},{"data":"Pommel Strike","floor":15,"key":"SMITH"}],"neow_cost":"NONE","seed_source_timestamp":260695004131823,"circlet_count":0,"master_deck":["Strike_R","Strike_R","Strike_R","Strike_R","Strike_R","Defend_R","Defend_R","Defend_R","Defend_R","Bash","Berserk+1","Iron Wave","Perfected Strike+1","Whirlwind+1","Pommel Strike+1","Limit Break+1"],"relics":["Burning Blood","Question Card","Pen Nib","Calipers"],"potions_floor_usage":[11],"damage_taken":[{"damage":8,"enemies":"Small Slimes","floor":1,"turns":3},{"damage":0,"enemies":"Cultist","floor":2,"turns":3},{"damage":6,"enemies":"Jaw Worm","floor":6,"turns":3},{"damage":14,"enemies":"Blue Slaver","floor":8,"turns":3},{"damage":6,"enemies":"Gremlin Nob","floor":11,"turns":3},{"damage":18,"enemies":"Large Slime","floor":12,"turns":4},{"damage":66,"enemies":"Hexaghost","floor":16,"turns":8}],"seed_played":"123344945735298798","potions_obtained":[{"floor":6,"key":"Swift Potion"},{"floor":8,"key":"Strength Potion"},{"floor":11,"key":"Dexterity Potion"}],"is_trial":false,"path_per_floor":["M","M","?","?","$","M","R","M","T","R","E","M","R","T","R"],"character_chosen":"IRONCLAD","items_purchased":["Whirlwind"],"campfire_rested":0,"item_purchase_floors":[5],"current_hp_per_floor":[78,80,80,80,80,80,80,72,72,72,72,60,60,60,60,0],"gold":192,"neow_bonus":"ONE_RANDOM_RARE_CARD","is_prod":false,"is_daily":false,"chose_seed":false,"campfire_upgraded":4,"win_rate":0,"timestamp":1539391222,"path_taken":["M","M","?","?","$","M","R","M","T","R","E","M","R","?","R","BOSS"],"build_version":"2018-10-11","purchased_purges":0,"victory":false,"max_hp_per_floor":[80,80,80,80,80,80,80,80,80,80,80,80,80,80,80,80],"card_choices":[{"not_picked":["Flex","Shrug It Off"],"picked":"Iron Wave","floor":1},{"not_picked":["Clothesline","Searing Blow"],"picked":"Perfected Strike","floor":2},{"not_picked":["Anger","Flex"],"picked":"Pommel Strike","floor":6},{"not_picked":["Evolve","Cleave","Corruption"],"picked":"SKIP","floor":8},{"not_picked":["Searing Blow","Corruption","Ghostly Armor","Iron Wave"],"picked":"SKIP","floor":11},{"not_picked":["Searing Blow","Cleave","Shrug It Off"],"picked":"Limit Break","floor":12}],"player_experience":595176,"relics_obtained":[{"floor":9,"key":"Question Card"},{"floor":11,"key":"Pen Nib"},{"floor":14,"key":"Calipers"}],"event_choices":[{"event_name":"The Woman in Blue","player_choice":"Bought 0 Potions","floor":3,"damage_taken":0},{"event_name":"Living Wall","player_choice":"Grow","floor":4,"damage_taken":0}],"is_beta":false,"boss_relics":[],"items_purged_floors":[],"is_endless":false,"potions_floor_spawned":[6,8,11],"killed_by":"Hexaghost","ascension_level":0}