{"gold_per_floor":[113,113,113,127,140,140,174,185,185,185,185,4,4,4,4,134,134,148,163,163,207,223,223,248,266,566,566,566,587,587,622,622,622],"floor_reached":33,"playtime":3035,"items_purged":[],"score":303,"play_id":"9a87b42b-6e4e-4c78-83cc-8c54b2af3815","local_time":"20180817133121","is_ascension_mode":true,"campfire_choices":[{"data":"True Grit","floor":6,"key":"SMITH"},{"data":"Searing Blow","floor":11,"key":"SMITH"},{"data":"Searing Blow+1","floor":13,"key":"SMITH"},{"data":"Searing Blow+2","floor":15,"key":"SMITH"},{"data":"Searing Blow+3","floor":23,"key":"SMITH"},{"data":"Searing Blow+4","floor":27,"key":"SMITH"},{"data":"Searing Blow+5","floor":32,"key":"SMITH"}],"neow_cost":"","seed_source_timestamp":120742985589264,"circlet_count":0,"master_deck":["Strike_R","Strike_R","Strike_R","Strike_R","Strike_R","Defend_R","Defend_R","Defend_R","Defend_R","Bash","True Grit+1","Shockwave","Searing Blow+6","Pommel Strike","Master of Strategy","Reaper","Bash","Forethought","Double Tap","Perfected Strike+1","Rage","Rage","Battle Trance+1","Flex","Shrug It Off","Ghostly","Ghostly","Ghostly","Ghostly","Ghostly","Armaments","Warcry","Warcry+1"],"relics":["Burning Blood","Paper Frog","Meat on the Bone","Question Card","Golden Idol","Runic Cube","Matryoshka","Red Mask","Lantern","Old Coin","Mango"],"potions_floor_usage":[],"damage_taken":[{"damage":0,"enemies":"2 Louse","floor":1,"turns":2},{"damage":6,"enemies":"Cultist","floor":4,"turns":3},{"damage":0,"enemies":"Small Slimes","floor":5,"turns":3},{"damage":48,"enemies":"3 Sentries","floor":7,"turns":12},{"damage":11,"enemies":"Blue Slaver","floor":8,"turns":5},{"damage":29,"enemies":"The Guardian","floor":16,"turns":9},{"damage":32,"enemies":"2 Thieves","floor":18,"turns":4},{"damage":17,"enemies":"3 Byrds","floor":19,"turns":5},{"damage":22,"floor":21,"turns":5},{"damage":30,"enemies":"Snecko","floor":22,"turns":4},{"damage":3,"enemies":"Cultist and Chosen","floor":24,"turns":3},{"damage":7,"enemies":"Chosen and Byrds","floor":25,"turns":5},{"damage":3,"enemies":"Shelled Parasite and Fungi","floor":29,"turns":4},{"damage":32,"enemies":"Slavers","floor":31,"turns":9},{"damage":60,"enemies":"Champ","floor":33,"turns":10}],"seed_played":"6018798117624766428","potions_obtained":[{"floor":4,"key":"Fire Potion"},{"floor":5,"key":"Block Potion"},{"floor":8,"key":"Regen Potion"},{"floor":18,"key":"Explosive Potion"}],"is_trial":false,"path_per_floor":["M","?","?","M","M","R","E","M","T","?","R","$","R","?","R","B",null,"M","M","?","?","M","R","M","M","T","R","?","M","?","E","R"],"character_chosen":"IRONCLAD","items_purchased":["Master of Strategy"],"campfire_rested":0,"item_purchase_floors":[12],"current_hp_per_floor":[80,80,80,80,80,80,38,45,45,45,45,45,45,45,45,38,74,48,50,50,46,34,34,49,48,48,48,37,37,37,45,45,0],"gold":622,"neow_bonus":"","is_prod":false,"is_daily":false,"chose_seed":false,"campfire_upgraded":7,"win_rate":0,"timestamp":1534527081,"path_taken":["M","?","?","M","?","R","E","M","T","?","R","$","R","?","R","BOSS","M","M","?","?","M","R","?","?","T","R","?","M","?","E","R","BOSS"],"build_version":"2018-08-16","purchased_purges":0,"victory":false,"max_hp_per_floor":[80,80,80,80,80,80,80,80,80,74,74,74,74,74,74,74,74,74,74,74,74,74,74,74,74,74,74,37,37,37,51,51,51],"card_choices":[{"not_picked":["Iron Wave","Sever Soul"],"picked":"Searing Blow","floor":1},{"not_picked":["Heavy Blade","Iron Wave"],"picked":"True Grit","floor":4},{"not_picked":["Cleave","Hemokinesis"],"picked":"Shockwave","floor":5},{"not_picked":["Twin Strike","Bludgeon"],"picked":"Searing Blow","floor":7},{"not_picked":["Combust","Headbutt"],"picked":"Pommel Strike","floor":8},{"not_picked":["Bludgeon","Brutality","Fiend Fire"],"picked":"Double Tap","floor":16},{"not_picked":["Combust","Iron Wave","Clothesline"],"picked":"Perfected Strike+1","floor":18},{"not_picked":["Blood for Blood","Power Through","Hemokinesis+1"],"picked":"Rage","floor":19},{"not_picked":["Ghostly Armor","Clash","Shockwave+1"],"picked":"Rage","floor":21},{"not_picked":["Twin Strike","Clash","Warcry+1"],"picked":"Battle Trance+1","floor":22},{"not_picked":["Headbutt+1","Body Slam","Heavy Blade"],"picked":"Flex","floor":24},{"not_picked":["Rampage","Sword Boomerang+1","Battle Trance+1"],"picked":"Shrug It Off","floor":25},{"not_picked":["Intimidate","Iron Wave","Shockwave"],"picked":"Armaments","floor":29},{"not_picked":["Entrench+1","Cleave","Shockwave"],"picked":"Warcry+1","floor":31}],"player_experience":25263,"relics_obtained":[{"floor":7,"key":"Meat on the Bone"},{"floor":9,"key":"Question Card"},{"floor":21,"key":"Red Mask"},{"floor":26,"key":"Lantern"},{"floor":26,"key":"Old Coin"},{"floor":31,"key":"Mango"}],"event_choices":[{"event_name":"WeMeetAgain","player_choice":"Card","floor":2,"damage_taken":0},{"event_name":"The Woman in Blue","player_choice":"Bought 0 Potions","floor":3,"damage_taken":0},{"event_name":"Golden Idol","player_choice":"Lose Max HP","floor":10,"damage_taken":0},{"event_name":"Match and Keep!","player_choice":"3 cards matched","floor":14,"damage_taken":0},{"event_name":"The Mausoleum","player_choice":"Yes","floor":20,"damage_taken":0},{"event_name":"Masked Bandits","player_choice":"Fought Bandits","floor":21,"damage_taken":0},{"event_name":"Ghosts","player_choice":"Became a Ghost","floor":28,"damage_taken":0},{"event_name":"The Library","player_choice":"Read","floor":30,"damage_taken":0}],"is_beta":false,"boss_relics":[{"not_picked":["Ectoplasm","Empty Cage"],"picked":"Runic Cube"}],"items_purged_floors":[],"is_endless":false,"potions_floor_spawned":[4,5,8,18,19,22,29],"killed_by":"Champ","ascension_level":1}