{"gold_per_floor":[112,112,130,130,142,142,176,176,176,24,24,24,34,66,66,163,163,180,191,210,210,222,222,321,353,353,381,381,11,11,11,11,106,106,124,137,156,256,96,152,183,33,33,33,33,33,53,69,69,69,69,69,34,69,69],"floor_reached":56,"playtime":3532,"items_purged":["Strike_G","Strike_G","Strike_G","Strike_G+1"],"score":1405,"play_id":"cb1411e3-fefd-4db0-9f6c-ffac76376be7","local_time":"20190711125526","is_ascension_mode":true,"campfire_choices":[{"data":"Footwork","floor":6,"key":"SMITH"},{"data":"Neutralize","floor":8,"key":"SMITH"},{"data":"Footwork","floor":11,"key":"SMITH"},{"floor":15,"key":"REST"},{"floor":23,"key":"REST"},{"data":"Noxious Fumes","floor":28,"key":"SMITH"},{"floor":30,"key":"REST"},{"data":"Footwork","floor":32,"key":"SMITH"},{"floor":44,"key":"REST"},{"data":"Catalyst","floor":45,"key":"SMITH"},{"floor":46,"key":"RECALL"},{"floor":49,"key":"REST"},{"data":"Tactician","floor":52,"key":"SMITH"}],"neow_cost":"NONE","seed_source_timestamp":630935466667,"circlet_count":0,"master_deck":["Strike_G+1","Defend_G","Defend_G","Defend_G","Defend_G","Defend_G","Survivor","Neutralize+1","Footwork+1","Footwork+1","Noxious Fumes+1","Escape Plan","Footwork+1","Tactician+1","Blur+1","Noxious Fumes","Noxious Fumes+1","Adrenaline","Acrobatics","Deadly Poison","Catalyst+1","Catalyst+1","Backflip+1","Blur"],"special_seed":0,"relics":["Ring of the Snake","Whetstone","NlothsMask","FossilizedHelix","Bronze Scales","Lizard Tail","Letter Opener","Anchor","Bag of Preparation","DollysMirror","Black Star","WingedGreaves","Centennial Puzzle","Tiny Chest","The Specimen","Pen Nib","Vajra","Paper Crane"],"potions_floor_usage":[22,27,33,40,40,50,55],"damage_taken":[{"damage":0,"enemies":"Small Slimes","floor":1,"turns":2},{"damage":0,"enemies":"Jaw Worm","floor":3,"turns":6},{"damage":0,"enemies":"Cultist","floor":5,"turns":5},{"damage":23,"enemies":"3 Sentries","floor":7,"turns":13},{"damage":0,"enemies":"Red Slaver","floor":13,"turns":7},{"damage":9,"enemies":"Gremlin Nob","floor":14,"turns":6},{"damage":0,"enemies":"The Guardian","floor":16,"turns":12},{"damage":0,"enemies":"Chosen","floor":18,"turns":7},{"damage":6,"enemies":"Spheric Guardian","floor":19,"turns":8},{"damage":12,"enemies":"Shelled Parasite and Fungi","floor":20,"turns":7},{"damage":0,"enemies":"Centurion and Healer","floor":22,"turns":11},{"damage":0,"enemies":"Book of Stabbing","floor":25,"turns":9},{"damage":23,"enemies":"Slavers","floor":27,"turns":7},{"damage":14,"enemies":"Collector","floor":33,"turns":9},{"damage":4,"enemies":"3 Shapes","floor":35,"turns":4},{"damage":0,"enemies":"3 Darklings","floor":36,"turns":6},{"damage":10,"enemies":"Transient","floor":37,"turns":5},{"damage":0,"enemies":"Mind Bloom Boss Battle","floor":38,"turns":8},{"damage":26,"enemies":"Reptomancer","floor":40,"turns":7},{"damage":8,"enemies":"Nemesis","floor":41,"turns":8},{"damage":0,"enemies":"4 Shapes","floor":47,"turns":5},{"damage":20,"enemies":"Spire Growth","floor":48,"turns":5},{"damage":0,"enemies":"Donu and Deca","floor":50,"turns":7},{"damage":19,"enemies":"Shield and Spear","floor":54,"turns":7},{"damage":40,"enemies":"The Heart","floor":55,"turns":10}],"seed_played":"-993189044511185003","potions_obtained":[{"floor":1,"key":"LiquidBronze"},{"floor":5,"key":"GamblersBrew"},{"floor":7,"key":"LiquidBronze"},{"floor":16,"key":"Block Potion"},{"floor":22,"key":"FearPotion"},{"floor":27,"key":"Ancient Potion"},{"floor":33,"key":"Block Potion"},{"floor":38,"key":"SkillPotion"},{"floor":40,"key":"GhostInAJar"}],"is_trial":false,"path_per_floor":["M","?","M","?","M","R","E","R","T","$","R","$","M","E","R","B",null,"M","M","M","?","M","R","?","E","T","E","R","$","R","$","R","B",null,"M","M","M","?","$","E","E","$","T","R","R","R","M","M","R","B",null,"R","$","E","B",null],"character_chosen":"THE_SILENT","items_purchased":["Footwork","Noxious Fumes","DollysMirror","Catalyst","Blur"],"campfire_rested":5,"item_purchase_floors":[10,29,29,39,53],"current_hp_per_floor":[70,67,67,67,67,67,44,44,44,44,44,44,44,35,56,56,70,70,64,52,39,39,61,61,61,61,38,38,38,60,60,60,46,75,71,71,61,61,61,35,27,27,27,49,49,49,49,29,51,51,75,75,75,56,16],"gold":69,"neow_bonus":"RANDOM_COMMON_RELIC","is_prod":false,"is_daily":false,"chose_seed":false,"campfire_upgraded":7,"win_rate":0,"timestamp":1562864126,"path_taken":["M","?","M","?","?","R","E","R","T","$","R","?","M","E","R","BOSS","M","M","M","?","M","R","?","E","T","E","R","$","R","$","R","BOSS","M","M","M","?","$","E","E","$","T","R","R","R","M","M","R","BOSS","R","$","E","BOSS"],"build_version":"2019-07-05","purchased_purges":4,"victory":true,"max_hp_per_floor":[70,70,70,70,70,70,70,70,70,70,70,70,70,70,70,70,70,70,70,70,75,75,75,75,75,75,75,75,75,75,75,75,75,75,75,75,75,75,75,75,75,75,75,75,75,75,75,75,75,75,75,75,75,75,75],"card_choices":[{"not_picked":["Infinite Blades","Dodge and Roll","Prepared"],"picked":"SKIP","floor":1},{"not_picked":["Reflex","Dagger Spray"],"picked":"Footwork","floor":3},{"not_picked":["Leg Sweep","Outmaneuver","Poisoned Stab"],"picked":"SKIP","floor":5},{"not_picked":["Bane","Eviscerate","PiercingWail"],"picked":"SKIP","floor":7},{"not_picked":["Skewer","Masterful Stab","Prepared"],"picked":"SKIP","floor":13},{"not_picked":["Flying Knee","Slice"],"picked":"Noxious Fumes","floor":14},{"not_picked":["Dagger Spray+1","Expertise","Quick Slash"],"picked":"SKIP","floor":18},{"not_picked":["Deflect+1","Blade Dance+1"],"picked":"Escape Plan","floor":19},{"not_picked":["Poisoned Stab+1","Blade Dance"],"picked":"Footwork","floor":20},{"not_picked":["Dodge and Roll+1","Cloak And Dagger"],"picked":"Tactician","floor":22},{"not_picked":["Bullet Time","Sucker Punch+1"],"picked":"Blur+1","floor":25},{"not_picked":["Poisoned Stab","Quick Slash","Underhanded Strike+1"],"picked":"SKIP","floor":27},{"not_picked":["Burst","Corpse Explosion"],"picked":"Adrenaline","floor":33},{"not_picked":["Endless Agony","Leg Sweep","Flying Knee"],"picked":"SKIP","floor":35},{"not_picked":["Expertise+1","Caltrops"],"picked":"Acrobatics","floor":36},{"not_picked":["Finisher+1","Concentrate"],"picked":"Deadly Poison","floor":37},{"not_picked":["Accuracy+1","Sucker Punch+1","Endless Agony+1"],"picked":"SKIP","floor":40},{"not_picked":["All Out Attack","Flechettes"],"picked":"Catalyst+1","floor":41},{"not_picked":["Slice+1","Poisoned Stab+1"],"picked":"Backflip+1","floor":47},{"not_picked":["Setup","PiercingWail+1","Quick Slash+1"],"picked":"SKIP","floor":48},{"not_picked":["Underhanded Strike+1","Heel Hook+1","Flechettes"],"picked":"SKIP","floor":54}],"player_experience":107832,"relics_obtained":[{"floor":7,"key":"FossilizedHelix"},{"floor":14,"key":"Bronze Scales"},{"floor":25,"key":"Letter Opener"},{"floor":26,"key":"Anchor"},{"floor":27,"key":"Bag of Preparation"},{"floor":38,"key":"WingedGreaves"},{"floor":40,"key":"Centennial Puzzle"},{"floor":40,"key":"Tiny Chest"},{"floor":41,"key":"The Specimen"},{"floor":41,"key":"Pen Nib"},{"floor":54,"key":"Vajra"},{"floor":54,"key":"Paper Crane"}],"event_choices":[{"damage_healed":0,"gold_gain":0,"player_choice":"Fled","damage_taken":3,"max_hp_gain":0,"max_hp_loss":0,"event_name":"Scrap Ooze","floor":2,"gold_loss":0},{"damage_healed":0,"gold_gain":0,"player_choice":"Trade","damage_taken":0,"relics_obtained":["NlothsMask"],"max_hp_gain":0,"max_hp_loss":0,"event_name":"FaceTrader","floor":4,"gold_loss":0},{"damage_healed":0,"gold_gain":0,"player_choice":"Shed Blood","damage_taken":18,"max_hp_gain":5,"max_hp_loss":0,"event_name":"Forgotten Altar","floor":21,"gold_loss":0},{"damage_healed":0,"gold_gain":99,"player_choice":"Stole From Cult","damage_taken":0,"max_hp_gain":0,"max_hp_loss":0,"event_name":"Nest","floor":24,"gold_loss":0},{"damage_healed":0,"gold_gain":0,"player_choice":"Fight","damage_taken":0,"max_hp_gain":0,"max_hp_loss":0,"event_name":"MindBloom","floor":38,"gold_loss":0}],"is_beta":false,"boss_relics":[{"not_picked":["WristBlade","Eternal Feather"],"picked":"Lizard Tail"},{"not_picked":["HoveringKite","Ring of the Serpent"],"picked":"Black Star"}],"items_purged_floors":[10,29,39,42],"is_endless":false,"potions_floor_spawned":[1,5,7,16,19,22,27,33,36,38,40],"ascension_level":1}