{"gold_per_floor":[114,114,133,152,171,171,185,185,253,253,282,296,296,309,309,406,406,426,442,442,442,453,453,488,488],"floor_reached":25,"playtime":1369,"items_purged":[],"score":225,"play_id":"262a6634-9a9f-4a0a-adbd-d0d33ed08080","local_time":"20190713170729","is_ascension_mode":false,"campfire_choices":[{"data":"Zap","floor":6,"key":"SMITH"},{"data":"Heatsinks","floor":8,"key":"SMITH"},{"data":"Streamline","floor":13,"key":"SMITH"},{"floor":15,"key":"REST"},{"floor":23,"key":"REST"}],"neow_cost":"NONE","seed_source_timestamp":111221640006416,"circlet_count":0,"master_deck":["Strike_B","Strike_B","Strike_B","Defend_B","Defend_B","Defend_B","Defend_B","Zap+1","Dualcast","Ball Lightning","Heatsinks+1","Streamline+1","Self Repair","Glacier","Chill+1","Melter","FTL+1","Thunder Strike+1","Biased Cognition","Streamline","Darkness","Go for the Eyes","Redo","Coolheaded","BootSequence","Chaos","Pain","Genetic Algorithm","Auto Shields"],"relics":["Cracked Core","Vajra","Sundial","Bird Faced Urn","Orrery","Enchiridion","WarpedTongs","Whetstone"],"potions_floor_usage":[4,18],"damage_taken":[{"damage":7,"enemies":"2 Louse","floor":1,"turns":3},{"damage":1,"enemies":"Cultist","floor":3,"turns":3},{"damage":2,"enemies":"Small Slimes","floor":4,"turns":3},{"damage":13,"enemies":"2 Fungi Beasts","floor":5,"turns":3},{"damage":10,"enemies":"Looter","floor":7,"turns":3},{"damage":23,"enemies":"Gremlin Nob","floor":11,"turns":5},{"damage":1,"enemies":"Gremlin Gang","floor":12,"turns":5},{"damage":0,"enemies":"3 Louse","floor":14,"turns":3},{"damage":37,"enemies":"Hexaghost","floor":16,"turns":9},{"damage":40,"enemies":"2 Thieves","floor":18,"turns":4},{"damage":18,"enemies":"3 Byrds","floor":19,"turns":6},{"damage":5,"enemies":"Cultist and Chosen","floor":22,"turns":6},{"damage":35,"enemies":"Book of Stabbing","floor":24,"turns":7},{"damage":40,"enemies":"3 Cultists","floor":25,"turns":4}],"seed_played":"-487251962401223679","potions_obtained":[{"floor":3,"key":"GamblersBrew"},{"floor":4,"key":"Fruit Juice"},{"floor":11,"key":"AttackPotion"},{"floor":12,"key":"SpeedPotion"},{"floor":18,"key":"GamblersBrew"},{"floor":24,"key":"Weak Potion"}],"is_trial":false,"path_per_floor":["M","?","M","M","M","R","M","R","T","?","E","M","R","M","R","B",null,"M","M","?","?","M","R","E","M"],"character_chosen":"DEFECT","items_purchased":[],"campfire_rested":2,"item_purchase_floors":[],"current_hp_per_floor":[68,68,67,70,64,64,61,61,61,61,45,55,55,57,80,52,80,51,46,30,30,38,62,31,0],"gold":488,"neow_bonus":"RANDOM_COMMON_RELIC","is_prod":false,"is_daily":false,"chose_seed":false,"campfire_upgraded":3,"win_rate":0.0,"timestamp":1563052049,"path_taken":["M","?","?","?","?","R","M","R","T","?","E","M","R","M","R","BOSS","M","M","?","?","?","R","E","M"],"build_version":"2019-07-05","purchased_purges":0,"victory":false,"max_hp_per_floor":[75,75,75,80,80,80,80,80,80,80,80,80,80,80,80,80,80,80,80,80,80,80,80,80,80],"card_choices":[{"not_picked":["Barrage","Rip and Tear"],"picked":"Ball Lightning","floor":1},{"not_picked":["Leap","Reprogram"],"picked":"Streamline","floor":3},{"not_picked":["Coolheaded","Turbo"],"picked":"Self Repair","floor":4},{"not_picked":["Ball Lightning","Gash"],"picked":"Glacier","floor":5},{"not_picked":["Steam","FTL"],"picked":"Chill","floor":7},{"not_picked":["Sweeping Beam","Steam"],"picked":"Melter","floor":11},{"not_picked":["Aggregate","Gash"],"picked":"FTL","floor":12},{"not_picked":["Consume","Barrage"],"picked":"Thunder Strike","floor":14},{"not_picked":["Meteor Strike","Echo Form"],"picked":"Biased Cognition","floor":16},{"not_picked":["Melter","Chaos"],"picked":"Streamline","floor":17},{"not_picked":["Sweeping Beam","Rip and Tear"],"picked":"Darkness","floor":17},{"not_picked":["Buffer","Stack"],"picked":"Go for the Eyes","floor":17},{"not_picked":["Leap","Rebound"],"picked":"Redo","floor":17},{"not_picked":["Ball Lightning","Go for the Eyes"],"picked":"Coolheaded","floor":17},{"not_picked":["Ball Lightning","Turbo"],"picked":"BootSequence","floor":18},{"not_picked":["Turbo","Conserve Battery"],"picked":"Chaos","floor":19},{"not_picked":["Skim","Streamline"],"picked":"Genetic Algorithm","floor":22},{"not_picked":["Heatsinks+1","Go for the Eyes+1"],"picked":"Auto Shields","floor":24}],"player_experience":37903,"relics_obtained":[{"floor":9,"key":"Sundial"},{"floor":11,"key":"Bird Faced Urn"},{"floor":20,"key":"Enchiridion"},{"floor":24,"key":"Whetstone"}],"event_choices":[{"damage_healed":0,"gold_gain":0,"cards_transformed":["Strike_B"],"player_choice":"Transformed","damage_taken":0,"max_hp_gain":0,"max_hp_loss":0,"event_name":"Transmorgrifier","floor":2,"gold_loss":0,"cards_obtained":["Heatsinks"]},{"damage_healed":0,"gold_gain":0,"player_choice":"Grow","damage_taken":0,"max_hp_gain":0,"max_hp_loss":0,"event_name":"Living Wall","floor":10,"gold_loss":0,"cards_upgraded":["Chill"]},{"damage_healed":0,"gold_gain":0,"player_choice":"Obtained Book","damage_taken":16,"max_hp_gain":0,"max_hp_loss":0,"event_name":"Cursed Tome","floor":20,"gold_loss":0},{"damage_healed":0,"gold_gain":0,"player_choice":"Rummage","damage_taken":0,"relics_obtained":["WarpedTongs"],"max_hp_gain":0,"max_hp_loss":0,"event_name":"Accursed Blacksmith","floor":21,"gold_loss":0,"cards_obtained":["Pain"]}],"is_beta":false,"boss_relics":[{"not_picked":["Eternal Feather","Runic Pyramid"],"picked":"Orrery"}],"items_purged_floors":[],"is_endless":false,"potions_floor_spawned":[3,4,11,12,18,24],"killed_by":"3 Cultists","ascension_level":0}