{"gold_per_floor":[113,133,58,58,68,68,103,103,103,103,103,113,27,39,39,142,142,154,1,17,17,17,17,17,17,99,199,219,236,250,264,264,364,414,424,424,442,456,469,469,51,68,142,142,155,155,155,171,171,171],"floor_reached":50,"playtime":2403,"items_purged":["Strike_R","Defend_R"],"score":471,"play_id":"3cb21cb3-a6d9-4123-86ba-9ca48aa393a2","local_time":"20190715184507","is_ascension_mode":false,"campfire_choices":[{"data":"Whirlwind","floor":6,"key":"SMITH"},{"data":"Barricade","floor":11,"key":"SMITH"},{"data":"Disarm","floor":15,"key":"SMITH"},{"data":"Flame Barrier","floor":23,"key":"SMITH"},{"data":"Demon Form","floor":25,"key":"SMITH"},{"floor":32,"key":"REST"},{"floor":40,"key":"REST"},{"data":"Double Tap","floor":44,"key":"SMITH"},{"data":"Heavy Blade","floor":47,"key":"SMITH"},{"floor":49,"key":"REST"}],"neow_cost":"NONE","seed_source_timestamp":39280938833237,"circlet_count":0,"master_deck":["Defend_R","Defend_R","Defend_R+1","Bash","Purity","Whirlwind+1","Spot Weakness","Combust","Barricade+1","Inflame","Shrug It Off","Disarm+1","Demon Form+1","Shockwave","Flame Barrier+1","Shame","Bite","Bite","Bite","Bite","Flame Barrier","Double Tap+1","Armaments+1","Shrug It Off","Feed","Rage+1","Dual Wield+1","Heavy Blade+1","Mayhem","Reaper","Iron Wave","Parasite","Heavy Blade"],"relics":["Burning Blood","Meat on the Bone","Vajra","Orichalcum","Philosopher\u0027s Stone","Oddly Smooth Stone","Question Card","Letter Opener","Matryoshka","Calipers","Tiny House","Blood Vial","Ornamental Fan","Potion Belt"],"potions_floor_usage":[16,27,27,31,33,33,39,39,39,50,50],"damage_taken":[{"damage":10,"enemies":"Jaw Worm","floor":1,"turns":4},{"damage":8,"enemies":"2 Louse","floor":2,"turns":3},{"damage":5,"enemies":"Small Slimes","floor":5,"turns":4},{"damage":14,"enemies":"3 Sentries","floor":7,"turns":3},{"damage":0,"enemies":"3 Louse","floor":12,"turns":1},{"damage":13,"enemies":"Exordium Wildlife","floor":14,"turns":3},{"damage":36,"enemies":"Slime Boss","floor":16,"turns":8},{"damage":13,"enemies":"Shell Parasite","floor":18,"turns":5},{"damage":14,"enemies":"3 Byrds","floor":20,"turns":3},{"damage":17,"enemies":"Colosseum Slavers","floor":27,"turns":3},{"damage":26,"enemies":"Colosseum Nobs","floor":27,"turns":6},{"damage":28,"enemies":"Shelled Parasite and Fungi","floor":28,"turns":6},{"damage":15,"enemies":"Centurion and Healer","floor":29,"turns":7},{"damage":12,"enemies":"Snake Plant","floor":30,"turns":4},{"damage":49,"enemies":"Sentry and Sphere","floor":31,"turns":8},{"damage":57,"enemies":"Automaton","floor":33,"turns":13},{"damage":14,"enemies":"3 Darklings","floor":35,"turns":3},{"damage":0,"enemies":"3 Shapes","floor":37,"turns":1},{"damage":26,"enemies":"3 Darklings","floor":38,"turns":3},{"damage":44,"enemies":"Writhing Mass","floor":39,"turns":7},{"damage":30,"enemies":"4 Shapes","floor":42,"turns":3},{"damage":47,"enemies":"Maw","floor":45,"turns":10},{"damage":33,"enemies":"Writhing Mass","floor":48,"turns":9},{"damage":90,"enemies":"Donu and Deca","floor":50,"turns":5}],"seed_played":"1040972387834245904","potions_obtained":[{"floor":1,"key":"Strength Potion"},{"floor":5,"key":"EssenceOfSteel"},{"floor":16,"key":"Fire Potion"},{"floor":18,"key":"SpeedPotion"},{"floor":28,"key":"LiquidBronze"},{"floor":30,"key":"Explosive Potion"},{"floor":31,"key":"Block Potion"},{"floor":34,"key":"PowerPotion"},{"floor":35,"key":"Dexterity Potion"},{"floor":38,"key":"Strength Potion"},{"floor":39,"key":"Weak Potion"},{"floor":42,"key":"Strength Potion"}],"is_trial":false,"path_per_floor":["M","M","$","?","M","R","E","?","T","?","R","M","$","M","R","B",null,"M","$","M","?","$","R","?","R","T","?","M","M","M","M","R","B",null,"M","?","M","M","M","R","$","M","T","R","M","?","R","M","R","B"],"character_chosen":"IRONCLAD","items_purchased":["Inflame","Shrug It Off","Oddly Smooth Stone","Mayhem","Blood Vial"],"campfire_rested":3,"item_purchase_floors":[13,13,19,41,41],"current_hp_per_floor":[76,74,74,79,80,80,72,65,65,53,53,59,59,52,52,34,85,78,78,70,70,70,70,59,59,59,40,36,39,37,23,40,37,64,56,56,62,46,35,54,54,48,48,48,40,40,40,49,67,0],"gold":171,"neow_bonus":"RANDOM_COLORLESS","is_prod":false,"is_daily":false,"chose_seed":false,"campfire_upgraded":7,"win_rate":0.0,"timestamp":1563230707,"path_taken":["M","M","$","?","M","R","E","?","T","?","R","M","?","M","R","BOSS","M","$","M","?","$","R","?","R","T","?","M","?","M","M","R","BOSS","M","?","M","?","M","R","$","M","T","R","M","?","R","M","R","BOSS"],"build_version":"2019-07-05","purchased_purges":2,"victory":false,"max_hp_per_floor":[80,80,80,85,85,85,85,85,85,85,85,85,85,85,85,85,85,85,85,85,85,85,85,59,59,59,59,59,59,59,59,59,59,64,64,64,64,64,64,64,64,64,64,64,67,67,67,67,67,67],"card_choices":[{"not_picked":["Anger","Flex"],"picked":"Whirlwind","floor":1},{"not_picked":["Cleave","Twin Strike"],"picked":"Spot Weakness","floor":2},{"not_picked":["Cleave","Ghostly Armor"],"picked":"Combust","floor":5},{"not_picked":["Perfected Strike","Wild Strike"],"picked":"Barricade","floor":7},{"not_picked":["Seeing Red","Shockwave","Warcry"],"picked":"SKIP","floor":12},{"not_picked":["Cleave","Pommel Strike"],"picked":"Disarm","floor":14},{"not_picked":["Fiend Fire","Impervious"],"picked":"Demon Form","floor":16},{"not_picked":["Cleave","Thunderclap"],"picked":"Shockwave","floor":18},{"not_picked":["Clothesline","Headbutt"],"picked":"Flame Barrier","floor":20},{"not_picked":["Flex","Clash","True Grit"],"picked":"Flame Barrier","floor":27},{"not_picked":["Anger","Shrug It Off","Clash"],"picked":"Double Tap","floor":28},{"not_picked":["Headbutt","Pommel Strike","Iron Wave"],"picked":"Armaments+1","floor":29},{"not_picked":["Heavy Blade","Reckless Charge","Wild Strike"],"picked":"Shrug It Off","floor":30},{"not_picked":["Iron Wave","Anger","Shockwave","Clash"],"picked":"SKIP","floor":31},{"not_picked":["Barricade","Double Tap","Fiend Fire"],"picked":"Feed","floor":33},{"not_picked":["Pommel Strike","Second Wind","Clash"],"picked":"Rage+1","floor":34},{"not_picked":["Pommel Strike","Ghostly Armor+1","Corruption"],"picked":"Dual Wield+1","floor":35},{"not_picked":["Body Slam","Second Wind+1","Perfected Strike+1","Pommel Strike"],"picked":"SKIP","floor":37},{"not_picked":["Headbutt","Perfected Strike+1","Thunderclap+1","Twin Strike+1"],"picked":"SKIP","floor":38},{"not_picked":["Inflame","Entrench","True Grit"],"picked":"Heavy Blade","floor":39},{"not_picked":["Clothesline","Armaments","Rupture+1"],"picked":"Reaper","floor":42},{"not_picked":["Blood for Blood","Perfected Strike","Shrug It Off","Clothesline+1"],"picked":"SKIP","floor":45},{"not_picked":["Seeing Red","Barricade","Hemokinesis"],"picked":"Heavy Blade","floor":48}],"player_experience":60778,"relics_obtained":[{"floor":7,"key":"Meat on the Bone"},{"floor":9,"key":"Vajra"},{"floor":26,"key":"Letter Opener"},{"floor":27,"key":"Matryoshka"},{"floor":27,"key":"Calipers"},{"floor":43,"key":"Ornamental Fan"},{"floor":43,"key":"Potion Belt"}],"event_choices":[{"damage_healed":0,"gold_gain":0,"player_choice":"Donut","damage_taken":0,"max_hp_gain":5,"max_hp_loss":0,"event_name":"Big Fish","floor":4,"gold_loss":0},{"cards_removed":["Strike_R"],"damage_healed":0,"gold_gain":0,"player_choice":"Card Removal","damage_taken":7,"max_hp_gain":0,"max_hp_loss":0,"event_name":"Golden Wing","floor":8,"gold_loss":0},{"damage_healed":0,"gold_gain":0,"player_choice":"Success","damage_taken":12,"relics_obtained":["Orichalcum"],"max_hp_gain":0,"max_hp_loss":0,"event_name":"Scrap Ooze","floor":10,"gold_loss":0},{"damage_healed":0,"gold_gain":0,"player_choice":"Stole Relic","damage_taken":0,"relics_obtained":["Question Card"],"max_hp_gain":0,"max_hp_loss":0,"event_name":"Addict","floor":21,"gold_loss":0,"cards_obtained":["Shame"]},{"damage_healed":0,"gold_gain":0,"player_choice":"Became a vampire","damage_taken":0,"max_hp_gain":0,"max_hp_loss":26,"event_name":"Vampires","floor":24,"gold_loss":0,"cards_obtained":["Bite","Bite","Bite","Bite","Bite"]},{"damage_healed":0,"gold_gain":0,"player_choice":"Fight","damage_taken":0,"max_hp_gain":0,"max_hp_loss":0,"event_name":"Colosseum","floor":27,"gold_loss":0},{"damage_healed":0,"gold_gain":0,"player_choice":"Fought Nobs","damage_taken":0,"max_hp_gain":0,"max_hp_loss":0,"event_name":"Colosseum","floor":27,"gold_loss":0},{"damage_healed":0,"gold_gain":0,"player_choice":"Leave","damage_taken":0,"max_hp_gain":0,"max_hp_loss":0,"event_name":"FaceTrader","floor":36,"gold_loss":0},{"cards_removed":["Bite"],"damage_healed":0,"gold_gain":0,"player_choice":"Took Card","damage_taken":0,"max_hp_gain":0,"max_hp_loss":0,"event_name":"NoteForYourself","floor":46,"gold_loss":0,"cards_obtained":["Iron Wave"]}],"is_beta":false,"boss_relics":[{"not_picked":["Ectoplasm","Runic Pyramid"],"picked":"Philosopher\u0027s Stone"},{"not_picked":["Astrolabe","Black Blood"],"picked":"Tiny House"}],"items_purged_floors":[3,41],"is_endless":false,"potions_floor_spawned":[1,5,16,18,27,28,30,31,35,38,39,42],"killed_by":"Donu and Deca","ascension_level":0}