{"gold_per_floor":[109,34,45,45,58,58,73,103,181,199,199,199,212,11,11,113,113,126,26,37,56,72,72,85,85,85,45,55,55],"floor_reached":29,"playtime":1528,"items_purged":["Defend_B","Defend_B"],"score":254,"play_id":"332ca658-abc1-4cf5-9f1f-b5257befae72","local_time":"20190701030232","is_ascension_mode":true,"campfire_choices":[{"data":"Glacier","floor":6,"key":"SMITH"},{"floor":11,"key":"REST"},{"floor":15,"key":"REST"},{"floor":23,"key":"REST"},{"floor":25,"key":"RECALL"}],"neow_cost":"NONE","seed_source_timestamp":17905199997000,"circlet_count":0,"master_deck":["Strike_B","Strike_B","Strike_B+1","Strike_B+1","Defend_B","Defend_B+1","Zap","Dualcast","Glacier+1","Heatsinks","BootSequence","Doom and Gloom","Stack+1","Melter","Doom and Gloom","Cold Snap","Redo","Rainbow","Steam","Auto Shields","Turbo","Multi-Cast","Coolheaded","Self Repair+1"],"relics":["Cracked Core","Whetstone","Bag of Preparation","Bottled Tornado","Pocketwatch","War Paint","Velvet Choker"],"potions_floor_usage":[21,22,22,24,28,28,29],"damage_taken":[{"damage":0,"enemies":"Cultist","floor":1,"turns":3},{"damage":4,"enemies":"Jaw Worm","floor":3,"turns":4},{"damage":1,"enemies":"2 Louse","floor":4,"turns":3},{"damage":12,"enemies":"Exordium Wildlife","floor":5,"turns":3},{"damage":6,"enemies":"Lots of Slimes","floor":7,"turns":3},{"damage":18,"enemies":"3 Sentries","floor":8,"turns":8},{"damage":7,"enemies":"Gremlin Gang","floor":10,"turns":4},{"damage":0,"enemies":"2 Fungi Beasts","floor":13,"turns":2},{"damage":18,"enemies":"Hexaghost","floor":16,"turns":12},{"damage":24,"enemies":"2 Thieves","floor":18,"turns":3},{"damage":0,"enemies":"Spheric Guardian","floor":20,"turns":3},{"damage":4,"enemies":"Snecko","floor":21,"turns":5},{"damage":11,"enemies":"3 Cultists","floor":22,"turns":4},{"damage":15,"enemies":"Shelled Parasite and Fungi","floor":24,"turns":5},{"damage":12,"enemies":"Centurion and Healer","floor":28,"turns":5},{"damage":35,"enemies":"Book of Stabbing","floor":29,"turns":8}],"seed_played":"-6339552839547081550","potions_obtained":[{"floor":3,"key":"FocusPotion"},{"floor":7,"key":"SteroidPotion"},{"floor":13,"key":"Strength Potion"},{"floor":16,"key":"Block Potion"},{"floor":18,"key":"Block Potion"},{"floor":21,"key":"AttackPotion"},{"floor":27,"key":"Fire Potion"},{"floor":27,"key":"Poison Potion"},{"floor":27,"key":"PowerPotion"}],"is_trial":false,"path_per_floor":["M","$","M","M","M","R","M","E","T","M","R","?","M","$","R","B",null,"M","$","M","M","M","R","M","R","T","?","M","E"],"character_chosen":"DEFECT","items_purchased":["War Paint","Redo"],"campfire_rested":3,"item_purchase_floors":[14,14],"current_hp_per_floor":[75,75,71,70,58,58,52,34,34,27,49,37,37,37,59,41,75,51,51,51,47,36,58,43,43,43,43,31,0],"gold":55,"neow_bonus":"RANDOM_COMMON_RELIC","is_prod":false,"is_daily":false,"chose_seed":false,"campfire_upgraded":1,"win_rate":0,"timestamp":1561964552,"path_taken":["M","$","M","M","M","R","M","E","T","M","R","?","M","$","R","BOSS","M","$","M","M","M","R","M","R","T","?","?","E"],"build_version":"2019-01-23","purchased_purges":2,"victory":false,"max_hp_per_floor":[75,75,75,75,75,75,75,75,75,75,75,75,75,75,75,75,75,75,75,75,75,75,75,75,75,75,75,75,75],"card_choices":[{"not_picked":["Gash","Tempest"],"picked":"Glacier","floor":1},{"not_picked":["Force Field","Streamline"],"picked":"Heatsinks","floor":3},{"not_picked":["Rip and Tear","Ball Lightning"],"picked":"BootSequence","floor":4},{"not_picked":["Ball Lightning","Streamline"],"picked":"Doom and Gloom","floor":5},{"not_picked":["Sunder","Skim"],"picked":"Stack","floor":7},{"not_picked":["Steam","Reboot"],"picked":"Melter","floor":8},{"not_picked":["Ball Lightning","Gash"],"picked":"Doom and Gloom","floor":10},{"not_picked":["Reinforced Body","Sweeping Beam"],"picked":"Cold Snap","floor":13},{"not_picked":["Amplify","Seek"],"picked":"Rainbow","floor":16},{"not_picked":["Streamline","Hologram"],"picked":"Steam","floor":18},{"not_picked":["Genetic Algorithm+1","Darkness"],"picked":"Auto Shields","floor":20},{"not_picked":["Rebound","Redo"],"picked":"Turbo","floor":21},{"not_picked":["White Noise+1","Conserve Battery"],"picked":"Multi-Cast","floor":22},{"not_picked":["Sunder","Conserve Battery"],"picked":"Coolheaded","floor":24},{"not_picked":["Coolheaded","Sunder"],"picked":"Self Repair+1","floor":28}],"player_experience":149744,"relics_obtained":[{"floor":8,"key":"Bag of Preparation"},{"floor":9,"key":"Bottled Tornado"}],"event_choices":[{"damage_healed":0,"gold_gain":0,"player_choice":"Success","damage_taken":12,"relics_obtained":["Pocketwatch"],"max_hp_gain":0,"max_hp_loss":0,"event_name":"Scrap Ooze","floor":12,"gold_loss":0},{"damage_healed":0,"gold_gain":0,"player_choice":"Bought 3 Potions","damage_taken":0,"max_hp_gain":0,"max_hp_loss":0,"event_name":"The Woman in Blue","floor":27,"gold_loss":0}],"is_beta":false,"boss_relics":[{"not_picked":["Runic Pyramid","Snecko Eye"],"picked":"Velvet Choker"}],"items_purged_floors":[2,19],"is_endless":false,"potions_floor_spawned":[3,7,13,16,18,21],"killed_by":"Book of Stabbing","ascension_level":2}