{"gold_per_floor":[110,126,201,201,36,80,80,113,186,229,46,113,113,127,127,127],"floor_reached":16,"playtime":494,"items_purged":["Strike_B"],"score":282,"play_id":"b4ce7141-b0e8-4b9c-b42b-85f299aaec78","local_time":"20190706090937","is_ascension_mode":true,"campfire_choices":[{"floor":7,"key":"REST"},{"data":"Fission","floor":13,"key":"SMITH"},{"data":"Zap","floor":15,"key":"SMITH"}],"neow_cost":"NONE","seed_source_timestamp":412015584004692,"circlet_count":0,"master_deck":["AscendersBane","Strike_B","Strike_B","Strike_B","Defend_B","Defend_B","Defend_B","Defend_B","Zap+1","Dualcast","Rip and Tear","Genetic Algorithm","Static Discharge","All For One","Conserve Battery","Cold Snap","Fission+1","Self Repair","Coolheaded","Reinforced Body"],"relics":["Cracked Core","NeowsBlessing","Golden Idol","DataDisk","Pear","Singing Bowl","Smiling Mask"],"potions_floor_usage":[10,10],"damage_taken":[{"damage":0,"enemies":"Small Slimes","floor":1,"turns":1},{"damage":0,"enemies":"Jaw Worm","floor":2,"turns":1},{"damage":0,"enemies":"Lagavulin","floor":6,"turns":1},{"damage":32,"enemies":"3 Sentries","floor":8,"turns":6},{"damage":10,"enemies":"Lagavulin","floor":10,"turns":7},{"damage":0,"enemies":"2 Louse","floor":14,"turns":2},{"damage":29,"enemies":"Hexaghost","floor":16,"turns":9}],"seed_played":"5445186291505576472","potions_obtained":[{"floor":1,"key":"Poison Potion"},{"floor":6,"key":"Weak Potion"}],"is_trial":false,"path_per_floor":["M","M","?","?","$","E","R","E","T","E","$","?","R","M","R","B"],"character_chosen":"DEFECT","items_purchased":["Static Discharge","All For One","Self Repair","Coolheaded"],"campfire_rested":1,"item_purchase_floors":[5,5,11,11],"current_hp_per_floor":[64,64,53,29,29,29,50,28,28,18,18,18,18,25,25,0],"gold":127,"neow_bonus":"THREE_ENEMY_KILL","is_prod":false,"is_daily":false,"chose_seed":false,"campfire_upgraded":2,"win_rate":0,"timestamp":1562418577,"path_taken":["M","M","?","?","$","E","R","E","T","E","$","?","R","M","R","BOSS"],"build_version":"2019-07-05","purchased_purges":1,"victory":false,"max_hp_per_floor":[71,71,71,71,71,71,71,81,81,81,81,81,81,81,81,81],"card_choices":[{"not_picked":["Streamline","Gash"],"picked":"Rip and Tear","floor":1},{"not_picked":["Streamline","Sweeping Beam"],"picked":"Genetic Algorithm","floor":2},{"not_picked":["Turbo","Compile Driver"],"picked":"Conserve Battery","floor":6},{"not_picked":["Stack","Rebound"],"picked":"Cold Snap","floor":8},{"not_picked":["Leap","Undo"],"picked":"Fission","floor":10},{"not_picked":["Force Field","Ball Lightning"],"picked":"Reinforced Body","floor":14}],"player_experience":1576458,"relics_obtained":[{"floor":6,"key":"DataDisk"},{"floor":8,"key":"Pear"},{"floor":9,"key":"Singing Bowl"},{"floor":10,"key":"Smiling Mask"}],"event_choices":[{"damage_healed":0,"gold_gain":75,"player_choice":"Gather Gold","damage_taken":11,"max_hp_gain":0,"max_hp_loss":0,"event_name":"World of Goop","floor":3,"gold_loss":0},{"damage_healed":0,"gold_gain":0,"player_choice":"Take Damage","damage_taken":24,"relics_obtained":["Golden Idol"],"max_hp_gain":0,"max_hp_loss":0,"event_name":"Golden Idol","floor":4,"gold_loss":0},{"damage_healed":0,"gold_gain":67,"player_choice":"Gained Gold","damage_taken":0,"max_hp_gain":0,"max_hp_loss":0,"event_name":"Golden Wing","floor":12,"gold_loss":0}],"is_beta":false,"boss_relics":[],"items_purged_floors":[11],"is_endless":false,"potions_floor_spawned":[1,6],"killed_by":"Hexaghost","ascension_level":20}