{"gold_per_floor":[113,128,53,66,80,80,92,92,119,135,100,100,24,24],"floor_reached":14,"playtime":611,"items_purged":[],"score":86,"play_id":"73238f7b-41a3-43e3-b3b7-5c535f6dce6b","local_time":"20190624022323","is_ascension_mode":true,"campfire_choices":[{"floor":6,"key":"RECALL"}],"neow_cost":"NONE","seed_source_timestamp":40988734167200,"circlet_count":0,"master_deck":["Strike_B","Strike_B","Strike_B","Strike_B","Defend_B","Defend_B","Defend_B","Defend_B","Zap","Dualcast","Deep Breath","Turbo","Coolheaded","BootSequence","Sweeping Beam","Capacitor","Auto Shields","Leap","Steam"],"relics":["Cracked Core","Golden Idol","Omamori"],"potions_floor_usage":[10,14],"damage_taken":[{"damage":6,"enemies":"2 Louse","floor":1,"turns":3},{"damage":7,"enemies":"Small Slimes","floor":2,"turns":4},{"damage":0,"enemies":"Cultist","floor":4,"turns":3},{"damage":0,"enemies":"2 Fungi Beasts","floor":5,"turns":4},{"damage":3,"enemies":"3 Louse","floor":7,"turns":4},{"damage":13,"enemies":"Exordium Thugs","floor":10,"turns":8},{"damage":24,"enemies":"3 Sentries","floor":14,"turns":6}],"seed_played":"-3354449136436157714","potions_obtained":[{"floor":2,"key":"Ancient Potion"},{"floor":4,"key":"FearPotion"}],"is_trial":false,"path_per_floor":["M","M","$","M","M","R","M","?","T","M","?","?","$","E"],"character_chosen":"DEFECT","items_purchased":["BootSequence","Leap","Steam"],"campfire_rested":0,"item_purchase_floors":[3,13,13],"current_hp_per_floor":[69,62,62,62,62,62,59,41,41,28,46,21,21,0],"gold":24,"neow_bonus":"RANDOM_COLORLESS","is_prod":false,"is_daily":false,"chose_seed":false,"campfire_upgraded":0,"win_rate":0,"timestamp":1561357403,"path_taken":["M","M","$","M","M","R","M","?","T","M","?","?","?","E"],"build_version":"2019-01-23","purchased_purges":0,"victory":false,"max_hp_per_floor":[75,75,75,75,75,75,75,75,75,75,75,75,75,75],"card_choices":[{"not_picked":["Rebound","Chaos"],"picked":"Turbo","floor":1},{"not_picked":["Hologram","Gash"],"picked":"Coolheaded","floor":2},{"not_picked":["Barrage","Reprogram"],"picked":"Sweeping Beam","floor":4},{"not_picked":["Ball Lightning","Genetic Algorithm"],"picked":"Capacitor","floor":5},{"not_picked":["Double Energy","Hyperbeam"],"picked":"Auto Shields","floor":7},{"not_picked":["Blizzard","Hologram","Barrage"],"picked":"SKIP","floor":10}],"player_experience":120363,"relics_obtained":[],"event_choices":[{"damage_healed":0,"gold_gain":0,"player_choice":"Take Damage","damage_taken":18,"relics_obtained":["Golden Idol"],"max_hp_gain":0,"max_hp_loss":0,"event_name":"Golden Idol","floor":8,"gold_loss":0},{"damage_healed":18,"gold_gain":0,"player_choice":"Healed","damage_taken":0,"max_hp_gain":0,"max_hp_loss":0,"event_name":"The Cleric","floor":11,"gold_loss":35},{"damage_healed":0,"gold_gain":0,"player_choice":"Success","damage_taken":25,"relics_obtained":["Omamori"],"max_hp_gain":0,"max_hp_loss":0,"event_name":"Scrap Ooze","floor":12,"gold_loss":0}],"is_beta":false,"boss_relics":[],"items_purged_floors":[],"is_endless":false,"potions_floor_spawned":[2,4],"killed_by":"3 Sentries","ascension_level":1}