{"gold_per_floor":[17,17,89,89,89,89,115,115,141,156,175,195,195,228,228,333,333,352,277,21,21,21,21,56,67,67,100,117,117,137,168,168,269,269,288,288,288,336,353,353,387,387,412,41,41,76,93,151,151,151],"floor_reached":51,"playtime":3378,"items_purged":["Strike_G","Strike_G","Defend_G"],"score":1331,"play_id":"2bcb52bb-6aad-4288-80e0-b30f05975d70","local_time":"20180828233026","is_ascension_mode":true,"campfire_choices":[{"data":"Infinite Blades","floor":6,"key":"SMITH"},{"data":"Neutralize","floor":8,"key":"SMITH"},{"data":"Cloak And Dagger","floor":13,"key":"SMITH"},{"data":"Accuracy","floor":15,"key":"SMITH"},{"data":"A Thousand Cuts","floor":23,"key":"SMITH"},{"floor":29,"key":"REST"},{"floor":32,"key":"REST"},{"data":"Adrenaline","floor":40,"key":"SMITH"},{"data":"Infinite Blades","floor":42,"key":"SMITH"},{"data":"Madness","floor":45,"key":"SMITH"},{"floor":49,"key":"REST"}],"neow_cost":"NO_GOLD","seed_source_timestamp":1106824405771827,"circlet_count":0,"master_deck":["Defend_G","Defend_G","Defend_G","Survivor","Neutralize+1","Bane","Unload","Infinite Blades+1","Accuracy+1","Cloak And Dagger+1","Blur","A Thousand Cuts+1","Backstab","Backflip+1","Infinite Blades+1","Prepared+1","Blur+1","Adrenaline+1","Cloak And Dagger+1","Madness","Madness+1","Cloak And Dagger+1"],"relics":["Ring of the Snake","Centennial Puzzle","Kunai","GremlinMask","Bronze Scales","Pen Nib","Singing Bowl","Empty Cage","Anchor","Nilry\u0027s Codex","Mango","Shuriken","Question Card","Lantern","Sozu","Sundial","Bottled Lightning","Snake Skull","Mummified Hand","Strawberry","Tiny Chest"],"potions_floor_usage":[7,16,24,24,50,50],"damage_taken":[{"damage":0,"enemies":"Jaw Worm","floor":1,"turns":3},{"damage":14,"enemies":"3 Sentries","floor":7,"turns":10},{"damage":3,"enemies":"2 Louse","floor":10,"turns":3},{"damage":3,"enemies":"Small Slimes","floor":11,"turns":3},{"damage":0,"enemies":"2 Fungi Beasts","floor":12,"turns":3},{"damage":0,"enemies":"Lagavulin","floor":14,"turns":6},{"damage":0,"enemies":"Slime Boss","floor":16,"turns":9},{"damage":0,"enemies":"Shell Parasite","floor":18,"turns":6},{"damage":17,"enemies":"Slavers","floor":24,"turns":4},{"damage":0,"enemies":"3 Byrds","floor":25,"turns":3},{"damage":7,"enemies":"Gremlin Leader","floor":27,"turns":6},{"damage":0,"enemies":"3 Cultists","floor":28,"turns":4},{"damage":9,"enemies":"Snake Plant","floor":30,"turns":4},{"damage":6,"enemies":"Book of Stabbing","floor":31,"turns":5},{"damage":24,"enemies":"Champ","floor":33,"turns":7},{"damage":0,"enemies":"Flame Bruiser 1 Orb","floor":35,"turns":5},{"damage":0,"enemies":"Mysterious Sphere","floor":38,"turns":4},{"damage":0,"enemies":"3 Darklings","floor":39,"turns":4},{"damage":0,"enemies":"Giant Head","floor":41,"turns":6},{"damage":12,"enemies":"Nemesis","floor":46,"turns":5},{"damage":0,"enemies":"Maw","floor":47,"turns":5},{"damage":5,"enemies":"2 Orb Walkers","floor":48,"turns":4},{"damage":0,"enemies":"Donu and Deca","floor":50,"turns":6}],"seed_played":"-6524030760831103713","potions_obtained":[{"floor":1,"key":"GamblersBrew"},{"floor":10,"key":"Fire Potion"},{"floor":14,"key":"AttackPotion"},{"floor":18,"key":"Energy Potion"},{"floor":25,"key":"LiquidBronze"},{"floor":33,"key":"Dexterity Potion"}],"is_trial":false,"path_per_floor":["M","?","T","?","?","R","E","R","T","M","M","M","R","E","R","B",null,"M","$","$","?","?","R","E","M","T","E","M","R","M","E","R","B",null,"M","?","?","?","M","R","E","R","T","$","R","E","M","E","R","B"],"character_chosen":"THE_SILENT","items_purchased":["Anchor","Mummified Hand"],"campfire_rested":3,"item_purchase_floors":[20,44],"current_hp_per_floor":[63,56,56,56,61,61,47,47,47,44,41,41,41,43,43,43,69,69,69,69,69,53,53,52,52,52,45,45,72,63,57,84,62,87,87,87,75,77,79,79,81,81,81,81,81,78,80,75,108,108],"gold":151,"neow_bonus":"TRANSFORM_TWO_CARDS","is_prod":false,"is_daily":false,"chose_seed":false,"campfire_upgraded":8,"win_rate":0,"timestamp":1535513426,"path_taken":["M","?","?","?","?","R","E","R","T","?","M","?","R","E","R","BOSS","M","?","$","?","?","R","E","?","T","E","M","R","M","E","R","BOSS","M","?","?","?","M","R","E","R","T","$","R","E","M","E","R","BOSS"],"build_version":"2018-08-23v2","purchased_purges":3,"victory":true,"max_hp_per_floor":[70,70,70,70,75,75,75,75,75,75,75,75,75,77,77,77,77,77,77,77,77,77,77,93,93,93,93,93,93,93,93,93,95,95,95,95,95,97,99,99,101,101,101,101,101,110,112,112,112,112],"card_choices":[{"not_picked":["Acrobatics","Masterful Stab"],"picked":"Infinite Blades","floor":1},{"not_picked":["Prepared","Poisoned Stab","Flying Knee"],"picked":"SKIP","floor":7},{"not_picked":["PiercingWail","Reflex"],"picked":"Accuracy","floor":10},{"not_picked":["Dagger Throw","Backflip"],"picked":"Cloak And Dagger","floor":11},{"not_picked":["Deflect","Choke"],"picked":"Blur","floor":12},{"not_picked":["Underhanded Strike","Terror","Grand Finale"],"picked":"Singing Bowl","floor":14},{"not_picked":["Phantasmal Killer","Burst"],"picked":"A Thousand Cuts","floor":16},{"not_picked":["Flying Knee+1","Catalyst"],"picked":"Backstab","floor":18},{"not_picked":["Prepared","Sucker Punch","Dagger Spray"],"picked":"Singing Bowl","floor":24},{"not_picked":["Deflect+1","Leg Sweep"],"picked":"Backflip+1","floor":25},{"not_picked":["Poisoned Stab","Accuracy"],"picked":"Infinite Blades","floor":27},{"not_picked":["Poisoned Stab","Bouncing Flask","Blade Dance"],"picked":"Prepared+1","floor":28},{"not_picked":["Deflect","Bane","Escape Plan"],"picked":"Blur+1","floor":30},{"not_picked":["Dagger Spray+1","Slice","Reflex"],"picked":"Adrenaline","floor":31},{"not_picked":["Doppelganger","Envenom","Die Die Die","Glass Knife"],"picked":"Singing Bowl","floor":33},{"not_picked":["PiercingWail+1","Deflect","Deadly Poison+1"],"picked":"Cloak And Dagger+1","floor":35},{"not_picked":["Slice","Distraction+1","Flying Knee","Underhanded Strike+1"],"picked":"Singing Bowl","floor":38},{"not_picked":["Dodge and Roll","Prepared","Deadly Poison+1","Deflect"],"picked":"Singing Bowl","floor":39},{"not_picked":["Outmaneuver","PiercingWail","Bouncing Flask+1","Masterful Stab"],"picked":"Singing Bowl","floor":41},{"not_picked":["Expertise","Caltrops","Outmaneuver","Prepared"],"picked":"Singing Bowl","floor":46},{"not_picked":["Slice+1","Dodge and Roll","Underhanded Strike+1","Outmaneuver+1"],"picked":"Singing Bowl","floor":47},{"not_picked":["Backstab+1","Venomology","Blade Dance"],"picked":"Cloak And Dagger+1","floor":48}],"player_experience":300396,"relics_obtained":[{"floor":3,"key":"Kunai"},{"floor":7,"key":"Bronze Scales"},{"floor":9,"key":"Pen Nib"},{"floor":14,"key":"Singing Bowl"},{"floor":22,"key":"Nilry\u0027s Codex"},{"floor":24,"key":"Mango"},{"floor":26,"key":"Shuriken"},{"floor":27,"key":"Question Card"},{"floor":31,"key":"Lantern"},{"floor":38,"key":"Sundial"},{"floor":41,"key":"Bottled Lightning"},{"floor":43,"key":"Snake Skull"},{"floor":46,"key":"Strawberry"},{"floor":48,"key":"Tiny Chest"}],"event_choices":[{"event_name":"Scrap Ooze","player_choice":"success","floor":2,"damage_taken":7},{"event_name":"FaceTrader","player_choice":"Trade","floor":4,"damage_taken":0},{"event_name":"Big Fish","player_choice":"Donut","floor":5,"damage_taken":0},{"event_name":"Ghosts","player_choice":"Ignored","floor":21,"damage_taken":0},{"event_name":"Cursed Tome","player_choice":"Obtained Book","floor":22,"damage_taken":0},{"event_name":"Tomb of Lord Red Mask","player_choice":"Ignored","floor":36,"damage_taken":0},{"event_name":"Winding Halls","player_choice":"Embrace Madness","floor":37,"damage_taken":0},{"event_name":"Mysterious Sphere","player_choice":"Fight","floor":38,"damage_taken":0}],"is_beta":false,"boss_relics":[{"not_picked":["Black Star","Tiny House"],"picked":"Empty Cage"},{"not_picked":["Lizard Tail","Orrery"],"picked":"Sozu"}],"items_purged_floors":[19,20,44],"is_endless":false,"potions_floor_spawned":[1,10,14,18,25,33,46,47],"ascension_level":8}