{"gold_per_floor":[116,35,35,35,53,81,81,94,94,94,106,106,106,140,140,140],"floor_reached":16,"playtime":658,"items_purged":[],"score":200,"play_id":"df22517e-8377-4800-bf0a-05aa2409358f","local_time":"20181026225342","is_ascension_mode":true,"campfire_choices":[{"data":"Armaments","floor":7,"key":"SMITH"},{"floor":10,"key":"REST"},{"data":"Intimidate","floor":13,"key":"SMITH"},{"floor":15,"key":"REST"}],"neow_cost":"NONE","seed_source_timestamp":111166451844037,"circlet_count":0,"master_deck":["Strike_R","Strike_R","Strike_R","Strike_R","Defend_R","Defend_R","Defend_R","Defend_R","Bash","AscendersBane","Battle Trance","Clothesline","Armaments+1","Sword Boomerang","Fire Breathing","Pummel","True Grit+1","Intimidate+1","Cleave"],"relics":["Burning Blood","Juzu Bracelet","Lantern","Letter Opener","Bag of Marbles"],"potions_floor_usage":[14,14,16],"damage_taken":[{"damage":6,"enemies":"Cultist","floor":1,"turns":3},{"damage":4,"enemies":"Jaw Worm","floor":5,"turns":4},{"damage":36,"enemies":"Gremlin Nob","floor":6,"turns":5},{"damage":5,"enemies":"2 Louse","floor":8,"turns":3},{"damage":9,"enemies":"Blue Slaver","floor":11,"turns":4},{"damage":6,"enemies":"3 Sentries","floor":14,"turns":6},{"damage":65,"enemies":"Slime Boss","floor":16,"turns":9}],"seed_played":"-4414768160557854322","potions_obtained":[{"floor":5,"key":"SkillPotion"},{"floor":6,"key":"AttackPotion"},{"floor":14,"key":"Dexterity Potion"}],"is_trial":false,"path_per_floor":["M","$","?","?","M","E","R","M","T","R","M","?","R","E","R"],"character_chosen":"IRONCLAD","items_purchased":["Armaments","Sword Boomerang"],"campfire_rested":2,"item_purchase_floors":[2,2],"current_hp_per_floor":[68,68,42,42,44,14,14,15,15,37,34,34,34,34,56,0],"gold":140,"neow_bonus":"THREE_CARDS","is_prod":false,"is_daily":false,"chose_seed":false,"campfire_upgraded":2,"win_rate":0,"timestamp":1540608822,"path_taken":["M","?","?","?","M","E","R","M","T","R","M","?","R","E","R","BOSS"],"build_version":"2018-10-25v2","purchased_purges":0,"victory":false,"max_hp_per_floor":[75,75,75,75,75,75,75,75,75,75,75,75,75,75,75,75],"card_choices":[{"not_picked":["Iron Wave","Uppercut"],"picked":"Battle Trance","floor":0},{"not_picked":["Perfected Strike","Iron Wave"],"picked":"Clothesline","floor":1},{"not_picked":["Shockwave","Thunderclap"],"picked":"Pummel","floor":5},{"not_picked":["Rampage","Rage","Thunderclap"],"picked":"SKIP","floor":6},{"not_picked":["Sever Soul","Metallicize"],"picked":"True Grit","floor":8},{"not_picked":["Uppercut","Perfected Strike"],"picked":"Intimidate","floor":11},{"not_picked":["Sword Boomerang","Carnage"],"picked":"Cleave","floor":14}],"player_experience":608808,"relics_obtained":[{"floor":6,"key":"Lantern"},{"floor":9,"key":"Letter Opener"},{"floor":14,"key":"Bag of Marbles"}],"event_choices":[{"damage_healed":0,"gold_gain":0,"player_choice":"Success","damage_taken":26,"relics_obtained":["Juzu Bracelet"],"max_hp_gain":0,"max_hp_loss":0,"event_name":"Scrap Ooze","floor":3,"gold_loss":0},{"damage_healed":0,"gold_gain":0,"cards_transformed":["Strike_R"],"player_choice":"Transformed","damage_taken":0,"max_hp_gain":0,"max_hp_loss":0,"event_name":"Transmorgrifier","floor":4,"gold_loss":0,"cards_obtained":["Fire Breathing"]},{"damage_healed":0,"gold_gain":0,"player_choice":"Grow","damage_taken":0,"max_hp_gain":0,"max_hp_loss":0,"event_name":"Living Wall","floor":12,"gold_loss":0,"cards_upgraded":["True Grit"]}],"is_beta":false,"boss_relics":[],"items_purged_floors":[],"is_endless":false,"potions_floor_spawned":[5,6,14],"killed_by":"Slime Boss","ascension_level":17}