{"gold_per_floor":[16,33,44,64,64,96,96,116,116,147,161,161,173,23,23,124,124,106,126,48,63,63],"floor_reached":22,"playtime":2801,"items_purged":[],"score":210,"play_id":"24df01ca-ff3f-4ce5-bb03-9efff3618658","local_time":"20190705005108","is_ascension_mode":true,"campfire_choices":[{"floor":7,"key":"REST"},{"floor":15,"key":"RECALL"}],"neow_cost":"NO_GOLD","seed_source_timestamp":182335624703100,"circlet_count":0,"master_deck":["Strike_G","Strike_G","Strike_G","Strike_G","Strike_G","Defend_G","Defend_G","Defend_G","Defend_G","Defend_G","Survivor","Neutralize+1","Deadly Poison","Bane","Deadly Poison","Poisoned Stab","Prepared","Sucker Punch","Adrenaline","Blur","Terror+1","Noxious Fumes","Footwork"],"relics":["Ring of the Snake","Nunchaku","Juzu Bracelet","Shuriken","Mummified Hand","Regal Pillow","Black Star"],"potions_floor_usage":[8,10,11,16,19,22],"damage_taken":[{"damage":0,"enemies":"Jaw Worm","floor":1,"turns":4},{"damage":0,"enemies":"Small Slimes","floor":2,"turns":5},{"damage":4,"enemies":"Cultist","floor":3,"turns":3},{"damage":4,"enemies":"Blue Slaver","floor":4,"turns":3},{"damage":17,"enemies":"Lagavulin","floor":6,"turns":8},{"damage":0,"enemies":"Large Slime","floor":8,"turns":7},{"damage":23,"enemies":"3 Sentries","floor":10,"turns":12},{"damage":3,"enemies":"2 Fungi Beasts","floor":11,"turns":3},{"damage":17,"enemies":"Exordium Thugs","floor":13,"turns":6},{"damage":60,"enemies":"Slime Boss","floor":16,"turns":13},{"damage":16,"enemies":"2 Thieves","floor":18,"turns":4},{"damage":19,"enemies":"Spheric Guardian","floor":19,"turns":6},{"damage":29,"enemies":"Snecko","floor":21,"turns":7},{"damage":19,"enemies":"Centurion and Healer","floor":22,"turns":2}],"seed_played":"-2945862668814252355","potions_obtained":[{"floor":3,"key":"Block Potion"},{"floor":4,"key":"GhostInAJar"},{"floor":6,"key":"Swift Potion"},{"floor":8,"key":"Energy Potion"},{"floor":16,"key":"SpeedPotion"},{"floor":21,"key":"SkillPotion"}],"is_trial":false,"path_per_floor":["M","M","M","M","?","E","R","M","T","E","M","?","M","$","R","B",null,"M","M","$","M","M"],"character_chosen":"THE_SILENT","items_purchased":["Regal Pillow","Noxious Fumes"],"campfire_rested":1,"item_purchase_floors":[14,20],"current_hp_per_floor":[70,70,66,62,62,45,66,66,66,43,40,80,63,63,63,3,80,64,45,45,16,0],"gold":63,"neow_bonus":"ONE_RARE_RELIC","is_prod":false,"is_daily":false,"chose_seed":false,"campfire_upgraded":0,"win_rate":0,"timestamp":1562302268,"path_taken":["M","M","M","M","?","E","R","M","T","E","M","?","M","$","R","BOSS","M","M","$","M","M"],"build_version":"2019-07-01","purchased_purges":0,"victory":false,"max_hp_per_floor":[70,70,70,70,70,70,70,70,70,70,70,80,80,80,80,80,80,80,80,80,80,80],"card_choices":[{"not_picked":["Blade Dance","Slice"],"picked":"Deadly Poison","floor":1},{"not_picked":["Expertise","Distraction","Flying Knee"],"picked":"SKIP","floor":2},{"not_picked":["Prepared","Cloak And Dagger"],"picked":"Bane","floor":3},{"not_picked":["Choke","Riddle With Holes","Dagger Throw"],"picked":"SKIP","floor":4},{"not_picked":["Riddle With Holes","Heel Hook"],"picked":"Deadly Poison","floor":6},{"not_picked":["Outmaneuver","Heel Hook"],"picked":"Poisoned Stab","floor":8},{"not_picked":["Night Terror","Dodge and Roll"],"picked":"A Thousand Cuts","floor":10},{"not_picked":["Sucker Punch","Flechettes"],"picked":"Prepared","floor":11},{"not_picked":["Acrobatics","Reflex"],"picked":"Sucker Punch","floor":13},{"not_picked":["Night Terror","Burst"],"picked":"Adrenaline","floor":16},{"not_picked":["Blade Dance+1","Dagger Throw"],"picked":"Blur","floor":18},{"not_picked":["Deflect","Prepared"],"picked":"Terror+1","floor":19},{"not_picked":["Bane+1","Blur"],"picked":"Footwork","floor":21}],"player_experience":179294,"relics_obtained":[{"floor":6,"key":"Juzu Bracelet"},{"floor":9,"key":"Shuriken"},{"floor":10,"key":"Mummified Hand"}],"event_choices":[{"damage_healed":0,"gold_gain":0,"player_choice":"Grow","damage_taken":0,"max_hp_gain":0,"max_hp_loss":0,"event_name":"Living Wall","floor":5,"gold_loss":0,"cards_upgraded":["Neutralize"]},{"cards_removed":["A Thousand Cuts"],"damage_healed":30,"gold_gain":0,"player_choice":"Offered Rare","damage_taken":0,"max_hp_gain":10,"max_hp_loss":0,"event_name":"Bonfire Elementals","floor":12,"gold_loss":0}],"is_beta":false,"boss_relics":[{"not_picked":["Sozu","Runic Pyramid"],"picked":"Black Star"}],"items_purged_floors":[],"is_endless":false,"potions_floor_spawned":[3,4,6,8,16,21],"killed_by":"Centurion and Healer","ascension_level":1}