{"gold_per_floor":[109,109,128,203,216,241,241,299,322,322,82,82,101,130,130,130],"floor_reached":16,"playtime":859,"items_purged":["Strike_R"],"score":119,"play_id":"05e047d1-0393-4f95-84cf-cc5bf4c39684","local_time":"20190722014302","is_ascension_mode":true,"campfire_choices":[{"floor":7,"key":"REST"},{"floor":10,"key":"REST"},{"floor":12,"key":"REST"},{"data":"Immolate","floor":15,"key":"SMITH"}],"neow_cost":"NONE","seed_source_timestamp":1835472963200,"circlet_count":0,"master_deck":["Strike_R","Strike_R","Strike_R","Strike_R","Defend_R","Defend_R","Defend_R","Defend_R","Bash","Sword Boomerang+1","Shrug It Off","Cleave+1","Uppercut","Whirlwind","Heavy Blade","Armaments","Immolate+1"],"relics":["Burning Blood","Juzu Bracelet","Paper Frog","Bronze Scales","Anchor","Smiling Mask","Whetstone","Oddly Smooth Stone"],"potions_floor_usage":[6,14,14],"damage_taken":[{"damage":1,"enemies":"Cultist","floor":1,"turns":3},{"damage":4,"enemies":"Small Slimes","floor":3,"turns":4},{"damage":12,"enemies":"Jaw Worm","floor":5,"turns":3},{"damage":28,"enemies":"3 Sentries","floor":6,"turns":9},{"damage":40,"enemies":"Lagavulin Event","floor":8,"turns":6},{"damage":11,"enemies":"Exordium Wildlife","floor":13,"turns":3},{"damage":23,"enemies":"Lagavulin","floor":14,"turns":4},{"damage":58,"enemies":"Hexaghost","floor":16,"turns":9}],"seed_played":"8363616069122649777","potions_obtained":[{"floor":5,"key":"SkillPotion"},{"floor":6,"key":"FearPotion"},{"floor":8,"key":"Ancient Potion"}],"is_trial":false,"path_per_floor":["M","T","M","?","M","E","R","?","T","R","$","R","M","E","R","B"],"character_chosen":"IRONCLAD","items_purchased":["Whetstone","Heavy Blade"],"campfire_rested":3,"item_purchase_floors":[11,11],"current_hp_per_floor":[80,80,80,69,63,41,65,31,31,55,55,79,74,57,57,0],"gold":130,"neow_bonus":"RANDOM_COMMON_RELIC","is_prod":false,"is_daily":false,"chose_seed":false,"campfire_upgraded":1,"win_rate":0,"timestamp":1563774182,"path_taken":["M","?","M","?","M","E","R","?","T","R","$","R","M","E","R","BOSS"],"build_version":"2019-07-17","purchased_purges":1,"victory":false,"max_hp_per_floor":[80,80,80,80,80,80,80,80,80,80,80,80,80,80,80,80],"card_choices":[{"not_picked":["Twin Strike","Body Slam"],"picked":"Sword Boomerang","floor":1},{"not_picked":["Body Slam","True Grit"],"picked":"Shrug It Off","floor":3},{"not_picked":["Armaments","Power Through"],"picked":"Cleave","floor":5},{"not_picked":["True Grit","Hemokinesis"],"picked":"Uppercut","floor":6},{"not_picked":["Uppercut","Fire Breathing"],"picked":"Whirlwind","floor":8},{"not_picked":["Pommel Strike","Perfected Strike"],"picked":"Armaments","floor":13},{"not_picked":["Cleave","Perfected Strike"],"picked":"Immolate","floor":14}],"player_experience":282610,"relics_obtained":[{"floor":2,"key":"Paper Frog"},{"floor":6,"key":"Bronze Scales"},{"floor":8,"key":"Anchor"},{"floor":9,"key":"Smiling Mask"},{"floor":14,"key":"Oddly Smooth Stone"}],"event_choices":[{"damage_healed":0,"gold_gain":75,"player_choice":"Gather Gold","damage_taken":11,"max_hp_gain":0,"max_hp_loss":0,"event_name":"World of Goop","floor":4,"gold_loss":0},{"damage_healed":0,"gold_gain":30,"player_choice":"Searched \u00272\u0027 times","damage_taken":0,"max_hp_gain":0,"max_hp_loss":0,"event_name":"Dead Adventurer","floor":8,"gold_loss":0}],"is_beta":false,"boss_relics":[],"items_purged_floors":[11],"is_endless":false,"potions_floor_spawned":[5,6,8],"killed_by":"Hexaghost","ascension_level":2}