{"gold_per_floor":[119,136,211,17,34,34,51,51,51,76,76,88,37,56,56,152,152,170,85,85,85],"floor_reached":21,"playtime":880,"items_purged":["Strike_R"],"score":286,"play_id":"c09ff460-554a-4c73-9fd2-a88317df24d5","local_time":"20180913193435","is_ascension_mode":true,"campfire_choices":[{"data":"Armaments","floor":6,"key":"SMITH"},{"data":"Uppercut","floor":8,"key":"SMITH"},{"data":"Shockwave","floor":11,"key":"SMITH"},{"data":"True Grit","floor":15,"key":"SMITH"}],"neow_cost":"NONE","seed_source_timestamp":0,"circlet_count":0,"master_deck":["Strike_R","Strike_R","Defend_R","Defend_R","Defend_R","Defend_R","Bash","AscendersBane","Immolate","Headbutt","Armaments+1","Uppercut+1","Shrug It Off","Shockwave+1","True Grit+1","Entrench","Offering"],"special_seed":0,"relics":["Burning Blood","Bronze Scales","Blue Candle","Empty Cage","Dead Branch"],"potions_floor_usage":[10,16],"damage_taken":[{"damage":1,"enemies":"Cultist","floor":1,"turns":3},{"damage":1,"enemies":"2 Louse","floor":2,"turns":2},{"damage":5,"enemies":"Small Slimes","floor":5,"turns":2},{"damage":8,"enemies":"Gremlin Gang","floor":7,"turns":4},{"damage":21,"enemies":"Gremlin Nob","floor":10,"turns":4},{"damage":1,"enemies":"Blue Slaver","floor":12,"turns":4},{"damage":4,"enemies":"2 Fungi Beasts","floor":14,"turns":2},{"damage":27,"enemies":"Slime Boss","floor":16,"turns":13},{"damage":15,"enemies":"3 Byrds","floor":18,"turns":3},{"damage":9,"enemies":"Spheric Guardian","floor":21,"turns":3}],"seed_played":"-3820340373468257356","potions_obtained":[{"floor":7,"key":"PowerPotion"},{"floor":12,"key":"EssenceOfSteel"},{"floor":14,"key":"Regen Potion"}],"is_trial":false,"path_per_floor":["M","M","?","$","M","R","M","R","T","E","R","M","$","M","R","B",null,"M","?","?"],"character_chosen":"IRONCLAD","items_purchased":["Armaments","Uppercut","True Grit"],"campfire_rested":0,"item_purchase_floors":[4,4,13],"current_hp_per_floor":[77,80,69,69,70,70,68,68,68,53,53,58,58,60,60,39,70,61,61,46,37],"gold":85,"neow_bonus":"ONE_RANDOM_RARE_CARD","is_prod":false,"is_daily":false,"chose_seed":false,"campfire_upgraded":4,"win_rate":0,"timestamp":1536881675,"path_taken":["M","?","?","$","?","R","M","R","T","E","R","M","$","M","R","BOSS","M","?","?","M"],"build_version":"2018-09-06","purchased_purges":1,"victory":false,"max_hp_per_floor":[80,80,80,80,80,80,80,80,80,80,80,80,80,80,80,80,80,80,80,85,85],"card_choices":[{"not_picked":["Wild Strike","Infernal Blade"],"picked":"Headbutt","floor":1},{"not_picked":["Thunderclap","Headbutt","Wild Strike"],"picked":"SKIP","floor":2},{"not_picked":["Bloodletting","Anger"],"picked":"Shrug It Off","floor":5},{"not_picked":["Anger","Rupture","Armaments"],"picked":"SKIP","floor":7},{"not_picked":["Warcry","Rampage"],"picked":"Shockwave","floor":10},{"not_picked":["Warcry","Rupture","Twin Strike"],"picked":"SKIP","floor":12},{"not_picked":["Headbutt","Wild Strike"],"picked":"Entrench","floor":14},{"not_picked":["Berserk","Brutality"],"picked":"Offering","floor":16},{"not_picked":["Blood for Blood","Heavy Blade","Headbutt"],"picked":"SKIP","floor":18}],"player_experience":360860,"relics_obtained":[{"floor":9,"key":"Bronze Scales"},{"floor":10,"key":"Blue Candle"}],"event_choices":[{"event_name":"World of Goop","player_choice":"Gather Gold","floor":3,"damage_taken":0},{"event_name":"Addict","player_choice":"Obtained Relic","floor":19,"damage_taken":0},{"event_name":"Forgotten Altar","player_choice":"Shed Blood","floor":20,"damage_taken":0}],"is_beta":false,"boss_relics":[{"not_picked":["Eternal Feather","Lizard Tail"],"picked":"Empty Cage"}],"items_purged_floors":[4],"is_endless":false,"potions_floor_spawned":[7,12,14],"killed_by":"Spheric Guardian","ascension_level":12}