{"gold_per_floor":[117,9,84,12,12,12,27,27,50,64,14,14,31,51,51,147,147,157,157,57,57,57,57,70,81,106,124,124],"floor_reached":28,"playtime":913,"items_purged":["Strike_R","Strike_R"],"score":208,"play_id":"cf447f31-df0e-4db8-8b30-365676dce3ed","local_time":"20181014181901","is_ascension_mode":false,"campfire_choices":[{"data":"Pummel","floor":6,"key":"SMITH"},{"data":"Spot Weakness","floor":12,"key":"SMITH"},{"data":"Uppercut","floor":15,"key":"SMITH"},{"data":"Limit Break","floor":23,"key":"SMITH"}],"neow_cost":"NONE","seed_source_timestamp":424371388303271,"circlet_count":0,"master_deck":["Defend_R","Defend_R","Defend_R","Defend_R","Bash+1","Dropkick","Inflame+1","Pummel+1","Twin Strike","Spot Weakness+1","Armaments","Uppercut+1","Limit Break+1","Pommel Strike+1","Flame Barrier","Iron Wave","Ghostly Armor"],"relics":["Burning Blood"],"potions_floor_usage":[16,16,27,27],"damage_taken":[{"damage":5,"enemies":"Small Slimes","floor":1,"turns":3},{"damage":0,"enemies":"2 Louse","floor":7,"turns":3},{"damage":1,"enemies":"Cultist","floor":10,"turns":3},{"damage":0,"enemies":"Large Slime","floor":13,"turns":3},{"damage":0,"enemies":"3 Louse","floor":14,"turns":3},{"damage":14,"enemies":"The Guardian","floor":16,"turns":8},{"damage":31,"enemies":"3 Byrds","floor":18,"turns":6},{"damage":27,"enemies":"Spheric Guardian","floor":24,"turns":5},{"damage":0,"enemies":"Centurion and Healer","floor":25,"turns":4},{"damage":37,"enemies":"Snake Plant","floor":27,"turns":5},{"damage":11,"enemies":"Shelled Parasite and Fungi","floor":28,"turns":3}],"seed_played":"5425020374507437207","potions_obtained":[{"floor":1,"key":"Poison Potion"},{"floor":10,"key":"Poison Potion"},{"floor":14,"key":"Poison Potion"},{"floor":24,"key":"Weak Potion"},{"floor":25,"key":"Strength Potion"}],"is_trial":false,"path_per_floor":["M","$","?","$","?","R","M","?","T","M","?","R","M","M","R","B",null,"M","?","$","?","$","R","M","M","T","M"],"character_chosen":"IRONCLAD","items_purchased":["Inflame","Pummel"],"campfire_rested":0,"item_purchase_floors":[2,4],"current_hp_per_floor":[80,80,69,69,69,69,75,75,75,80,80,80,80,80,80,72,80,55,55,55,55,55,55,34,40,40,9,0],"gold":124,"neow_bonus":"UPGRADE_CARD","is_prod":false,"is_daily":false,"chose_seed":false,"campfire_upgraded":4,"win_rate":0,"timestamp":1539555541,"path_taken":["M","$","?","$","?","R","M","?","T","M","?","R","M","?","R","BOSS","M","?","$","?","?","R","?","M","T","M","M"],"build_version":"2018-10-11","purchased_purges":2,"victory":false,"max_hp_per_floor":[80,80,80,80,80,80,80,80,80,80,80,80,80,80,80,80,80,80,80,80,80,80,80,80,80,80,80,80],"card_choices":[{"not_picked":["Seeing Red","Infernal Blade"],"picked":"Dropkick","floor":1},{"not_picked":["Thunderclap","Carnage"],"picked":"Twin Strike","floor":7},{"not_picked":["Blood for Blood","Havoc"],"picked":"Spot Weakness","floor":10},{"not_picked":["Iron Wave","Combust"],"picked":"Armaments","floor":13},{"not_picked":["Entrench","Warcry"],"picked":"Uppercut","floor":14},{"not_picked":["Exhume","Impervious"],"picked":"Limit Break","floor":16},{"not_picked":["Warcry","Thunderclap"],"picked":"Pommel Strike+1","floor":18},{"not_picked":["Flex","Armaments"],"picked":"Flame Barrier","floor":24},{"not_picked":["Spot Weakness","Wild Strike"],"picked":"Iron Wave","floor":25},{"not_picked":["Body Slam","Heavy Blade"],"picked":"Ghostly Armor","floor":27}],"player_experience":601916,"relics_obtained":[],"event_choices":[{"event_name":"World of Goop","player_choice":"Gather Gold","floor":3,"damage_taken":0},{"event_name":"Upgrade Shrine","player_choice":"Upgraded","floor":5,"damage_taken":0},{"event_name":"Dead Adventurer","player_choice":"Searched \u00270\u0027 times","floor":8,"damage_taken":0},{"event_name":"The Cleric","player_choice":"Card Removal","floor":11,"damage_taken":0},{"event_name":"Back to Basics","player_choice":"Elegance","floor":19,"damage_taken":0},{"event_name":"Purifier","player_choice":"One Purge","floor":21,"damage_taken":0}],"is_beta":false,"boss_relics":[{"not_picked":["Ectoplasm","Busted Crown","Fusion Hammer"]}],"items_purged_floors":[2,20],"is_endless":false,"potions_floor_spawned":[1,10,14,24,25],"killed_by":"Shelled Parasite and Fungi","ascension_level":0}