{"gold_per_floor":[116,116,116,126,126,158,158,223,272,38,49,64,78,78,78,174,174,185,175,14,14],"floor_reached":21,"playtime":1201,"items_purged":["Defend_G"],"score":224,"play_id":"43f84bd3-1328-4c77-9fb3-b1c374221994","local_time":"20190110193459","is_ascension_mode":true,"campfire_choices":[{"floor":7,"key":"RECALL"},{"data":"Setup","floor":15,"key":"SMITH"}],"neow_cost":"NONE","seed_source_timestamp":2303983488828,"circlet_count":0,"master_deck":["Defend_G+1","Defend_G","Defend_G","Defend_G","Strike_G","Strike_G","Strike_G","Strike_G","Strike_G","Survivor","Neutralize+1","Setup+1","Blur","Outmaneuver","After Image","Blade Dance","Infinite Blades","Accuracy"],"relics":["Ring of the Snake","NeowsBlessing","Ornamental Fan","Pantograph","Bronze Scales","Pocketwatch","Orichalcum","Membership Card","Black Star","Ice Cream"],"potions_floor_usage":[6,16,16,18],"damage_taken":[{"damage":0,"enemies":"Cultist","floor":1,"turns":1},{"damage":0,"enemies":"Jaw Worm","floor":4,"turns":1},{"damage":0,"enemies":"3 Sentries","floor":6,"turns":6},{"damage":16,"enemies":"3 Sentries","floor":8,"turns":12},{"damage":0,"enemies":"2 Louse","floor":11,"turns":3},{"damage":0,"enemies":"Looter","floor":12,"turns":3},{"damage":1,"enemies":"Exordium Wildlife","floor":13,"turns":5},{"damage":21,"enemies":"Hexaghost","floor":16,"turns":11},{"damage":20,"enemies":"Spheric Guardian","floor":18,"turns":9},{"damage":22,"enemies":"2 Thieves","floor":19,"turns":4},{"damage":32,"enemies":"Sentry and Sphere","floor":21,"turns":7}],"seed_played":"-5151352257090284038","potions_obtained":[{"floor":4,"key":"Regen Potion"},{"floor":8,"key":"Regen Potion"},{"floor":13,"key":"SmokeBomb"},{"floor":14,"key":"Energy Potion"},{"floor":14,"key":"PowerPotion"},{"floor":16,"key":"SpeedPotion"}],"is_trial":false,"path_per_floor":["M","?","T","M","?","E","R","?","T","$","M","M","M","?","R","B",null,"M","M","$","M"],"character_chosen":"THE_SILENT","items_purchased":["Membership Card","Ice Cream","Accuracy"],"campfire_rested":0,"item_purchase_floors":[10,20,20],"current_hp_per_floor":[70,56,56,56,31,46,46,30,30,30,30,30,29,29,29,48,70,50,28,28,0],"gold":14,"neow_bonus":"THREE_ENEMY_KILL","is_prod":false,"is_daily":false,"chose_seed":false,"campfire_upgraded":1,"win_rate":0,"timestamp":1547174099,"path_taken":["M","?","?","?","?","E","R","?","T","?","M","M","?","?","R","BOSS","M","?","$","M"],"build_version":"2019-01-10","purchased_purges":1,"victory":false,"max_hp_per_floor":[70,70,70,70,70,70,70,70,70,70,70,70,70,70,70,70,70,70,70,70,70],"card_choices":[{"not_picked":["Poisoned Stab","Dodge and Roll","Catalyst"],"picked":"SKIP","floor":1},{"not_picked":["Dagger Throw","Eviscerate","Accuracy"],"picked":"SKIP","floor":4},{"not_picked":["Leg Sweep","Eviscerate","Underhanded Strike"],"picked":"SKIP","floor":6},{"not_picked":["Eviscerate","Deflect"],"picked":"Setup","floor":11},{"not_picked":["Deadly Poison","Glass Knife"],"picked":"Blur","floor":12},{"not_picked":["Quick Slash","Dagger Throw"],"picked":"Outmaneuver","floor":13},{"not_picked":["Phantasmal Killer","Adrenaline"],"picked":"After Image","floor":16},{"not_picked":["Dagger Spray","Flying Knee"],"picked":"Blade Dance","floor":18},{"not_picked":["Expertise","Deadly Poison+1"],"picked":"Infinite Blades","floor":19}],"player_experience":283903,"relics_obtained":[{"floor":3,"key":"Ornamental Fan"},{"floor":6,"key":"Bronze Scales"},{"floor":8,"key":"Pocketwatch"},{"floor":9,"key":"Orichalcum"}],"event_choices":[{"damage_healed":0,"gold_gain":0,"player_choice":"Entered Light","damage_taken":14,"max_hp_gain":0,"max_hp_loss":0,"event_name":"Shining Light","floor":2,"gold_loss":0,"cards_upgraded":["Defend_G","Neutralize"]},{"damage_healed":0,"gold_gain":0,"player_choice":"Success","damage_taken":25,"relics_obtained":["Pantograph"],"max_hp_gain":0,"max_hp_loss":0,"event_name":"Scrap Ooze","floor":5,"gold_loss":0},{"damage_healed":0,"gold_gain":0,"player_choice":"Searched \u00272\u0027 times","damage_taken":0,"max_hp_gain":0,"max_hp_loss":0,"event_name":"Dead Adventurer","floor":8,"gold_loss":0},{"damage_healed":0,"gold_gain":0,"player_choice":"Got Potions","damage_taken":0,"max_hp_gain":0,"max_hp_loss":0,"event_name":"Lab","floor":14,"gold_loss":0}],"is_beta":false,"boss_relics":[{"not_picked":["Cursed Key","Coffee Dripper"],"picked":"Black Star"}],"items_purged_floors":[10],"is_endless":false,"potions_floor_spawned":[4,8,13,16],"killed_by":"Sentry and Sphere","ascension_level":2}