{"gold_per_floor":[117,67,67,86,86,115,115,142,168,180,198,212,232,243,243,343,343,357,357,369,150,161,161,194,194,218,25,25,41,41,41,41,144,144,160,160,160,171,3,3,37,37,37,70,2,19,52,52,52,52],"floor_reached":51,"playtime":4616,"items_purged":["Strike_R","Defend_R"],"score":1056,"play_id":"4f55ea88-a721-47d9-8249-4d28d4642a3f","local_time":"20190813200531","is_ascension_mode":true,"campfire_choices":[{"floor":7,"key":"REST"},{"data":"Armaments","floor":15,"key":"SMITH"},{"floor":23,"key":"REST"},{"floor":25,"key":"REST"},{"data":"Spot Weakness","floor":28,"key":"SMITH"},{"data":"Limit Break","floor":30,"key":"SMITH"},{"floor":32,"key":"REST"},{"data":"True Grit","floor":40,"key":"SMITH"},{"data":"Searing Blow+1","floor":42,"key":"SMITH"},{"floor":49,"key":"REST"}],"neow_cost":"NONE","seed_source_timestamp":115204690567988,"circlet_count":0,"master_deck":["Strike_R","Strike_R","Defend_R","Bash","Clash+1","Flame Barrier","Anger","Anger+1","Headbutt","Armaments+1","Burning Pact+1","Spot Weakness+1","Limit Break+1","Offering","True Grit+1","Spot Weakness+1","Forethought","Flame Barrier+1","Searing Blow+2","Fiend Fire","Power Through"],"relics":["Burning Blood","Red Skull","Orichalcum","Odd Mushroom","Whetstone","Busted Crown","Boot","PreservedInsect","Strawberry","Runic Pyramid","Bag of Marbles","Letter Opener","Dream Catcher","War Paint"],"potions_floor_usage":[8,11,24,33,33,35,44,46,50],"damage_taken":[{"damage":11,"enemies":"2 Louse","floor":1,"turns":3},{"damage":4,"enemies":"Small Slimes","floor":4,"turns":3},{"damage":40,"enemies":"3 Sentries","floor":6,"turns":10},{"damage":19,"enemies":"The Mushroom Lair","floor":8,"turns":5},{"damage":0,"enemies":"Cultist","floor":10,"turns":2},{"damage":1,"enemies":"Exordium Wildlife","floor":11,"turns":3},{"damage":1,"enemies":"2 Fungi Beasts","floor":12,"turns":3},{"damage":0,"enemies":"Large Slime","floor":13,"turns":3},{"damage":1,"enemies":"Looter","floor":14,"turns":3},{"damage":6,"enemies":"Slime Boss","floor":16,"turns":8},{"damage":7,"enemies":"Chosen","floor":18,"turns":3},{"damage":0,"enemies":"3 Byrds","floor":20,"turns":3},{"damage":43,"enemies":"Sentry and Sphere","floor":22,"turns":6},{"damage":48,"enemies":"Slavers","floor":24,"turns":4},{"damage":13,"enemies":"Snake Plant","floor":29,"turns":3},{"damage":50,"enemies":"Collector","floor":33,"turns":6},{"damage":11,"enemies":"3 Shapes","floor":35,"turns":6},{"damage":4,"enemies":"Orb Walker","floor":38,"turns":3},{"damage":7,"enemies":"Giant Head","floor":41,"turns":5},{"damage":33,"enemies":"Reptomancer","floor":44,"turns":4},{"damage":3,"enemies":"Sphere and 2 Shapes","floor":46,"turns":8},{"damage":16,"enemies":"Giant Head","floor":47,"turns":5},{"damage":54,"enemies":"Time Eater","floor":50,"turns":6}],"seed_played":"1003528275956305720","potions_obtained":[{"floor":4,"key":"SteroidPotion"},{"floor":6,"key":"Energy Potion"},{"floor":8,"key":"SpeedPotion"},{"floor":12,"key":"FearPotion"},{"floor":16,"key":"BloodPotion"},{"floor":29,"key":"FearPotion"},{"floor":38,"key":"EssenceOfSteel"},{"floor":44,"key":"Poison Potion"},{"floor":46,"key":"SpeedPotion"}],"is_trial":false,"path_per_floor":["M","?","?","M","?","E","R","?","T","M","M","M","M","M","R","B",null,"M","?","M","$","M","R","E","R","T","$","R","M","R","?","R","B",null,"M","?","?","M","$","R","E","R","T","E","$","M","E","$","R","B",null],"character_chosen":"IRONCLAD","items_purchased":["Offering","Strawberry","True Grit","Flame Barrier","Power Through"],"campfire_rested":5,"item_purchase_floors":[21,27,27,39,45],"current_hp_per_floor":[67,67,67,69,69,35,59,46,46,52,57,62,68,73,73,73,78,77,77,80,80,43,67,45,69,69,76,76,69,69,52,79,35,78,73,73,73,75,75,75,74,74,74,47,47,50,40,40,67,19],"gold":52,"neow_bonus":"TRANSFORM_CARD","is_prod":false,"is_daily":false,"chose_seed":false,"campfire_upgraded":5,"win_rate":0,"timestamp":1565723131,"path_taken":["M","?","?","?","?","E","R","?","T","M","M","M","M","M","R","BOSS","M","?","M","$","M","R","E","R","T","$","R","M","R","?","R","BOSS","M","?","?","M","$","R","E","R","T","E","?","?","E","$","R","BOSS"],"build_version":"2019-07-17","purchased_purges":2,"victory":true,"max_hp_per_floor":[80,80,80,80,80,80,80,80,80,80,80,80,80,80,80,80,80,80,80,80,80,80,80,80,80,80,87,87,87,87,92,92,92,92,92,92,92,92,92,92,92,92,92,92,92,92,92,92,92,92],"card_choices":[{"not_picked":["Rage","Cleave"],"picked":"Clash","floor":1},{"not_picked":["Second Wind","Heavy Blade"],"picked":"Flame Barrier","floor":4},{"not_picked":["Shockwave","Hemokinesis"],"picked":"Anger","floor":6},{"not_picked":["Warcry","Rupture"],"picked":"Anger","floor":8},{"not_picked":["Iron Wave","Shrug It Off"],"picked":"Headbutt","floor":10},{"not_picked":["Anger","Clothesline"],"picked":"Armaments","floor":11},{"not_picked":["Intimidate","Clash"],"picked":"Burning Pact","floor":12},{"not_picked":["Iron Wave","Uppercut"],"picked":"Spot Weakness","floor":13},{"not_picked":["Clothesline","Brutality","Havoc"],"picked":"SKIP","floor":14},{"not_picked":["Fiend Fire","Reaper"],"picked":"Limit Break","floor":16},{"not_picked":["Perfected Strike+1"],"picked":"SKIP","floor":18},{"not_picked":["Wild Strike+1"],"picked":"SKIP","floor":20},{"not_picked":["Armaments"],"picked":"SKIP","floor":22},{"not_picked":["Searing Blow+1"],"picked":"SKIP","floor":24},{"not_picked":[],"picked":"Spot Weakness+1","floor":29},{"not_picked":["Havoc+1"],"picked":"SKIP","floor":35},{"not_picked":[],"picked":"Forethought","floor":37},{"not_picked":["Evolve"],"picked":"SKIP","floor":38},{"not_picked":[],"picked":"Searing Blow+1","floor":41},{"not_picked":[],"picked":"Fiend Fire","floor":44},{"not_picked":["Clash"],"picked":"SKIP","floor":46},{"not_picked":["Pommel Strike"],"picked":"SKIP","floor":47}],"player_experience":196164,"relics_obtained":[{"floor":6,"key":"Orichalcum"},{"floor":8,"key":"Odd Mushroom"},{"floor":9,"key":"Whetstone"},{"floor":24,"key":"Boot"},{"floor":26,"key":"PreservedInsect"},{"floor":41,"key":"Bag of Marbles"},{"floor":43,"key":"Letter Opener"},{"floor":44,"key":"Dream Catcher"},{"floor":47,"key":"War Paint"}],"event_choices":[{"cards_removed":["Defend_R"],"damage_healed":0,"gold_gain":0,"player_choice":"Card Removal","damage_taken":0,"max_hp_gain":0,"max_hp_loss":0,"event_name":"The Cleric","floor":2,"gold_loss":50},{"cards_removed":["Rampage"],"damage_healed":0,"gold_gain":0,"player_choice":"Gave Card","damage_taken":0,"relics_obtained":["Red Skull"],"max_hp_gain":0,"max_hp_loss":0,"event_name":"WeMeetAgain","floor":3,"gold_loss":0},{"damage_healed":0,"gold_gain":0,"player_choice":"Ignored","damage_taken":0,"max_hp_gain":0,"max_hp_loss":0,"event_name":"Golden Idol","floor":5,"gold_loss":0},{"damage_healed":0,"gold_gain":0,"player_choice":"Fought Mushrooms","damage_taken":0,"max_hp_gain":0,"max_hp_loss":0,"event_name":"Mushrooms","floor":8,"gold_loss":0},{"cards_removed":["Defend_R"],"damage_healed":0,"gold_gain":0,"player_choice":"Elegance","damage_taken":0,"max_hp_gain":0,"max_hp_loss":0,"event_name":"Back to Basics","floor":19,"gold_loss":0},{"damage_healed":0,"gold_gain":0,"player_choice":"Shed Blood","damage_taken":22,"max_hp_gain":5,"max_hp_loss":0,"event_name":"Forgotten Altar","floor":31,"gold_loss":0},{"cards_removed":["Strike_R"],"damage_healed":0,"gold_gain":0,"player_choice":"Removed Attack","damage_taken":0,"max_hp_gain":0,"max_hp_loss":0,"event_name":"Falling","floor":36,"gold_loss":0},{"damage_healed":0,"gold_gain":0,"player_choice":"Memory 1","damage_taken":0,"max_hp_gain":0,"max_hp_loss":0,"event_name":"SensoryStone","floor":37,"gold_loss":0}],"is_beta":false,"boss_relics":[{"not_picked":["Black Blood","Astrolabe"],"picked":"Busted Crown"},{"not_picked":["Mark of Pain","Sozu"],"picked":"Runic Pyramid"}],"items_purged_floors":[21,39],"is_endless":false,"potions_floor_spawned":[4,6,8,12,16,29,38,44,46],"ascension_level":9}