{"gold_per_floor":[360,376,376,393,343,343,376,376,376,405,17,17,17,28,28,124,124,140,150,162,176,176,176,176,189,213,213,138,138,138],"floor_reached":30,"playtime":1363,"items_purged":[],"score":406,"play_id":"338ba296-4aa6-452d-8cdc-72185cb527fd","local_time":"20190407101019","is_ascension_mode":true,"campfire_choices":[{"data":"Whirlwind","floor":6,"key":"SMITH"},{"floor":12,"key":"REST"},{"floor":15,"key":"REST"},{"data":"Bash","floor":23,"key":"SMITH"},{"floor":27,"key":"REST"}],"neow_cost":"TEN_PERCENT_HP_LOSS","seed_source_timestamp":99575582485057,"circlet_count":0,"master_deck":["AscendersBane","Strike_R","Strike_R","Strike_R","Defend_R","Defend_R","Defend_R","Defend_R","Bash+1","Evolve","Whirlwind+1","Iron Wave","Dual Wield","Offering","Fire Breathing","Feel No Pain","Ghostly","Ghostly","Ghostly","Ghostly","Ghostly","Fire Breathing","Flex","Dark Embrace"],"relics":["Burning Blood","Mummified Hand","WingedGreaves","Pantograph","Ancient Tea Set","Question Card","Bag of Preparation","Busted Crown","Happy Flower"],"potions_floor_usage":[10,16,21],"damage_taken":[{"damage":1,"enemies":"2 Louse","floor":1,"turns":2},{"damage":0,"enemies":"Small Slimes","floor":2,"turns":3},{"damage":15,"enemies":"Jaw Worm","floor":4,"turns":3},{"damage":35,"enemies":"3 Sentries","floor":7,"turns":5},{"damage":26,"enemies":"Gremlin Nob","floor":10,"turns":4},{"damage":27,"enemies":"Gremlin Gang","floor":14,"turns":4},{"damage":51,"enemies":"Slime Boss","floor":16,"turns":11},{"damage":31,"enemies":"Chosen","floor":18,"turns":5},{"damage":7,"enemies":"3 Byrds","floor":19,"turns":4},{"damage":6,"enemies":"Centurion and Healer","floor":20,"turns":5},{"damage":18,"enemies":"Cultist and Chosen","floor":21,"turns":3},{"damage":14,"enemies":"Colosseum Slavers","floor":24,"turns":6},{"damage":0,"enemies":"3 Cultists","floor":25,"turns":5},{"damage":52,"enemies":"Snecko","floor":30,"turns":8}],"seed_played":"3931732580355936118","potions_obtained":[{"floor":1,"key":"SteroidPotion"},{"floor":14,"key":"Fire Potion"},{"floor":19,"key":"Strength Potion"},{"floor":21,"key":"Dexterity Potion"}],"is_trial":false,"path_per_floor":["M","M","?","M","?","R","E","?","T","E","$","R","$","M","R","B",null,"M","M","M","M","?","R","?","M","T","R","?","?","M"],"character_chosen":"IRONCLAD","items_purchased":["Question Card","Bag of Preparation"],"campfire_rested":3,"item_purchase_floors":[11,11],"current_hp_per_floor":[72,72,72,63,63,63,34,27,27,7,7,28,28,7,28,8,56,31,30,30,18,18,18,10,16,16,26,26,26,0],"gold":138,"neow_bonus":"TWO_FIFTY_GOLD","is_prod":false,"is_daily":false,"chose_seed":false,"campfire_upgraded":2,"win_rate":0,"timestamp":1554657019,"path_taken":["M","M","?","M","?","R","E","?","T","E","$","R","?","M","R","BOSS","M","M","?","M","?","R","?","?","T","R","?","?","M"],"build_version":"2019-01-23","purchased_purges":0,"victory":false,"max_hp_per_floor":[72,72,72,72,72,72,72,72,72,72,72,72,72,72,72,72,72,72,72,72,72,36,36,36,36,36,36,36,36,36],"card_choices":[{"not_picked":["Anger","Shrug It Off"],"picked":"Evolve","floor":1},{"not_picked":["Ghostly Armor","Cleave"],"picked":"Whirlwind","floor":2},{"not_picked":["Body Slam","Sentinel"],"picked":"Iron Wave","floor":4},{"not_picked":["Bloodletting","Warcry"],"picked":"Dual Wield","floor":7},{"not_picked":["Rupture","Anger","Infernal Blade"],"picked":"SKIP","floor":10},{"not_picked":["Sword Boomerang","Anger","Intimidate","Bloodletting"],"picked":"SKIP","floor":14},{"not_picked":["Dark Embrace","Impervious","Barricade"],"picked":"Offering","floor":16},{"not_picked":["Evolve","Anger"],"picked":"SKIP","floor":18},{"not_picked":["Iron Wave"],"picked":"Fire Breathing","floor":19},{"not_picked":["Flex","Dual Wield"],"picked":"SKIP","floor":20},{"not_picked":["Heavy Blade"],"picked":"Feel No Pain","floor":21},{"not_picked":["Headbutt"],"picked":"Fire Breathing","floor":25}],"player_experience":622641,"relics_obtained":[{"floor":7,"key":"WingedGreaves"},{"floor":9,"key":"Pantograph"},{"floor":10,"key":"Ancient Tea Set"},{"floor":26,"key":"Happy Flower"}],"event_choices":[{"damage_healed":0,"gold_gain":0,"player_choice":"Box","damage_taken":0,"relics_obtained":["Mummified Hand"],"max_hp_gain":0,"max_hp_loss":0,"event_name":"Big Fish","floor":3,"gold_loss":0,"cards_obtained":["Regret"]},{"cards_removed":["Regret"],"damage_healed":0,"gold_gain":0,"player_choice":"Card Removal","damage_taken":0,"max_hp_gain":0,"max_hp_loss":0,"event_name":"The Cleric","floor":5,"gold_loss":50},{"cards_removed":["Strike_R"],"damage_healed":0,"gold_gain":0,"player_choice":"Card Removal","damage_taken":7,"max_hp_gain":0,"max_hp_loss":0,"event_name":"Golden Wing","floor":8,"gold_loss":0},{"damage_healed":0,"gold_gain":0,"player_choice":"Became a Ghost","damage_taken":0,"max_hp_gain":0,"max_hp_loss":36,"event_name":"Ghosts","floor":22,"gold_loss":0,"cards_obtained":["Ghostly","Ghostly","Ghostly","Ghostly","Ghostly"]},{"damage_healed":0,"gold_gain":0,"player_choice":"Fight","damage_taken":0,"max_hp_gain":0,"max_hp_loss":0,"event_name":"Colosseum","floor":24,"gold_loss":0},{"damage_healed":0,"gold_gain":0,"player_choice":"Fled From Nobs","damage_taken":0,"max_hp_gain":0,"max_hp_loss":0,"event_name":"Colosseum","floor":24,"gold_loss":0},{"cards_removed":["Strike_R"],"damage_healed":0,"gold_gain":0,"player_choice":"Gave Gold","damage_taken":0,"max_hp_gain":0,"max_hp_loss":0,"event_name":"Beggar","floor":28,"gold_loss":75},{"damage_healed":0,"gold_gain":0,"player_choice":"2 cards matched","damage_taken":0,"max_hp_gain":0,"max_hp_loss":0,"event_name":"Match and Keep!","floor":29,"gold_loss":0,"cards_obtained":["Flex","Dark Embrace"]}],"is_beta":false,"boss_relics":[{"not_picked":["Pandora\u0027s Box","Sozu"],"picked":"Busted Crown"}],"items_purged_floors":[],"is_endless":false,"potions_floor_spawned":[1,14,19,21,24],"killed_by":"Snecko","ascension_level":12}