{"gold_per_floor":[110,185,199,214,234,268,280,280,306,306,306,406,406,424,424,424],"floor_reached":16,"playtime":670,"items_purged":[],"score":152,"play_id":"ef13d375-e073-48ae-9e9a-6d69f53ea241","local_time":"20190130202742","is_ascension_mode":false,"campfire_choices":[{"floor":8,"key":"REST"},{"data":"Body Slam","floor":15,"key":"SMITH"}],"neow_cost":"NONE","seed_source_timestamp":0,"circlet_count":0,"master_deck":["Strike_R","Strike_R","Strike_R","Strike_R","Strike_R","Defend_R","Defend_R","Defend_R","Defend_R","Bash","Body Slam+1"],"special_seed":0,"relics":["Burning Blood","Centennial Puzzle","PreservedInsect","Juzu Bracelet","Golden Idol"],"potions_floor_usage":[6,6,16],"damage_taken":[{"damage":2,"enemies":"2 Louse","floor":1,"turns":4},{"damage":1,"enemies":"Cultist","floor":3,"turns":3},{"damage":0,"enemies":"Small Slimes","floor":4,"turns":3},{"damage":32,"enemies":"Gremlin Gang","floor":5,"turns":7},{"damage":43,"enemies":"3 Sentries","floor":6,"turns":12},{"damage":6,"enemies":"Red Slaver","floor":7,"turns":5},{"damage":10,"enemies":"Large Slime","floor":14,"turns":7},{"damage":42,"enemies":"Slime Boss","floor":16,"turns":8}],"seed_played":"-9107271281189812813","potions_obtained":[{"floor":3,"key":"FearPotion"},{"floor":5,"key":"SpeedPotion"},{"floor":6,"key":"GamblersBrew"}],"is_trial":false,"path_per_floor":["M","?","M","M","M","E","M","R","T","?","?","?","?","M","R","B"],"character_chosen":"IRONCLAD","items_purchased":[],"campfire_rested":1,"item_purchase_floors":[],"current_hp_per_floor":[80,69,74,80,54,17,17,41,41,38,38,38,38,34,34,0],"gold":424,"neow_bonus":"THREE_CARDS","is_prod":false,"is_daily":false,"chose_seed":false,"campfire_upgraded":1,"win_rate":0,"timestamp":1548905262,"path_taken":["M","?","M","M","M","E","M","R","T","?","?","?","?","M","R","BOSS"],"build_version":"2019-01-23","purchased_purges":0,"victory":false,"max_hp_per_floor":[80,80,80,80,80,80,80,80,80,80,74,74,74,74,74,74],"card_choices":[{"not_picked":["Headbutt","Perfected Strike","True Grit"],"picked":"SKIP","floor":1},{"not_picked":["Sentinel","Sword Boomerang","Headbutt"],"picked":"SKIP","floor":3},{"not_picked":["Armaments","Anger","Cleave"],"picked":"SKIP","floor":4},{"not_picked":["Cleave","Sword Boomerang","Corruption"],"picked":"SKIP","floor":5},{"not_picked":["Armaments","Wild Strike","Heavy Blade"],"picked":"SKIP","floor":6},{"not_picked":["Evolve","Sentinel","Clothesline"],"picked":"SKIP","floor":7},{"not_picked":["Bludgeon","Anger"],"picked":"Body Slam","floor":14}],"player_experience":344775,"relics_obtained":[{"floor":6,"key":"Centennial Puzzle"},{"floor":9,"key":"PreservedInsect"}],"event_choices":[{"damage_healed":0,"gold_gain":75,"player_choice":"Gather Gold","damage_taken":11,"max_hp_gain":0,"max_hp_loss":0,"event_name":"World of Goop","floor":2,"gold_loss":0},{"damage_healed":0,"gold_gain":0,"player_choice":"Success","damage_taken":3,"relics_obtained":["Juzu Bracelet"],"max_hp_gain":0,"max_hp_loss":0,"event_name":"Scrap Ooze","floor":10,"gold_loss":0},{"damage_healed":0,"gold_gain":0,"player_choice":"Lose Max HP","damage_taken":0,"relics_obtained":["Golden Idol"],"max_hp_gain":0,"max_hp_loss":6,"event_name":"Golden Idol","floor":11,"gold_loss":0},{"damage_healed":0,"gold_gain":100,"player_choice":"Pray","damage_taken":0,"max_hp_gain":0,"max_hp_loss":0,"event_name":"Golden Shrine","floor":12,"gold_loss":0},{"damage_healed":0,"gold_gain":0,"player_choice":"Ignored","damage_taken":0,"max_hp_gain":0,"max_hp_loss":0,"event_name":"Liars Game","floor":13,"gold_loss":0}],"is_beta":false,"boss_relics":[],"items_purged_floors":[],"is_endless":false,"potions_floor_spawned":[3,5,6],"killed_by":"Slime Boss","ascension_level":0}