{"gold_per_floor":[118,68,68,68,79,113,113,288,288,26,26],"floor_reached":11,"playtime":842,"items_purged":["Doubt"],"score":79,"play_id":"3bfce499-c95c-4091-ac8e-032eea7230de","local_time":"20190117183921","is_ascension_mode":true,"campfire_choices":[{"data":"Conserve Battery","floor":7,"key":"SMITH"}],"neow_cost":"NONE","seed_source_timestamp":569193728329449,"circlet_count":0,"master_deck":["Strike_B","Strike_B","Strike_B","Strike_B","Defend_B","Defend_B","Defend_B","Zap","Dualcast","Coolheaded","Conserve Battery+1","Blizzard"],"relics":["Philosopher\u0027s Stone","Blue Candle","Blood Vial"],"potions_floor_usage":[6,6,11],"damage_taken":[{"damage":6,"enemies":"Small Slimes","floor":1,"turns":4},{"damage":3,"enemies":"Jaw Worm","floor":5,"turns":3},{"damage":40,"enemies":"Gremlin Nob","floor":6,"turns":5},{"damage":35,"enemies":"3 Sentries","floor":11,"turns":8}],"seed_played":"-2330295467397238354","potions_obtained":[{"floor":1,"key":"SteroidPotion"},{"floor":5,"key":"SneckoOil"},{"floor":6,"key":"SteroidPotion"}],"is_trial":false,"path_per_floor":["M","?","$","?","M","E","R","?","T","$","E"],"character_chosen":"DEFECT","items_purchased":["Blizzard","Blood Vial"],"campfire_rested":0,"item_purchase_floors":[10,10],"current_hp_per_floor":[69,69,69,74,71,31,31,31,31,31,0],"gold":26,"neow_bonus":"BOSS_RELIC","is_prod":false,"is_daily":false,"chose_seed":false,"campfire_upgraded":1,"win_rate":0,"timestamp":1547775561,"path_taken":["M","?","$","?","M","E","R","?","T","$","E"],"build_version":"2019-01-10","purchased_purges":1,"victory":false,"max_hp_per_floor":[75,75,75,80,80,80,80,80,80,80,80],"card_choices":[{"not_picked":["Steam Power","Lockon","Compile Driver"],"picked":"SKIP","floor":1},{"not_picked":["Compile Driver","Beam Cell"],"picked":"Coolheaded","floor":5},{"not_picked":["FTL","Static Discharge"],"picked":"Conserve Battery","floor":6}],"player_experience":306606,"relics_obtained":[{"floor":6,"key":"Blue Candle"}],"event_choices":[{"cards_removed":["Defend_B"],"damage_healed":0,"gold_gain":0,"player_choice":"Card Removal","damage_taken":0,"max_hp_gain":0,"max_hp_loss":0,"event_name":"The Cleric","floor":2,"gold_loss":50},{"damage_healed":0,"gold_gain":0,"player_choice":"Donut","damage_taken":0,"max_hp_gain":5,"max_hp_loss":0,"event_name":"Big Fish","floor":4,"gold_loss":0},{"damage_healed":0,"gold_gain":175,"player_choice":"AGREE","damage_taken":0,"max_hp_gain":0,"max_hp_loss":0,"event_name":"Liars Game","floor":8,"gold_loss":0,"cards_obtained":["Doubt"]}],"is_beta":false,"boss_relics":[],"items_purged_floors":[10],"is_endless":false,"potions_floor_spawned":[1,5,6],"killed_by":"3 Sentries","ascension_level":3}