{"gold_per_floor":[362,362,70,70,80,80,93,93,93,110,123,48,61,80,80,80],"floor_reached":16,"playtime":683,"items_purged":["Whirlwind"],"score":94,"play_id":"4556528e-a48a-4b8d-aacc-71098c5feec6","local_time":"20190205214701","is_ascension_mode":false,"campfire_choices":[{"data":"Bash","floor":6,"key":"SMITH"},{"data":"Second Wind","floor":8,"key":"SMITH"},{"data":"Dark Embrace","floor":15,"key":"SMITH"}],"neow_cost":"PERCENT_DAMAGE","seed_source_timestamp":755779504377191,"circlet_count":0,"master_deck":["Strike_R","Strike_R","Strike_R","Defend_R","Defend_R","Defend_R","Defend_R","Bash+1","Second Wind+1","Dark Embrace+1"],"relics":["Burning Blood","Unceasing Top"],"potions_floor_usage":[10,13,13,13,13],"damage_taken":[{"damage":7,"enemies":"Small Slimes","floor":1,"turns":3},{"damage":10,"enemies":"Cultist","floor":5,"turns":4},{"damage":0,"enemies":"2 Louse","floor":7,"turns":2},{"damage":9,"enemies":"Red Slaver","floor":10,"turns":5},{"damage":36,"enemies":"Gremlin Gang","floor":11,"turns":9},{"damage":11,"enemies":"Lots of Slimes","floor":13,"turns":4},{"damage":3,"enemies":"2 Fungi Beasts","floor":14,"turns":6},{"damage":31,"enemies":"Slime Boss","floor":16,"turns":8}],"seed_played":"3122243945328745499","potions_obtained":[{"floor":1,"key":"SpeedPotion"},{"floor":5,"key":"Weak Potion"},{"floor":11,"key":"EntropicBrew"}],"is_trial":false,"path_per_floor":["M","?","$","?","M","R","M","R","T","M","M","$","M","M","R","B"],"character_chosen":"IRONCLAD","items_purchased":["Unceasing Top"],"campfire_rested":0,"item_purchase_floors":[3],"current_hp_per_floor":[55,55,55,55,51,51,57,57,57,54,24,24,27,30,30,0],"gold":80,"neow_bonus":"TWO_FIFTY_GOLD","is_prod":false,"is_daily":false,"chose_seed":false,"campfire_upgraded":3,"win_rate":0,"timestamp":1549428421,"path_taken":["M","?","$","?","M","R","M","R","T","M","?","$","M","M","R","BOSS"],"build_version":"2019-01-23","purchased_purges":1,"victory":false,"max_hp_per_floor":[80,80,80,80,80,80,80,80,80,80,80,80,80,80,80,80],"card_choices":[{"not_picked":["Clash","Anger"],"picked":"Second Wind","floor":1},{"not_picked":["Clothesline","Intimidate","Sword Boomerang"],"picked":"SKIP","floor":5},{"not_picked":["Iron Wave","Havoc","Clash"],"picked":"SKIP","floor":7},{"not_picked":["Hemokinesis","Flame Barrier","Clash"],"picked":"SKIP","floor":10},{"not_picked":["Seeing Red","Juggernaut","Cleave"],"picked":"SKIP","floor":11},{"not_picked":["Corruption","Headbutt","Wild Strike"],"picked":"SKIP","floor":13},{"not_picked":["Burning Pact","Shrug It Off"],"picked":"Dark Embrace","floor":14}],"player_experience":368424,"relics_obtained":[],"event_choices":[{"cards_removed":["Strike_R"],"damage_healed":0,"gold_gain":0,"player_choice":"Forget","damage_taken":0,"max_hp_gain":0,"max_hp_loss":0,"event_name":"Living Wall","floor":2,"gold_loss":0},{"damage_healed":0,"gold_gain":0,"cards_transformed":["Strike_R"],"player_choice":"Transformed","damage_taken":0,"max_hp_gain":0,"max_hp_loss":0,"event_name":"Transmorgrifier","floor":4,"gold_loss":0,"cards_obtained":["Whirlwind"]}],"is_beta":false,"boss_relics":[],"items_purged_floors":[12],"is_endless":false,"potions_floor_spawned":[1,5,11],"killed_by":"Slime Boss","ascension_level":0}