{"gold_per_floor":[114,189,189,489,34,59,59,59,59,77,98,122,143,159,159,287,287,300,215,175,190,214,214,214],"floor_reached":24,"playtime":1112,"items_purged":["Strike_R"],"score":248,"play_id":"4c906bb6-696b-4240-b886-0b0ecac3081d","local_time":"20190214215330","is_ascension_mode":true,"campfire_choices":[{"data":"Berserk","floor":7,"key":"SMITH"},{"floor":15,"key":"REST"},{"floor":23,"key":"REST"}],"neow_cost":"CURSE","seed_source_timestamp":73909559708477,"circlet_count":0,"master_deck":["Strike_R","Strike_R","Strike_R","Strike_R","Defend_R","Defend_R","Defend_R","Defend_R","Bash","Berserk+1","Inflame","Anger","True Grit","Pommel Strike","Pommel Strike","Limit Break","Seeing Red+1","True Grit+1","Armaments+1"],"relics":["Burning Blood","Old Coin","Nunchaku","Frozen Egg 2","Golden Idol","Pen Nib","Fusion Hammer","Potion Belt"],"potions_floor_usage":[6,11,12,21,21,24],"damage_taken":[{"damage":14,"enemies":"Cultist","floor":1,"turns":4},{"damage":38,"enemies":"Gremlin Nob","floor":6,"turns":4},{"damage":15,"enemies":"Small Slimes","floor":10,"turns":4},{"damage":7,"enemies":"Jaw Worm","floor":11,"turns":3},{"damage":10,"enemies":"3 Louse","floor":12,"turns":7},{"damage":15,"enemies":"Blue Slaver","floor":13,"turns":3},{"damage":1,"enemies":"Looter","floor":14,"turns":3},{"damage":35,"enemies":"The Guardian","floor":16,"turns":11},{"damage":12,"enemies":"Spheric Guardian","floor":18,"turns":4},{"damage":30,"enemies":"3 Byrds","floor":21,"turns":5},{"damage":29,"enemies":"Snake Plant","floor":22,"turns":4},{"damage":44,"enemies":"Slavers","floor":24,"turns":3}],"seed_played":"-6929617867588232020","potions_obtained":[{"floor":1,"key":"SpeedPotion"},{"floor":6,"key":"GamblersBrew"},{"floor":11,"key":"Regen Potion"},{"floor":13,"key":"Strength Potion"},{"floor":14,"key":"FearPotion"},{"floor":20,"key":"SneckoOil"},{"floor":20,"key":"Regen Potion"},{"floor":20,"key":"GamblersBrew"},{"floor":21,"key":"Explosive Potion"}],"is_trial":false,"path_per_floor":["M","?","?","T","$","E","R","?","T","M","M","M","M","M","R","B",null,"M","?","?","M","M","R","E"],"character_chosen":"IRONCLAD","items_purchased":["Nunchaku","Inflame"],"campfire_rested":2,"item_purchase_floors":[5,5],"current_hp_per_floor":[72,61,54,54,54,22,22,22,22,13,12,23,14,19,41,12,59,53,53,53,43,20,42,0],"gold":214,"neow_bonus":"THREE_RARE_CARDS","is_prod":false,"is_daily":false,"chose_seed":false,"campfire_upgraded":1,"win_rate":0,"timestamp":1550206410,"path_taken":["M","?","?","?","$","E","R","?","T","M","M","M","M","M","R","BOSS","M","?","?","?","M","R","E"],"build_version":"2019-01-23","purchased_purges":1,"victory":false,"max_hp_per_floor":[80,80,80,80,80,80,80,74,74,74,74,74,74,74,74,74,74,74,74,74,74,74,74,74],"card_choices":[{"not_picked":["Bludgeon","Offering"],"picked":"Berserk","floor":0},{"not_picked":["Havoc","Headbutt","Cleave"],"picked":"SKIP","floor":1},{"not_picked":["Cleave","Body Slam","Bloodletting"],"picked":"SKIP","floor":6},{"not_picked":["Corruption+1","Sword Boomerang"],"picked":"Anger","floor":10},{"not_picked":["Heavy Blade","Ghostly Armor"],"picked":"True Grit","floor":11},{"not_picked":["Havoc","Ghostly Armor","Spot Weakness"],"picked":"SKIP","floor":12},{"not_picked":["Power Through","Carnage"],"picked":"Pommel Strike","floor":13},{"not_picked":["Blood for Blood","Clash"],"picked":"Pommel Strike","floor":14},{"not_picked":["Offering","Reaper"],"picked":"Limit Break","floor":16},{"not_picked":["Carnage","Clash"],"picked":"Seeing Red+1","floor":18},{"not_picked":["Flex","Searing Blow"],"picked":"True Grit+1","floor":21},{"not_picked":["Second Wind","Hemokinesis"],"picked":"Armaments+1","floor":22}],"player_experience":402075,"relics_obtained":[{"floor":4,"key":"Old Coin"},{"floor":6,"key":"Frozen Egg 2"},{"floor":9,"key":"Pen Nib"}],"event_choices":[{"damage_healed":0,"gold_gain":75,"player_choice":"Gather Gold","damage_taken":11,"max_hp_gain":0,"max_hp_loss":0,"event_name":"World of Goop","floor":2,"gold_loss":0},{"cards_removed":["Normality"],"damage_healed":0,"gold_gain":0,"player_choice":"Card Removal","damage_taken":7,"max_hp_gain":0,"max_hp_loss":0,"event_name":"Golden Wing","floor":3,"gold_loss":0},{"damage_healed":0,"gold_gain":0,"player_choice":"Lose Max HP","damage_taken":0,"relics_obtained":["Golden Idol"],"max_hp_gain":0,"max_hp_loss":6,"event_name":"Golden Idol","floor":8,"gold_loss":0},{"damage_healed":0,"gold_gain":0,"player_choice":"Obtained Relic","damage_taken":0,"relics_obtained":["Potion Belt"],"max_hp_gain":0,"max_hp_loss":0,"event_name":"Addict","floor":19,"gold_loss":85},{"damage_healed":0,"gold_gain":0,"player_choice":"Bought 3 Potions","damage_taken":0,"max_hp_gain":0,"max_hp_loss":0,"event_name":"The Woman in Blue","floor":20,"gold_loss":0}],"is_beta":false,"boss_relics":[{"not_picked":["Runic Dome","White Beast Statue"],"picked":"Fusion Hammer"}],"items_purged_floors":[5],"is_endless":false,"potions_floor_spawned":[1,6,11,13,14,21],"killed_by":"Slavers","ascension_level":5}