{"gold_per_floor":[109,109,124,12,32,32,49,49,49,49,75,28,28,55,55,160,160,180,180,197,216,58,58,8,8,8,8,107,117,31,46,46,46],"floor_reached":33,"playtime":1869,"items_purged":["Strike_B","Zap+1","Lockon","Strike_B"],"score":281,"play_id":"a3588ce8-bb5c-44cd-9e0d-6f2bb72b0824","local_time":"20181221020225","is_ascension_mode":true,"campfire_choices":[{"data":"Streamline","floor":6,"key":"SMITH"},{"data":"Streamline","floor":8,"key":"SMITH"},{"data":"Zap","floor":10,"key":"SMITH"},{"data":"Redo","floor":13,"key":"SMITH"},{"data":"Recycle","floor":15,"key":"SMITH"},{"data":"Conserve Battery","floor":23,"key":"SMITH"},{"data":"Reboot","floor":27,"key":"SMITH"},{"floor":32,"key":"REST"}],"neow_cost":"NONE","seed_source_timestamp":145018356074005,"circlet_count":0,"master_deck":["Strike_B","Strike_B","Defend_B","Defend_B","Defend_B","Defend_B","Dualcast","Core Surge","Sweeping Beam","Beam Cell","Streamline+1","Streamline+1","Redo+1","Recycle+1","Reboot+1","Gash","Gash","Conserve Battery+1","FTL","BootSequence","Capacitor","Conserve Battery"],"relics":["FrozenCore","Question Card","Anchor","Smiling Mask","Singing Bowl"],"potions_floor_usage":[16,16,33,33,33],"damage_taken":[{"damage":0,"enemies":"2 Louse","floor":1,"turns":2},{"damage":0,"enemies":"Cultist","floor":3,"turns":3},{"damage":6,"enemies":"Jaw Worm","floor":5,"turns":2},{"damage":7,"enemies":"Blue Slaver","floor":7,"turns":2},{"damage":0,"enemies":"Gremlin Nob","floor":14,"turns":2},{"damage":26,"enemies":"The Guardian","floor":16,"turns":6},{"damage":17,"enemies":"Spheric Guardian","floor":18,"turns":4},{"damage":0,"enemies":"Chosen","floor":20,"turns":4},{"damage":25,"enemies":"Snake Plant","floor":21,"turns":5},{"damage":17,"enemies":"Snecko","floor":29,"turns":7},{"damage":7,"enemies":"Shelled Parasite and Fungi","floor":31,"turns":8},{"damage":54,"enemies":"Automaton","floor":33,"turns":12}],"seed_played":"3496983472173397726","potions_obtained":[{"floor":3,"key":"SpeedPotion"},{"floor":7,"key":"Swift Potion"},{"floor":20,"key":"SteroidPotion"},{"floor":29,"key":"Dexterity Potion"},{"floor":31,"key":"FearPotion"}],"is_trial":false,"path_per_floor":["M","?","M","$","M","R","M","R","T","R","T","$","R","E","R","B",null,"M","?","M","M","$","R","$","?","T","R","?","M","$","M","R","B"],"character_chosen":"DEFECT","items_purchased":["Lockon","Redo","FTL","BootSequence","Capacitor"],"campfire_rested":1,"item_purchase_floors":[4,12,22,22,30],"current_hp_per_floor":[75,75,75,75,69,69,62,62,62,62,62,62,62,62,62,36,75,58,58,58,33,33,33,33,33,33,33,33,18,18,11,34,0],"gold":46,"neow_bonus":"ONE_RANDOM_RARE_CARD","is_prod":false,"is_daily":false,"chose_seed":false,"campfire_upgraded":7,"win_rate":0,"timestamp":1545382945,"path_taken":["M","?","?","?","M","R","M","R","T","R","?","$","R","E","R","BOSS","M","?","M","?","?","R","$","?","T","R","?","?","$","M","R","BOSS"],"build_version":"2018-12-20","purchased_purges":4,"victory":false,"max_hp_per_floor":[75,75,75,75,75,75,75,75,75,75,75,75,75,75,75,75,75,75,75,75,75,75,75,75,75,75,75,75,77,77,77,77,77],"card_choices":[{"not_picked":["Rebound","Ball Lightning"],"picked":"Sweeping Beam","floor":1},{"not_picked":["Static Discharge","Barrage","Compile Driver"],"picked":"Beam Cell","floor":3},{"not_picked":["Aggregate","Chill","Defragment"],"picked":"Streamline","floor":5},{"not_picked":["Coolheaded","Redo","Static Discharge"],"picked":"Streamline","floor":7},{"not_picked":["Core Surge","Turbo","Hello World"],"picked":"Recycle","floor":14},{"not_picked":["Meteor Strike","Electrodynamics","Rainbow"],"picked":"Reboot","floor":16},{"not_picked":["Heatsinks","Compile Driver","Ball Lightning"],"picked":"Gash","floor":18},{"not_picked":["Leap+1","Sweeping Beam","Hologram","Barrage+1"],"picked":"SKIP","floor":20},{"not_picked":["Melter+1","Fusion","Turbo"],"picked":"Conserve Battery","floor":21},{"not_picked":["Conserve Battery","Barrage","Streamline+1","Chaos"],"picked":"Singing Bowl","floor":29},{"not_picked":["Chaos","Loop","Rebound"],"picked":"Conserve Battery","floor":31}],"player_experience":135697,"relics_obtained":[{"floor":2,"key":"Question Card"},{"floor":11,"key":"Anchor"},{"floor":14,"key":"Smiling Mask"},{"floor":26,"key":"Singing Bowl"}],"event_choices":[{"damage_healed":0,"gold_gain":0,"player_choice":"Relic","damage_taken":0,"max_hp_gain":0,"max_hp_loss":0,"event_name":"Wheel of Change","floor":2,"gold_loss":0},{"damage_healed":0,"gold_gain":0,"player_choice":"Copied","damage_taken":0,"max_hp_gain":0,"max_hp_loss":0,"event_name":"Duplicator","floor":19,"gold_loss":0,"cards_obtained":["Gash"]},{"damage_healed":0,"gold_gain":0,"player_choice":"Ignored","damage_taken":0,"max_hp_gain":0,"max_hp_loss":0,"event_name":"Cursed Tome","floor":25,"gold_loss":0},{"damage_healed":0,"gold_gain":99,"player_choice":"Stole From Cult","damage_taken":0,"max_hp_gain":0,"max_hp_loss":0,"event_name":"Nest","floor":28,"gold_loss":0}],"is_beta":false,"boss_relics":[{"not_picked":["Orrery","Ectoplasm"],"picked":"FrozenCore"}],"items_purged_floors":[4,22,24,30],"is_endless":false,"potions_floor_spawned":[3,7,20,29,31],"killed_by":"Automaton","ascension_level":1}