{"gold_per_floor":[110,110,122,138,313,346,346,346,394,412,412,427,427,61,61,185,185,203,128,152,152,72,72,72],"floor_reached":24,"playtime":1129,"items_purged":["Doubt","Strike_B"],"score":194,"play_id":"b0ed4bf2-d6a3-4b24-be9e-ef8e4d9dbf08","local_time":"20190201213433","is_ascension_mode":false,"campfire_choices":[{"floor":8,"key":"REST"},{"data":"Recycle","floor":11,"key":"SMITH"},{"floor":15,"key":"REST"},{"data":"Genetic Algorithm","floor":23,"key":"SMITH"}],"neow_cost":"TEN_PERCENT_HP_LOSS","seed_source_timestamp":408966391081111,"circlet_count":0,"master_deck":["Strike_B+1","Strike_B","Defend_B","Defend_B","Defend_B+1","Zap","Dualcast","Echo Form","Recycle+1","Genetic Algorithm+1","Gash","Coolheaded"],"relics":["FrozenCore","DataDisk","Golden Idol","Orichalcum","Thread and Needle","The Courier"],"potions_floor_usage":[10,16],"damage_taken":[{"damage":6,"enemies":"Jaw Worm","floor":1,"turns":3},{"damage":0,"enemies":"2 Louse","floor":3,"turns":1},{"damage":6,"enemies":"Cultist","floor":4,"turns":4},{"damage":34,"enemies":"3 Sentries","floor":6,"turns":9},{"damage":3,"enemies":"Large Slime","floor":10,"turns":4},{"damage":13,"enemies":"Exordium Wildlife","floor":12,"turns":4},{"damage":6,"enemies":"Hexaghost","floor":16,"turns":10},{"damage":0,"enemies":"Chosen","floor":18,"turns":7},{"damage":0,"enemies":"Shell Parasite","floor":20,"turns":7},{"damage":69,"enemies":"Book of Stabbing","floor":24,"turns":8}],"seed_played":"-4833252672010525274","potions_obtained":[{"floor":4,"key":"EssenceOfSteel"},{"floor":10,"key":"EssenceOfSteel"},{"floor":18,"key":"PowerPotion"}],"is_trial":false,"path_per_floor":["M","?","M","M","?","E","?","R","T","M","R","M","?","$","R","B",null,"M","?","M","?","$","R","E"],"character_chosen":"DEFECT","items_purchased":["Thread and Needle"],"campfire_rested":2,"item_purchase_floors":[14],"current_hp_per_floor":[62,55,55,49,49,15,15,33,33,30,30,17,4,4,22,16,63,63,63,63,63,63,63,0],"gold":72,"neow_bonus":"THREE_RARE_CARDS","is_prod":false,"is_daily":false,"chose_seed":false,"campfire_upgraded":2,"win_rate":0,"timestamp":1549082073,"path_taken":["M","?","M","M","?","E","?","R","T","?","R","?","?","$","R","BOSS","M","?","M","?","$","R","E"],"build_version":"2019-01-23","purchased_purges":2,"victory":false,"max_hp_per_floor":[68,68,68,68,68,68,63,63,63,63,63,63,63,63,63,63,63,63,63,63,63,63,63,63],"card_choices":[{"not_picked":["Buffer","Core Surge"],"picked":"Echo Form","floor":0},{"not_picked":["Go for the Eyes","Aggregate","Barrage"],"picked":"SKIP","floor":1},{"not_picked":["Coolheaded","Barrage"],"picked":"Recycle","floor":3},{"not_picked":["Barrage","Turbo","Recycle"],"picked":"SKIP","floor":4},{"not_picked":["White Noise","Turbo"],"picked":"Genetic Algorithm","floor":6},{"not_picked":["Sweeping Beam","Compile Driver","Blizzard"],"picked":"SKIP","floor":10},{"not_picked":["Conserve Battery","Multi-Cast"],"picked":"Gash","floor":12},{"not_picked":["Ball Lightning+1","Scrape"],"picked":"Coolheaded","floor":18},{"not_picked":["Reinforced Body","Aggregate+1","Glacier"],"picked":"SKIP","floor":20}],"player_experience":358824,"relics_obtained":[{"floor":6,"key":"DataDisk"},{"floor":9,"key":"Orichalcum"}],"event_choices":[{"cards_removed":["Defend_B"],"damage_healed":0,"gold_gain":0,"player_choice":"Card Removal","damage_taken":7,"max_hp_gain":0,"max_hp_loss":0,"event_name":"Golden Wing","floor":2,"gold_loss":0},{"damage_healed":0,"gold_gain":175,"player_choice":"AGREE","damage_taken":0,"max_hp_gain":0,"max_hp_loss":0,"event_name":"Liars Game","floor":5,"gold_loss":0,"cards_obtained":["Doubt"]},{"damage_healed":0,"gold_gain":0,"player_choice":"Lose Max HP","damage_taken":0,"relics_obtained":["Golden Idol"],"max_hp_gain":0,"max_hp_loss":5,"event_name":"Golden Idol","floor":7,"gold_loss":0},{"damage_healed":0,"gold_gain":0,"player_choice":"Entered Light","damage_taken":13,"max_hp_gain":0,"max_hp_loss":0,"event_name":"Shining Light","floor":13,"gold_loss":0,"cards_upgraded":["Defend_B","Strike_B"]},{"cards_removed":["Strike_B"],"damage_healed":0,"gold_gain":0,"player_choice":"Gave Gold","damage_taken":0,"max_hp_gain":0,"max_hp_loss":0,"event_name":"Beggar","floor":19,"gold_loss":75},{"damage_healed":0,"gold_gain":0,"player_choice":"Gave Potion","damage_taken":0,"relics_obtained":["The Courier"],"max_hp_gain":0,"max_hp_loss":0,"event_name":"WeMeetAgain","floor":21,"gold_loss":0}],"is_beta":false,"boss_relics":[{"not_picked":["White Beast Statue","Nuclear Battery"],"picked":"FrozenCore"}],"items_purged_floors":[14,22],"is_endless":false,"potions_floor_spawned":[4,10,18],"killed_by":"Book of Stabbing","ascension_level":0}