{"path_per_floor":["M","?","$","?","M","E","R","E","T","M","M","R","M","M","R","B",null,"M","?","$","?","$","R","E","?","T","R","$","M","$","M","R"],"character_chosen":"DEFECT","items_purchased":["Ball Lightning","Girya","Axe Kick"],"gold_per_floor":[118,68,17,17,33,66,66,102,175,193,212,212,227,242,242,372,372,397,397,28,28,28,28,63,63,63,63,15,36,36,51,51,51],"floor_reached":33,"campfire_rested":4,"playtime":1323,"current_hp_per_floor":[66,66,66,48,43,11,33,12,12,12,11,33,31,26,48,26,75,56,56,56,56,56,56,41,41,41,41,41,43,43,45,67,0],"items_purged":["Pain"],"gold":51,"score":287,"play_id":"6b14b2cb-a011-48d6-883f-9acb83fae0c0","local_time":"20180507171424","is_prod":false,"is_daily":false,"chose_seed":false,"is_ascension_mode":true,"campfire_upgraded":0,"timestamp":1525706064,"path_taken":["M","?","$","?","M","E","R","E","T","?","?","R","M","?","R","BOSS","M","?","$","?","?","R","E","?","T","R","$","?","?","M","R","BOSS"],"build_version":"2018-05-03","seed_source_timestamp":2521029479928188,"purchased_purges":1,"victory":false,"master_deck":["Strike_B","Strike_B","Strike_B","Defend_B","Defend_B","Defend_B","Defend_B","Zap","Dualcast","Impulse","Ball Lightning","Ball Lightning","Capacitor","Cold Snap","Beam Cell","FTL","Genetic Algorithm","Cold Snap","Machine Learning","Writhe","Barrage","Ball Lightning","Axe Kick+1","Axe Kick+1","Rip and Tear+1","FTL+1"],"max_hp_per_floor":[75,75,75,75,75,75,75,75,75,75,75,75,75,75,75,75,75,75,75,75,75,75,75,75,75,75,75,75,75,75,75,75,75],"relics":["Cracked Core","Golden Idol","Ancient Tea Set","Kunai","Centennial Puzzle","Calling Bell","Vajra","Meat on the Bone","Unceasing Top","Girya","Molten Egg 2","Art of War"],"card_choices":[{"not_picked":["Skim","Heatsinks"],"picked":"Impulse","floor":1},{"not_picked":["Axe Kick","Amplify"],"picked":"Ball Lightning","floor":5},{"not_picked":["Impulse","Melter"],"picked":"Capacitor","floor":6},{"not_picked":["Static Discharge","Streamline"],"picked":"Cold Snap","floor":8},{"not_picked":["Streamline","Static Discharge"],"picked":"Beam Cell","floor":10},{"not_picked":["Streamline","Impulse"],"picked":"FTL","floor":11},{"not_picked":["FTL","White Noise"],"picked":"Genetic Algorithm","floor":13},{"not_picked":["Force Field","Chaos"],"picked":"Cold Snap","floor":14},{"not_picked":["All For One","Amplify"],"picked":"Machine Learning","floor":16},{"not_picked":["Stack","Skim"],"picked":"Barrage","floor":18},{"not_picked":["Leap","Force Field"],"picked":"Axe Kick","floor":24},{"not_picked":["Axe Kick","Gash"],"picked":"Rip and Tear","floor":29},{"not_picked":["Redo","Capacitor"],"picked":"FTL","floor":31}],"player_experience":369199,"potions_floor_usage":[18,24,31,31],"damage_taken":[{"damage":9,"enemies":"Small Slimes","floor":1,"turns":3},{"damage":5,"enemies":"2 Louse","floor":5,"turns":2},{"damage":32,"enemies":"Gremlin Nob","floor":6,"turns":4},{"damage":21,"enemies":"Lagavulin","floor":8,"turns":5},{"damage":0,"enemies":"Jaw Worm","floor":10,"turns":3},{"damage":1,"enemies":"2 Fungi Beasts","floor":11,"turns":2},{"damage":2,"enemies":"Blue Slaver","floor":13,"turns":2},{"damage":5,"enemies":"3 Louse","floor":14,"turns":2},{"damage":22,"enemies":"Slime Boss","floor":16,"turns":9},{"damage":19,"enemies":"2 Thieves","floor":18,"turns":4},{"damage":27,"enemies":"Slavers","floor":24,"turns":4},{"damage":10,"enemies":"Shell Parasite","floor":29,"turns":2},{"damage":10,"enemies":"Centurion and Healer","floor":31,"turns":3},{"damage":69,"enemies":"Automaton","floor":33,"turns":6}],"event_choices":[{"event_name":"The Cleric","player_choice":"Card Removal","floor":2,"damage_taken":0},{"event_name":"Golden Idol","player_choice":"Take Damage","floor":4,"damage_taken":0},{"event_name":"Duplicator","player_choice":"One dupe","floor":19,"damage_taken":0},{"event_name":"Back to Basics","player_choice":"Elegance","floor":21,"damage_taken":0},{"event_name":"Drug Dealer","player_choice":"Ignored","floor":25,"damage_taken":0}],"boss_relics":[{"not_picked":["Eternal Feather","Tiny House"],"picked":"Calling Bell"}],"potions_floor_spawned":[6,11,13,14,29],"seed_played":"6176033097694849575","killed_by":"Automaton","ascension_level":1,"is_trial":false}