{"gold_per_floor":[109,109,123,183,258,284,284,304,304,304,479,479,20,39,39,137,137,154,154,154],"floor_reached":20,"playtime":1076,"items_purged":[],"score":187,"play_id":"1d3b64a3-4275-436b-8969-e59449c2f6d0","local_time":"20190707101053","is_ascension_mode":true,"campfire_choices":[{"floor":7,"key":"REST"},{"floor":12,"key":"REST"},{"data":"Armaments","floor":15,"key":"SMITH"}],"neow_cost":"NONE","seed_source_timestamp":784924380329808,"circlet_count":0,"master_deck":["Strike_R","Strike_R","Strike_R","Strike_R","Strike_R","Defend_R","Defend_R","Defend_R+1","Defend_R","Bash","Uppercut+1","Warcry+1","Heavy Blade","Immolate","Shrug It Off","Armaments+1","Berserk","Clumsy","Injury","Injury","Whirlwind+1"],"relics":["Burning Blood","Sundial","Omamori","Bag of Preparation","Meat on the Bone","War Paint","Calling Bell","Blood Vial","Question Card","Shovel"],"potions_floor_usage":[6,16],"damage_taken":[{"damage":7,"enemies":"Jaw Worm","floor":1,"turns":3},{"damage":7,"enemies":"Small Slimes","floor":3,"turns":3},{"damage":48,"enemies":"3 Sentries","floor":6,"turns":10},{"damage":9,"enemies":"2 Louse","floor":8,"turns":4},{"damage":0,"enemies":"Large Slime","floor":14,"turns":4},{"damage":78,"enemies":"Hexaghost","floor":16,"turns":11},{"damage":45,"enemies":"Spheric Guardian","floor":18,"turns":6},{"damage":46,"enemies":"Masked Bandits","floor":20,"turns":3}],"seed_played":"-361020036542632176","potions_obtained":[{"floor":1,"key":"Poison Potion"},{"floor":3,"key":"Weak Potion"},{"floor":6,"key":"Swift Potion"},{"floor":18,"key":"EntropicBrew"}],"is_trial":false,"path_per_floor":["M","?","M","?","?","E","R","M","T","?","?","R","$","M","R","B",null,"M","?","?"],"character_chosen":"IRONCLAD","items_purchased":["Shrug It Off","Meat on the Bone","War Paint"],"campfire_rested":2,"item_purchase_floors":[13,13,13],"current_hp_per_floor":[87,87,86,86,75,33,59,56,56,56,56,82,82,88,88,28,88,61,44,0],"gold":154,"neow_bonus":"TEN_PERCENT_HP_BONUS","is_prod":false,"is_daily":false,"chose_seed":false,"campfire_upgraded":1,"win_rate":0,"timestamp":1562490653,"path_taken":["M","?","M","?","?","E","R","M","T","?","?","R","$","M","R","BOSS","M","?","?"],"build_version":"2019-07-05","purchased_purges":0,"victory":false,"max_hp_per_floor":[88,88,88,88,88,88,88,88,88,88,88,88,88,88,88,88,88,88,93,93],"card_choices":[{"not_picked":["Evolve","Metallicize"],"picked":"Uppercut","floor":1},{"not_picked":["Rupture","Clothesline"],"picked":"Warcry","floor":3},{"not_picked":["Thunderclap","Havoc"],"picked":"Heavy Blade","floor":6},{"not_picked":["Shrug It Off","Perfected Strike"],"picked":"Immolate","floor":8},{"not_picked":["Shrug It Off","Havoc"],"picked":"Armaments","floor":14},{"not_picked":["Juggernaut","Dark Embrace"],"picked":"Berserk","floor":16},{"not_picked":["Cleave","Rage","Blood for Blood"],"picked":"Whirlwind+1","floor":18}],"player_experience":56103,"relics_obtained":[{"floor":6,"key":"Sundial"},{"floor":9,"key":"Omamori"},{"floor":17,"key":"Blood Vial"},{"floor":17,"key":"Question Card"},{"floor":17,"key":"Shovel"}],"event_choices":[{"damage_healed":0,"gold_gain":0,"player_choice":"Grow","damage_taken":0,"max_hp_gain":0,"max_hp_loss":0,"event_name":"Living Wall","floor":2,"gold_loss":0,"cards_upgraded":["Uppercut"]},{"damage_healed":0,"gold_gain":60,"player_choice":"Gained Gold","damage_taken":0,"max_hp_gain":0,"max_hp_loss":0,"event_name":"Golden Wing","floor":4,"gold_loss":0},{"damage_healed":0,"gold_gain":75,"player_choice":"Gather Gold","damage_taken":11,"max_hp_gain":0,"max_hp_loss":0,"event_name":"World of Goop","floor":5,"gold_loss":0},{"damage_healed":0,"gold_gain":0,"player_choice":"Box","damage_taken":0,"relics_obtained":["Bag of Preparation"],"max_hp_gain":0,"max_hp_loss":0,"event_name":"Big Fish","floor":10,"gold_loss":0,"cards_obtained":["Regret"]},{"damage_healed":0,"gold_gain":175,"player_choice":"AGREE","damage_taken":0,"max_hp_gain":0,"max_hp_loss":0,"event_name":"Liars Game","floor":11,"gold_loss":0,"cards_obtained":["Doubt"]},{"damage_healed":0,"gold_gain":0,"player_choice":"Shed Blood","damage_taken":22,"max_hp_gain":5,"max_hp_loss":0,"event_name":"Forgotten Altar","floor":19,"gold_loss":0},{"damage_healed":0,"gold_gain":0,"player_choice":"Fought Bandits","damage_taken":0,"max_hp_gain":0,"max_hp_loss":0,"event_name":"Masked Bandits","floor":20,"gold_loss":0}],"is_beta":false,"boss_relics":[{"not_picked":["Runic Cube","White Beast Statue"],"picked":"Calling Bell"}],"items_purged_floors":[],"is_endless":false,"potions_floor_spawned":[1,3,6,18],"killed_by":"Masked Bandits","ascension_level":2}