{"path_per_floor":["M","?","T","M","?","R","?","?","T","R","M","R","?","M","R","B",null,"M","?","M","M","M","R","?","$","T","R","?","M","R","$","R"],"character_chosen":"DEFECT","items_purchased":["Madness","Bag of Marbles"],"gold_per_floor":[109,109,133,146,146,146,146,146,146,146,157,157,157,173,173,293,293,312,312,336,349,369,369,410,95,121,121,121,135,135,35,35,35],"floor_reached":33,"campfire_rested":3,"playtime":1261,"current_hp_per_floor":[68,68,68,67,60,60,60,60,60,60,60,60,43,41,41,3,52,48,48,42,31,1,21,11,11,11,31,31,31,51,51,51,0],"items_purged":["Defend_B","Defend_B"],"gold":35,"score":291,"play_id":"11d00616-9cab-4d23-a360-ce55153d5608","local_time":"20180510213645","is_prod":false,"is_daily":false,"chose_seed":false,"is_ascension_mode":true,"campfire_upgraded":5,"timestamp":1525981005,"path_taken":["M","?","?","M","?","R","?","?","T","R","M","R","?","M","R","BOSS","M","?","M","M","M","R","?","$","T","R","?","M","R","$","R","BOSS"],"build_version":"2018-05-09","seed_source_timestamp":2796053088615868,"purchased_purges":2,"victory":false,"master_deck":["Defend_B+1","Defend_B+1","Zap+1","Dualcast+1","Ball Lightning+1","Ball Lightning+1","Ball Lightning+1","Madness"],"max_hp_per_floor":[68,68,68,68,68,68,68,68,68,68,68,68,68,68,68,68,68,68,68,68,68,68,68,68,68,68,68,68,68,68,68,68,68],"relics":["Cracked Core","Juzu Bracelet","Darkstone Periapt","Golden Idol","Black Star","Red Mask","Bag of Marbles","Oddly Smooth Stone"],"card_choices":[{"not_picked":["Sunder","Turbo"],"picked":"Ball Lightning","floor":1},{"not_picked":["Consume","Doom and Gloom"],"picked":"Ball Lightning","floor":22}],"player_experience":428204,"potions_floor_usage":[24,33,33],"damage_taken":[{"damage":0,"enemies":"Small Slimes","floor":1,"turns":3},{"damage":1,"enemies":"Cultist","floor":4,"turns":3},{"damage":0,"enemies":"2 Louse","floor":11,"turns":2},{"damage":2,"enemies":"Exordium Thugs","floor":14,"turns":4},{"damage":38,"enemies":"Hexaghost","floor":16,"turns":10},{"damage":4,"enemies":"3 Byrds","floor":18,"turns":4},{"damage":6,"enemies":"Spheric Guardian","floor":20,"turns":3},{"damage":11,"enemies":"Centurion and Healer","floor":21,"turns":7},{"damage":30,"enemies":"Snecko","floor":22,"turns":6},{"damage":10,"enemies":"Masked Bandits","floor":24,"turns":3},{"damage":0,"enemies":"Cultist and Chosen","floor":29,"turns":4},{"damage":71,"enemies":"Automaton","floor":33,"turns":6}],"event_choices":[{"event_name":"Upgrade Shrine","player_choice":"Upgraded","floor":2,"damage_taken":0},{"event_name":"Golden Wing","player_choice":"Card Removal","floor":5,"damage_taken":0},{"event_name":"Bonfire Elementals","player_choice":"BASIC","floor":7,"damage_taken":0},{"event_name":"Liars Game","player_choice":"disagreed","floor":8,"damage_taken":0},{"event_name":"Golden Idol","player_choice":"Take Damage","floor":13,"damage_taken":0},{"event_name":"The Library","player_choice":"Read","floor":19,"damage_taken":0},{"event_name":"Masked Bandits","player_choice":"Fought over 369 gold","floor":24,"damage_taken":0},{"event_name":"Vampires","player_choice":"Ignored","floor":28,"damage_taken":0}],"boss_relics":[{"not_picked":["Pandora\u0027s Box","Inserter"],"picked":"Black Star"}],"potions_floor_spawned":[4,24,29],"seed_played":"7922919548564308619","killed_by":"Automaton","ascension_level":5,"is_trial":false}