{"gold_per_floor":[118,133,133,144,61,61,76,76,145,178,195,214,228,247,247,347,347,361,98,109,36,50,79,56,56,83,103,103,117,146,160,160,256,256,270,290,43,43,63,63,93,112,112,124,0,0,0,20,20,20],"floor_reached":51,"playtime":3887,"items_purged":[],"score":963,"play_id":"bf745e57-173e-4337-8005-aaf655dd3cc2","local_time":"20190812224943","is_ascension_mode":true,"campfire_choices":[{"data":"A Thousand Cuts","floor":6.0,"key":"SMITH"},{"floor":15.0,"key":"REST"},{"floor":25.0,"key":"REST"},{"data":"Bullet Time","floor":28.0,"key":"SMITH"},{"floor":32.0,"key":"REST"},{"data":"Noxious Fumes","floor":40,"key":"SMITH"},{"floor":46,"key":"REST"},{"floor":49,"key":"REST"}],"neow_cost":"NONE","seed_source_timestamp":6206287159587,"circlet_count":0,"master_deck":["Survivor","Neutralize","Predator","Heel Hook","Dagger Spray","Crippling Poison","A Thousand Cuts+1","Calculated Gamble","Masterful Stab","Acrobatics","Bullet Time+1","Slice","Backflip","Leg Sweep","Dodge and Roll","Dodge and Roll","Noxious Fumes+1","Blur","Poisoned Stab","After Image","Cloak And Dagger","After Image","Infinite Blades","Deflect","Noxious Fumes","Bane+1","Footwork+1","Deflect","Backflip+1","Footwork","Adrenaline","Leg Sweep+1","Footwork","Bandage Up","Terror","Flash of Steel","Escape Plan","Expertise+1","Noxious Fumes"],"special_seed":0,"relics":["Pandora\u0027s Box","Bottled Tornado","Bag of Preparation","Sozu","DollysMirror","PreservedInsect","Vajra","Calipers","Eternal Feather","Regal Pillow","Omamori","Red Mask"],"potions_floor_usage":[50],"damage_taken":[{"damage":0.0,"enemies":"Cultist","floor":1.0,"turns":3.0},{"damage":7.0,"enemies":"Small Slimes","floor":2.0,"turns":2.0},{"damage":1.0,"enemies":"Jaw Worm","floor":4.0,"turns":3.0},{"damage":16.0,"enemies":"Gremlin Gang","floor":7.0,"turns":3.0},{"damage":27.0,"enemies":"3 Sentries","floor":10.0,"turns":5.0},{"damage":14.0,"enemies":"Exordium Thugs","floor":11.0,"turns":3.0},{"damage":0.0,"enemies":"Lots of Slimes","floor":12.0,"turns":2.0},{"damage":1.0,"enemies":"Blue Slaver","floor":13.0,"turns":4.0},{"damage":0.0,"enemies":"2 Fungi Beasts","floor":14.0,"turns":2.0},{"damage":1.0,"enemies":"The Guardian","floor":16.0,"turns":10.0},{"damage":0.0,"enemies":"Chosen","floor":18.0,"turns":4.0},{"damage":0.0,"enemies":"3 Byrds","floor":20.0,"turns":5.0},{"damage":1.0,"enemies":"Centurion and Healer","floor":22.0,"turns":7.0},{"damage":20.0,"enemies":"Gremlin Leader","floor":23.0,"turns":7.0},{"damage":9.0,"enemies":"Shelled Parasite and Fungi","floor":27.0,"turns":5.0},{"damage":6.0,"enemies":"Snake Plant","floor":29.0,"turns":4.0},{"damage":10.0,"enemies":"Book of Stabbing","floor":30.0,"turns":7.0},{"damage":8.0,"enemies":"Snecko","floor":31.0,"turns":4.0},{"damage":0.0,"enemies":"Automaton","floor":33.0,"turns":8.0},{"damage":10.0,"enemies":"3 Darklings","floor":35.0,"turns":6.0},{"damage":10.0,"enemies":"Orb Walker","floor":36.0,"turns":4.0},{"damage":10.0,"enemies":"3 Darklings","floor":39.0,"turns":5.0},{"damage":0,"enemies":"Giant Head","floor":41,"turns":8},{"damage":55,"enemies":"Transient","floor":42,"turns":5},{"damage":15,"enemies":"Spire Growth","floor":44,"turns":6},{"damage":25,"enemies":"4 Shapes","floor":48,"turns":5},{"damage":37,"enemies":"Donu and Deca","floor":50,"turns":9}],"seed_played":"1481828046358451439","potions_obtained":[{"floor":2.0,"key":"SkillPotion"},{"floor":3.0,"key":"FearPotion"},{"floor":3.0,"key":"SteroidPotion"},{"floor":12.0,"key":"Dexterity Potion"}],"is_trial":false,"path_per_floor":["M","M","?","M","$","R","M","?","T","E","M","M","M","M","R","B",null,"M","$","M","$","M","E","$","R","T","M","R","M","E","M","R","B",null,"M","M","$","?","M","R","E","M","T","M","?","R","$","M","R","B",null],"character_chosen":"THE_SILENT","items_purchased":["Backflip","Leg Sweep","DollysMirror","Infinite Blades","Noxious Fumes","Deflect","Footwork","Bandage Up","Terror"],"campfire_rested":5,"item_purchase_floors":[5,5,19,19,21,24,37,37,37],"current_hp_per_floor":[70,63,63,62,62,62,46,46,46,19,5,5,4,4,25,24,59,59,59,59,59,58,38,38,59,59,50,50,44,34,26,47,47,64,54,44,44,44,38,59,63,12,12,1,1,58,58,37,70,33],"gold":20,"neow_bonus":"BOSS_RELIC","is_prod":false,"is_daily":false,"chose_seed":false,"campfire_upgraded":3,"win_rate":0,"timestamp":1565664583,"path_taken":["M","?","?","?","$","R","M","?","T","E","M","M","M","M","R","BOSS","M","$","M","$","?","E","$","R","T","M","R","M","E","M","R","BOSS","M","M","$","?","?","R","E","M","T","M","?","R","$","M","R","BOSS"],"build_version":"2019-07-17","purchased_purges":0,"victory":true,"max_hp_per_floor":[70,70,70,70,70,70,70,70,70,70,70,70,70,70,70,70,70,70,70,70,70,70,70,70,70,70,70,70,70,70,70,70,70,70,70,70,70,70,70,70,70,70,70,70,70,70,70,70,70,70],"card_choices":[{"not_picked":["Deadly Poison","Prepared","PiercingWail"],"picked":"SKIP","floor":1.0},{"not_picked":["Cloak And Dagger","Expertise"],"picked":"Slice","floor":2.0},{"not_picked":["Bane","PiercingWail","Dagger Spray"],"picked":"SKIP","floor":4.0},{"not_picked":["Dagger Spray","Flechettes","Dagger Throw"],"picked":"SKIP","floor":7.0},{"not_picked":["Backflip","Accuracy"],"picked":"Dodge and Roll","floor":10.0},{"not_picked":["Eviscerate","Malaise"],"picked":"Dodge and Roll","floor":11.0},{"not_picked":["Backflip","Flying Knee"],"picked":"Noxious Fumes","floor":12.0},{"not_picked":["Slice","Deflect"],"picked":"Blur","floor":13.0},{"not_picked":["Dodge and Roll","Acrobatics"],"picked":"Poisoned Stab","floor":14.0},{"not_picked":["Corpse Explosion","Doppelganger"],"picked":"After Image","floor":16.0},{"not_picked":["Endless Agony+1","PiercingWail"],"picked":"Cloak And Dagger","floor":18.0},{"not_picked":["Acrobatics","Crippling Poison"],"picked":"Deflect","floor":20.0},{"not_picked":["Slice","PiercingWail"],"picked":"Bane+1","floor":22.0},{"not_picked":["Sucker Punch","Blade Dance+1"],"picked":"Footwork+1","floor":23.0},{"not_picked":["Night Terror","Dagger Spray"],"picked":"Backflip+1","floor":27.0},{"not_picked":["Flying Knee","Infinite Blades"],"picked":"Footwork","floor":29.0},{"not_picked":["Calculated Gamble","Dash","Bane"],"picked":"SKIP","floor":30.0},{"not_picked":["Corpse Explosion","Sucker Punch+1","Setup"],"picked":"SKIP","floor":31.0},{"not_picked":["Envenom","Bullet Time"],"picked":"Adrenaline","floor":33.0},{"not_picked":["Deadly Poison+1","PiercingWail+1"],"picked":"Leg Sweep+1","floor":35.0},{"not_picked":["Reflex","Poisoned Stab+1","Dagger Throw"],"picked":"SKIP","floor":36.0},{"not_picked":["Flying Knee+1","Predator","Dagger Spray"],"picked":"SKIP","floor":39},{"not_picked":["Flying Knee","Prepared","Crippling Poison"],"picked":"SKIP","floor":41},{"not_picked":["Backstab+1","Underhanded Strike+1"],"picked":"Escape Plan","floor":42},{"not_picked":["Endless Agony","Predator"],"picked":"Expertise+1","floor":44},{"not_picked":["Outmaneuver","PiercingWail"],"picked":"Noxious Fumes","floor":48}],"player_experience":176540,"relics_obtained":[{"floor":9.0,"key":"Bottled Tornado"},{"floor":10.0,"key":"Bag of Preparation"},{"floor":23.0,"key":"PreservedInsect"},{"floor":26.0,"key":"Vajra"},{"floor":30.0,"key":"Calipers"},{"floor":41,"key":"Regal Pillow"},{"floor":43,"key":"Omamori"}],"event_choices":[{"damage_healed":0.0,"max_hp_gain":0.0,"max_hp_loss":0.0,"gold_gain":0.0,"event_name":"Lab","player_choice":"Got Potions","floor":3.0,"gold_loss":0.0,"damage_taken":0.0},{"cards_removed":["Accuracy"],"damage_healed":0.0,"max_hp_gain":0.0,"max_hp_loss":0.0,"gold_gain":0.0,"event_name":"Wheel of Change","player_choice":"Card Removal","floor":8.0,"gold_loss":0.0,"damage_taken":0.0},{"damage_healed":0.0,"max_hp_gain":0.0,"max_hp_loss":0.0,"gold_gain":0.0,"event_name":"Match and Keep!","player_choice":"1 cards matched","floor":38.0,"gold_loss":0.0,"damage_taken":0.0,"cards_obtained":["Flash of Steel"]},{"damage_healed":0,"gold_gain":0,"player_choice":"Paid","damage_taken":0,"relics_obtained":["Red Mask"],"max_hp_gain":0,"max_hp_loss":0,"event_name":"Tomb of Lord Red Mask","floor":45,"gold_loss":124}],"is_beta":false,"boss_relics":[{"not_picked":["Lizard Tail","Ectoplasm"],"picked":"Sozu"},{"not_picked":["Snecko Eye","Runic Dome"],"picked":"Eternal Feather"}],"items_purged_floors":[],"is_endless":false,"potions_floor_spawned":[2,10,12,13,14,20,22,29,30,41,42,44,48],"ascension_level":5}