{"gold_per_floor":[117,131,131,151,165,177,177,193,193,211,211,224,224,242,242,340,390,402,402,402,170,270,270,286,286,368,380,390,390,135,135,135,238,238,256,256,256,256,256,256,280,308,308,308,323,323,339,356,356,356],"floor_reached":50,"playtime":2342,"items_purged":["Strike_R","Sever Soul"],"score":489,"play_id":"4dd6ca1a-81e7-4c4f-b824-667556f438ba","local_time":"20190205212355","is_ascension_mode":false,"campfire_choices":[{"data":"Armaments","floor":7,"key":"SMITH"},{"data":"Searing Blow","floor":11,"key":"SMITH"},{"data":"Searing Blow+1","floor":13,"key":"SMITH"},{"data":"Searing Blow+2","floor":15,"key":"SMITH"},{"data":"Searing Blow+3","floor":23,"key":"SMITH"},{"data":"Searing Blow+4","floor":25,"key":"SMITH"},{"data":"Armaments","floor":32,"key":"SMITH"},{"floor":40,"key":"RECALL"},{"data":"Decay","floor":44,"key":"PURGE"},{"data":"Strike_R","floor":46,"key":"PURGE"},{"data":"Second Wind","floor":49,"key":"PURGE"}],"neow_cost":"TEN_PERCENT_HP_LOSS","seed_source_timestamp":752734558158517,"circlet_count":0,"master_deck":["Defend_R","Defend_R","Defend_R","Bash","Thunderclap+1","Searing Blow+6","Armaments+1","Whirlwind","Second Wind","Armaments+1"],"relics":["Burning Blood","Tiny House","Juzu Bracelet","Thread and Needle","Paper Frog","Blue Candle","PreservedInsect","Cursed Key","Anchor","Peace Pipe"],"potions_floor_usage":[18,22,22,35,50],"damage_taken":[{"damage":6,"enemies":"Jaw Worm","floor":1,"turns":3},{"damage":6,"enemies":"Cultist","floor":2,"turns":3},{"damage":0,"enemies":"2 Louse","floor":4,"turns":2},{"damage":10,"enemies":"Looter","floor":5,"turns":2},{"damage":11,"enemies":"Exordium Wildlife","floor":6,"turns":5},{"damage":13,"enemies":"Lots of Slimes","floor":8,"turns":3},{"damage":0,"enemies":"Large Slime","floor":10,"turns":3},{"damage":0,"enemies":"2 Fungi Beasts","floor":12,"turns":2},{"damage":13,"enemies":"Red Slaver","floor":14,"turns":2},{"damage":38,"enemies":"The Guardian","floor":16,"turns":9},{"damage":0,"enemies":"Chosen","floor":18,"turns":5},{"damage":29,"enemies":"Colosseum Slavers","floor":22,"turns":4},{"damage":19,"enemies":"Colosseum Nobs","floor":22,"turns":7},{"damage":0,"enemies":"3 Byrds","floor":24,"turns":6},{"damage":6,"enemies":"Cultist and Chosen","floor":27,"turns":3},{"damage":0,"enemies":"Snake Plant","floor":28,"turns":1},{"damage":47,"enemies":"Collector","floor":33,"turns":9},{"damage":10,"enemies":"3 Shapes","floor":35,"turns":3},{"damage":32,"enemies":"Giant Head","floor":42,"turns":6},{"damage":14,"enemies":"3 Darklings","floor":45,"turns":5},{"damage":17,"enemies":"Writhing Mass","floor":47,"turns":3},{"damage":14,"enemies":"Maw","floor":48,"turns":6},{"damage":37,"enemies":"Donu and Deca","floor":50,"turns":4}],"seed_played":"-8578926214503991796","potions_obtained":[{"floor":1,"key":"Ancient Potion"},{"floor":3,"key":"LiquidBronze"},{"floor":3,"key":"Ancient Potion"},{"floor":5,"key":"Fire Potion"},{"floor":12,"key":"Strength Potion"},{"floor":17,"key":"FairyPotion"},{"floor":18,"key":"Fire Potion"},{"floor":33,"key":"Swift Potion"},{"floor":42,"key":"Energy Potion"}],"is_trial":false,"path_per_floor":["M","M","?","M","M","M","R","M","T","M","R","M","R","M","R","B",null,"M","?","?","$","?","R","M","R","T","M","M","?","$","?","R","B",null,"M","?","?","?","?","R","T","E","T","R","M","R","M","M","R","B"],"character_chosen":"IRONCLAD","items_purchased":["Juzu Bracelet","PreservedInsect"],"campfire_rested":0,"item_purchase_floors":[21,30],"current_hp_per_floor":[72,72,72,72,68,63,63,56,56,62,62,68,68,61,61,29,77,77,77,77,77,41,41,47,47,47,47,53,53,53,39,39,14,82,78,78,78,78,78,78,78,52,52,52,44,44,33,25,25,0],"gold":356,"neow_bonus":"TRANSFORM_TWO_CARDS","is_prod":false,"is_daily":false,"chose_seed":false,"campfire_upgraded":7,"win_rate":0,"timestamp":1549427035,"path_taken":["M","M","?","?","M","M","R","M","T","M","R","M","R","M","R","BOSS","M","?","?","?","?","R","M","R","T","M","M","?","$","?","R","BOSS","M","?","?","?","?","R","?","E","T","R","M","R","M","M","R","BOSS"],"build_version":"2019-01-23","purchased_purges":2,"victory":false,"max_hp_per_floor":[72,72,72,72,72,72,72,72,72,72,72,72,72,72,72,72,77,77,77,77,77,77,77,77,77,77,77,77,77,77,82,82,82,82,82,82,78,78,78,78,78,78,78,78,78,78,78,78,78,78],"card_choices":[{"not_picked":["Spot Weakness","Burning Pact","Heavy Blade"],"picked":"SKIP","floor":1},{"not_picked":["Spot Weakness","Headbutt","Iron Wave"],"picked":"SKIP","floor":2},{"not_picked":["Inflame","Perfected Strike","Sword Boomerang"],"picked":"SKIP","floor":4},{"not_picked":["Immolate","Spot Weakness"],"picked":"Searing Blow","floor":5},{"not_picked":["Spot Weakness","Corruption"],"picked":"Armaments","floor":6},{"not_picked":["Reckless Charge","Iron Wave","Evolve"],"picked":"SKIP","floor":8},{"not_picked":["Rage","Feel No Pain","Wild Strike"],"picked":"SKIP","floor":10},{"not_picked":["Clothesline","Warcry","Disarm"],"picked":"SKIP","floor":12},{"not_picked":["Wild Strike","Sword Boomerang","Clash"],"picked":"SKIP","floor":14},{"not_picked":["Perfected Strike+1","Fire Breathing+1"],"picked":"Whirlwind","floor":18},{"not_picked":["Iron Wave","Clash+1","Twin Strike"],"picked":"SKIP","floor":24},{"not_picked":["Clothesline","Searing Blow","Perfected Strike"],"picked":"SKIP","floor":27},{"not_picked":["Wild Strike+1","Second Wind","Pummel"],"picked":"SKIP","floor":28},{"not_picked":["Wild Strike+1","Second Wind","Pummel"],"picked":"SKIP","floor":28},{"not_picked":["Flex+1","Cleave+1","Twin Strike"],"picked":"SKIP","floor":35},{"not_picked":["Power Through+1","Battle Trance+1","Infernal Blade"],"picked":"SKIP","floor":42},{"not_picked":["Shockwave","Anger","Wild Strike+1"],"picked":"SKIP","floor":45},{"not_picked":["Whirlwind","Warcry","Pummel+1"],"picked":"SKIP","floor":47},{"not_picked":["Sword Boomerang+1","Power Through+1","Havoc+1"],"picked":"SKIP","floor":48}],"player_experience":365398,"relics_obtained":[{"floor":22,"key":"Thread and Needle"},{"floor":22,"key":"Paper Frog"},{"floor":26,"key":"Blue Candle"},{"floor":41,"key":"Anchor"},{"floor":42,"key":"Peace Pipe"}],"event_choices":[{"damage_healed":0,"gold_gain":0,"player_choice":"Got Potions","damage_taken":0,"max_hp_gain":0,"max_hp_loss":0,"event_name":"Lab","floor":3,"gold_loss":0},{"damage_healed":0,"gold_gain":0,"cards_transformed":["Strike_R","Strike_R"],"player_choice":"Became Test Subject","damage_taken":0,"max_hp_gain":0,"max_hp_loss":0,"event_name":"Drug Dealer","floor":19,"gold_loss":0,"cards_obtained":["Second Wind","Second Wind"]},{"damage_healed":0,"gold_gain":0,"player_choice":"Read","damage_taken":0,"max_hp_gain":0,"max_hp_loss":0,"event_name":"The Library","floor":20,"gold_loss":0,"cards_obtained":["Armaments"]},{"damage_healed":0,"gold_gain":0,"player_choice":"Fight","damage_taken":0,"max_hp_gain":0,"max_hp_loss":0,"event_name":"Colosseum","floor":22,"gold_loss":0},{"damage_healed":0,"gold_gain":0,"player_choice":"Fought Nobs","damage_taken":0,"max_hp_gain":0,"max_hp_loss":0,"event_name":"Colosseum","floor":22,"gold_loss":0},{"damage_healed":0,"gold_gain":0,"player_choice":"Ignored","damage_taken":0,"max_hp_gain":0,"max_hp_loss":0,"event_name":"Vampires","floor":29,"gold_loss":0},{"damage_healed":0,"gold_gain":0,"player_choice":"Shed Blood","damage_taken":19,"max_hp_gain":5,"max_hp_loss":0,"event_name":"Forgotten Altar","floor":31,"gold_loss":0},{"damage_healed":0,"gold_gain":0,"player_choice":"Forge","damage_taken":0,"max_hp_gain":0,"max_hp_loss":0,"event_name":"Accursed Blacksmith","floor":36,"gold_loss":0,"cards_upgraded":["Searing Blow"]},{"damage_healed":0,"gold_gain":0,"player_choice":"Max HP","damage_taken":0,"max_hp_gain":0,"max_hp_loss":4,"event_name":"Winding Halls","floor":37,"gold_loss":0},{"damage_healed":0,"gold_gain":0,"player_choice":"Ignored","damage_taken":0,"max_hp_gain":0,"max_hp_loss":0,"event_name":"SecretPortal","floor":38,"gold_loss":0},{"damage_healed":0,"gold_gain":0,"player_choice":"Memory 1","damage_taken":0,"max_hp_gain":0,"max_hp_loss":0,"event_name":"SensoryStone","floor":39,"gold_loss":0}],"is_beta":false,"boss_relics":[{"not_picked":["Runic Cube","Orrery"],"picked":"Tiny House"},{"not_picked":["Snecko Eye","Philosopher\u0027s Stone"],"picked":"Cursed Key"}],"items_purged_floors":[21,30],"is_endless":false,"potions_floor_spawned":[1,5,10,12,18,33,42],"killed_by":"Donu and Deca","ascension_level":0}