{"gold_per_floor":[119,132,132,152,77,77,102,102,148,148,18,35,35,70,70,175,175,189,207,207],"floor_reached":20,"playtime":1303,"items_purged":["Strike_R"],"score":246,"play_id":"c7da4b86-6525-4a2d-b01f-3a23ebedf048","local_time":"20190224154800","is_ascension_mode":true,"campfire_choices":[{"data":"Uppercut","floor":6,"key":"SMITH"},{"data":"Second Wind","floor":8,"key":"SMITH"},{"data":"Sword Boomerang","floor":10,"key":"SMITH"},{"data":"Havoc","floor":13,"key":"SMITH"},{"floor":15,"key":"REST"}],"neow_cost":"NONE","seed_source_timestamp":327654234157110,"circlet_count":0,"master_deck":["Strike_R","Strike_R","Strike_R","Strike_R","Defend_R","Defend_R","Defend_R","Defend_R","Bash","Uppercut+1","Hemokinesis","Second Wind+1","Sword Boomerang+1","Dropkick","Havoc+1","Barricade","Demon Form","Havoc"],"relics":["Burning Blood","Boot","Dream Catcher","Eternal Feather"],"potions_floor_usage":[3,7,7,14,16,18],"damage_taken":[{"damage":4,"enemies":"Small Slimes","floor":1,"turns":5},{"damage":0,"enemies":"Cultist","floor":2,"turns":4},{"damage":8,"enemies":"Jaw Worm","floor":4,"turns":4},{"damage":25,"enemies":"3 Sentries","floor":7,"turns":9},{"damage":29,"enemies":"Gremlin Gang","floor":12,"turns":4},{"damage":24,"enemies":"Lagavulin","floor":14,"turns":4},{"damage":40,"enemies":"The Guardian","floor":16,"turns":10},{"damage":44,"enemies":"2 Thieves","floor":18,"turns":4},{"damage":27,"enemies":"Spheric Guardian","floor":19,"turns":5},{"damage":10,"enemies":"Shelled Parasite and Fungi","floor":20,"turns":1}],"seed_played":"3593206124862942681","potions_obtained":[{"floor":0,"key":"LiquidBronze"},{"floor":0,"key":"SpeedPotion"},{"floor":0,"key":"Energy Potion"},{"floor":3,"key":"Fruit Juice"},{"floor":3,"key":"Dexterity Potion"},{"floor":14,"key":"LiquidBronze"},{"floor":16,"key":"GamblersBrew"}],"is_trial":false,"path_per_floor":["M","M","?","M","$","R","E","R","T","R","$","M","R","E","R","B",null,"M","M","M"],"character_chosen":"IRONCLAD","items_purchased":["Dropkick","Havoc"],"campfire_rested":1,"item_purchase_floors":[11,11],"current_hp_per_floor":[74,80,85,83,83,83,64,64,64,64,64,41,41,23,48,14,67,29,8,0],"gold":207,"neow_bonus":"THREE_SMALL_POTIONS","is_prod":false,"is_daily":false,"chose_seed":false,"campfire_upgraded":4,"win_rate":0,"timestamp":1551048480,"path_taken":["M","M","?","M","?","R","E","R","T","R","?","M","R","E","R","BOSS","M","?","M"],"build_version":"2019-01-23","purchased_purges":1,"victory":false,"max_hp_per_floor":[80,80,85,85,85,85,85,85,85,85,85,85,85,85,85,85,85,85,85,85],"card_choices":[{"not_picked":["Warcry","Clothesline"],"picked":"Uppercut","floor":1},{"not_picked":["Feel No Pain","Armaments"],"picked":"Hemokinesis","floor":2},{"not_picked":["Clash","Hemokinesis"],"picked":"Second Wind","floor":4},{"not_picked":["Twin Strike","Wild Strike"],"picked":"Sword Boomerang","floor":7},{"not_picked":["Evolve","Anger","Infernal Blade"],"picked":"SKIP","floor":12},{"not_picked":["True Grit","Shrug It Off"],"picked":"Barricade","floor":14},{"not_picked":["Limit Break","Reaper"],"picked":"Demon Form","floor":16},{"not_picked":["Pommel Strike","Sword Boomerang","Clothesline"],"picked":"SKIP","floor":18},{"not_picked":["Twin Strike","Iron Wave"],"picked":"Havoc","floor":19}],"player_experience":436713,"relics_obtained":[{"floor":7,"key":"Boot"},{"floor":14,"key":"Dream Catcher"}],"event_choices":[{"damage_healed":0,"gold_gain":0,"player_choice":"Got Potions","damage_taken":0,"max_hp_gain":0,"max_hp_loss":0,"event_name":"Lab","floor":3,"gold_loss":0}],"is_beta":false,"boss_relics":[{"not_picked":["Ectoplasm","Runic Pyramid"],"picked":"Eternal Feather"}],"items_purged_floors":[5],"is_endless":false,"potions_floor_spawned":[4,14,16],"killed_by":"Shelled Parasite and Fungi","ascension_level":7}