{"gold_per_floor":[112,33,33,49,49,49,63,63,63,81,99,111,121,121,121,218,218,235,435,455,312,227,227,19,19,19,19,19,39,15,25,25,129,129,142,67,79,79,90,90,103,103,103,103,203,0,19,32,32,32],"floor_reached":51,"playtime":2399,"items_purged":["Strike_R"],"score":1046,"play_id":"a383aa03-2ad7-4006-a0da-4a04d42b5869","local_time":"20190324234953","is_ascension_mode":true,"campfire_choices":[{"data":"Bash","floor":6,"key":"SMITH"},{"data":"Demon Form","floor":15,"key":"SMITH"},{"data":"Searing Blow+1","floor":23,"key":"SMITH"},{"data":"Searing Blow+2","floor":25,"key":"SMITH"},{"data":"Searing Blow+3","floor":28,"key":"SMITH"},{"data":"Armaments","floor":32,"key":"SMITH"},{"data":"Searing Blow+4","floor":40,"key":"SMITH"},{"data":"Searing Blow+5","floor":42,"key":"SMITH"},{"data":"Searing Blow+6","floor":44,"key":"SMITH"},{"data":"Searing Blow+7","floor":49,"key":"SMITH"}],"neow_cost":"NONE","seed_source_timestamp":92951240122172,"circlet_count":0,"master_deck":["AscendersBane","Strike_R","Strike_R","Strike_R","Defend_R+1","Defend_R","Defend_R+1","Defend_R","Bash+1","Whirlwind+1","Rage","Dropkick","Shrug It Off","Demon Form+1","Reaper","Searing Blow+8","Evolve+1","Uppercut","Shrug It Off","Panacea","Armaments+1","Shrug It Off","Offering","Body Slam","Headbutt+1"],"relics":["Coffee Dripper","Bag of Marbles","Mark of Pain","Bag of Preparation","War Paint","FossilizedHelix","Busted Crown","Incense Burner","Red Mask"],"potions_floor_usage":[16,16,16,33,33,41,50,50],"damage_taken":[{"damage":10,"enemies":"Small Slimes","floor":1,"turns":3},{"damage":0,"enemies":"Cultist","floor":4,"turns":2},{"damage":4,"enemies":"2 Louse","floor":7,"turns":2},{"damage":0,"enemies":"Looter","floor":10,"turns":1},{"damage":12,"enemies":"Lots of Slimes","floor":11,"turns":3},{"damage":0,"enemies":"Red Slaver","floor":12,"turns":1},{"damage":0,"enemies":"3 Louse","floor":13,"turns":2},{"damage":0,"enemies":"Hexaghost","floor":16,"turns":6},{"damage":4,"enemies":"3 Byrds","floor":18,"turns":6},{"damage":28,"enemies":"Spheric Guardian","floor":20,"turns":5},{"damage":0,"enemies":"Centurion and Healer","floor":29,"turns":5},{"damage":6,"enemies":"Chosen and Byrds","floor":31,"turns":3},{"damage":60,"enemies":"Collector","floor":33,"turns":7},{"damage":0,"enemies":"Orb Walker","floor":35,"turns":3},{"damage":26,"enemies":"3 Darklings","floor":37,"turns":6},{"damage":2,"enemies":"Spire Growth","floor":39,"turns":4},{"damage":14,"enemies":"Transient","floor":41,"turns":5},{"damage":0,"enemies":"Mind Bloom Boss Battle","floor":45,"turns":6},{"damage":0,"enemies":"Writhing Mass","floor":47,"turns":3},{"damage":12,"enemies":"3 Darklings","floor":48,"turns":4},{"damage":47,"enemies":"Time Eater","floor":50,"turns":5}],"seed_played":"-3612614701584456856","potions_obtained":[{"floor":1,"key":"Weak Potion"},{"floor":4,"key":"FearPotion"},{"floor":12,"key":"EssenceOfSteel"},{"floor":18,"key":"Ancient Potion"},{"floor":31,"key":"Dexterity Potion"},{"floor":37,"key":"Weak Potion"},{"floor":39,"key":"BloodPotion"},{"floor":47,"key":"Block Potion"}],"is_trial":false,"path_per_floor":["M","$","?","M","$","R","M","?","T","M","M","M","M","?","R","B",null,"M","?","M","$","?","R","$","R","T","?","R","M","$","M","R","B",null,"M","$","M","?","M","R","M","R","T","R","?","?","M","M","R","B",null],"character_chosen":"IRONCLAD","items_purchased":["Whirlwind","Bag of Preparation","Uppercut","Shrug It Off","Panacea","Shrug It Off"],"campfire_rested":0,"item_purchase_floors":[2,21,24,24,24,30],"current_hp_per_floor":[62,62,62,62,62,62,58,58,58,58,46,46,46,46,46,46,72,80,80,53,53,53,53,53,53,53,80,80,80,80,74,74,20,65,65,65,54,54,52,52,48,48,48,48,80,80,80,76,76,33],"gold":32,"neow_bonus":"BOSS_RELIC","is_prod":false,"is_daily":false,"chose_seed":false,"campfire_upgraded":10,"win_rate":0,"timestamp":1553496593,"path_taken":["M","$","?","M","?","R","M","?","T","M","M","M","M","?","R","BOSS","M","?","?","$","?","R","$","R","T","?","R","?","?","M","R","BOSS","M","$","M","?","M","R","M","R","T","R","?","?","M","M","R","BOSS"],"build_version":"2019-01-23","purchased_purges":1,"victory":true,"max_hp_per_floor":[80,80,80,80,80,80,80,80,80,80,80,80,80,80,80,80,80,80,80,80,80,80,80,80,80,80,80,80,80,80,80,80,80,80,80,80,80,80,80,80,80,80,80,80,80,80,80,80,80,80],"card_choices":[{"not_picked":["Headbutt","Wild Strike"],"picked":"Pummel","floor":1},{"not_picked":["Pommel Strike","Anger"],"picked":"Evolve","floor":4},{"not_picked":["Twin Strike","Headbutt","Fire Breathing"],"picked":"SKIP","floor":7},{"not_picked":["Flex","Thunderclap"],"picked":"Rage","floor":10},{"not_picked":["Wild Strike","Metallicize"],"picked":"Dropkick","floor":11},{"not_picked":["Iron Wave","Clash"],"picked":"Shrug It Off","floor":12},{"not_picked":["Pommel Strike","Warcry"],"picked":"Demon Form","floor":13},{"not_picked":["Juggernaut","Impervious"],"picked":"Reaper","floor":16},{"not_picked":["Pummel","Fire Breathing+1"],"picked":"Searing Blow+1","floor":18},{"not_picked":["Ghostly Armor","Heavy Blade"],"picked":"Evolve+1","floor":20},{"not_picked":["Feel No Pain+1","Disarm"],"picked":"Armaments","floor":29},{"not_picked":["Cleave","Ghostly Armor","Twin Strike+1"],"picked":"SKIP","floor":31},{"not_picked":["Double Tap","Brutality"],"picked":"Offering","floor":33},{"not_picked":["Iron Wave"],"picked":"SKIP","floor":35},{"not_picked":["Anger+1"],"picked":"SKIP","floor":37},{"not_picked":["Anger"],"picked":"SKIP","floor":39},{"not_picked":[],"picked":"Body Slam","floor":41},{"not_picked":[],"picked":"Headbutt+1","floor":47},{"not_picked":["Armaments"],"picked":"SKIP","floor":48}],"player_experience":538240,"relics_obtained":[{"floor":9,"key":"Bag of Marbles"},{"floor":26,"key":"FossilizedHelix"},{"floor":45,"key":"Incense Burner"}],"event_choices":[{"damage_healed":0,"gold_gain":0,"player_choice":"Upgraded","damage_taken":0,"max_hp_gain":0,"max_hp_loss":0,"event_name":"Upgrade Shrine","floor":3,"gold_loss":0,"cards_upgraded":["Whirlwind"]},{"damage_healed":0,"gold_gain":0,"player_choice":"Searched \u00270\u0027 times","damage_taken":0,"max_hp_gain":0,"max_hp_loss":0,"event_name":"Dead Adventurer","floor":8,"gold_loss":0},{"cards_removed":["Strike_R"],"damage_healed":0,"gold_gain":0,"player_choice":"Forget","damage_taken":0,"max_hp_gain":0,"max_hp_loss":0,"event_name":"Living Wall","floor":14,"gold_loss":0},{"damage_healed":0,"gold_gain":250,"player_choice":"Bet on Owner","damage_taken":0,"max_hp_gain":0,"max_hp_loss":0,"event_name":"The Joust","floor":19,"gold_loss":50},{"damage_healed":0,"gold_gain":0,"player_choice":"Obtained Relic","damage_taken":0,"relics_obtained":["War Paint"],"max_hp_gain":0,"max_hp_loss":0,"event_name":"Addict","floor":22,"gold_loss":85},{"cards_removed":["Evolve"],"damage_healed":27,"gold_gain":0,"player_choice":"Offered Uncommon","damage_taken":0,"max_hp_gain":0,"max_hp_loss":0,"event_name":"Bonfire Elementals","floor":27,"gold_loss":0},{"cards_removed":["Pummel"],"damage_healed":0,"gold_gain":0,"player_choice":"Removed Attack","damage_taken":0,"max_hp_gain":0,"max_hp_loss":0,"event_name":"Falling","floor":38,"gold_loss":0},{"damage_healed":0,"gold_gain":0,"player_choice":"Fight","damage_taken":0,"max_hp_gain":0,"max_hp_loss":0,"event_name":"MindBloom","floor":45,"gold_loss":0},{"damage_healed":0,"gold_gain":0,"player_choice":"Paid","damage_taken":0,"relics_obtained":["Red Mask"],"max_hp_gain":0,"max_hp_loss":0,"event_name":"Tomb of Lord Red Mask","floor":46,"gold_loss":203}],"is_beta":false,"boss_relics":[{"not_picked":["Calling Bell","Tiny House"],"picked":"Mark of Pain"},{"not_picked":["Black Star","Lizard Tail"],"picked":"Busted Crown"}],"items_purged_floors":[36],"is_endless":false,"potions_floor_spawned":[1,4,12,13,18,31,37,39,47],"ascension_level":10}