{"gold_per_floor":[119,139,157,170,170,200,200,212,212,231,231,261,276,29,29,129,129,147,165,165,178,178,178,193,207,207,207,224,241,258,277,277,277],"floor_reached":33,"playtime":2692,"items_purged":[],"score":439,"play_id":"e32756a8-ed23-43dd-97b5-cadfc6210a23","local_time":"20190325222133","is_ascension_mode":true,"campfire_choices":[{"data":"Forethought","floor":7,"key":"SMITH"},{"data":"Bash","floor":11,"key":"SMITH"},{"data":"Disarm","floor":15,"key":"SMITH"},{"data":"Pommel Strike","floor":27,"key":"SMITH"},{"data":"Fiend Fire","floor":32,"key":"SMITH"}],"neow_cost":"NONE","seed_source_timestamp":173778612833007,"circlet_count":0,"master_deck":["AscendersBane","Strike_R","Strike_R","Strike_R","Strike_R","Strike_R","Defend_R","Defend_R","Bash+1","Dropkick","Pommel Strike+1","Shrug It Off","Carnage","Forethought+1","Disarm+1","Flame Barrier+1","Dual Wield+1","Evolve","True Grit+1","Fiend Fire+1","Shrug It Off+1","Warcry+1","Ghostly+1","Ghostly+1","Ghostly+1","Ghostly+1","Ghostly+1","Warcry+1","Exhume+1","Havoc+1","Armaments+1","Havoc+1","Warcry+1","Feel No Pain"],"relics":["Black Blood","NeowsBlessing","Vajra","Toxic Egg 2","Pantograph","Chemical X","PreservedInsect"],"potions_floor_usage":[3,8,12,13,16,19,21],"damage_taken":[{"damage":0,"enemies":"Cultist","floor":1,"turns":1},{"damage":0,"enemies":"Jaw Worm","floor":2,"turns":1},{"damage":0,"enemies":"2 Louse","floor":3,"turns":2},{"damage":0,"enemies":"2 Fungi Beasts","floor":4,"turns":3},{"damage":40,"enemies":"3 Sentries","floor":6,"turns":8},{"damage":13,"enemies":"Large Slime","floor":8,"turns":6},{"damage":14,"enemies":"Red Slaver","floor":10,"turns":4},{"damage":25,"enemies":"Gremlin Nob","floor":12,"turns":4},{"damage":11,"enemies":"Looter","floor":13,"turns":2},{"damage":42,"enemies":"Hexaghost","floor":16,"turns":13},{"damage":0,"enemies":"3 Byrds","floor":18,"turns":3},{"damage":8,"enemies":"Chosen","floor":19,"turns":4},{"damage":39,"enemies":"Snecko","floor":21,"turns":10},{"damage":16,"enemies":"Shelled Parasite and Fungi","floor":24,"turns":9},{"damage":3,"enemies":"Centurion and Healer","floor":25,"turns":8},{"damage":3,"enemies":"Snecko","floor":28,"turns":8},{"damage":15,"enemies":"Chosen and Byrds","floor":29,"turns":10},{"damage":4,"enemies":"Sentry and Sphere","floor":30,"turns":8},{"damage":18,"enemies":"Centurion and Healer","floor":31,"turns":8},{"damage":56,"enemies":"Champ","floor":33,"turns":13}],"seed_played":"4412585368287262813","potions_obtained":[{"floor":3,"key":"Fruit Juice"},{"floor":4,"key":"BloodPotion"},{"floor":6,"key":"Block Potion"},{"floor":10,"key":"SpeedPotion"},{"floor":12,"key":"BloodPotion"},{"floor":18,"key":"Weak Potion"},{"floor":19,"key":"Regen Potion"},{"floor":29,"key":"Block Potion"},{"floor":30,"key":"Explosive Potion"}],"is_trial":false,"path_per_floor":["M","M","M","M","?","E","R","M","T","M","R","E","M","$","R","B",null,"M","M","?","M","?","?","M","M","T","R","M","M","M","M","R","B"],"character_chosen":"IRONCLAD","items_purchased":["Chemical X","True Grit+1"],"campfire_rested":0,"item_purchase_floors":[14,14],"current_hp_per_floor":[78,80,85,85,85,51,51,44,44,36,36,25,28,28,28,17,68,78,80,42,25,25,25,19,26,26,26,33,28,34,26,26,0],"gold":277,"neow_bonus":"THREE_ENEMY_KILL","is_prod":false,"is_daily":false,"chose_seed":false,"campfire_upgraded":5,"win_rate":0,"timestamp":1553577693,"path_taken":["M","?","M","?","?","E","R","M","T","M","R","E","M","$","R","BOSS","M","?","?","M","?","?","?","M","T","R","M","M","M","M","R","BOSS"],"build_version":"2019-01-23","purchased_purges":0,"victory":false,"max_hp_per_floor":[80,80,85,85,85,85,85,85,85,85,85,85,85,85,85,85,85,85,85,42,42,42,42,42,42,42,42,42,42,42,42,42,42],"card_choices":[{"not_picked":["Heavy Blade","Headbutt"],"picked":"Dropkick","floor":1},{"not_picked":["Warcry","Iron Wave"],"picked":"Pommel Strike","floor":2},{"not_picked":["Body Slam","Searing Blow"],"picked":"Shrug It Off","floor":3},{"not_picked":["Pummel","Sword Boomerang"],"picked":"Carnage","floor":4},{"not_picked":["Intimidate","Perfected Strike","Infernal Blade"],"picked":"SKIP","floor":6},{"not_picked":["Intimidate","Perfected Strike","Infernal Blade"],"picked":"SKIP","floor":6},{"not_picked":["Uppercut","Wild Strike"],"picked":"Disarm","floor":8},{"not_picked":["Carnage","Anger"],"picked":"Flame Barrier+1","floor":10},{"not_picked":["Thunderclap","Uppercut"],"picked":"Dual Wield+1","floor":12},{"not_picked":["Reckless Charge","Brutality"],"picked":"Evolve","floor":13},{"not_picked":["Dark Embrace","Impervious+1"],"picked":"Fiend Fire","floor":16},{"not_picked":["Anger","Sentinel+1"],"picked":"Shrug It Off+1","floor":18},{"not_picked":["Wild Strike+1","Sentinel+1"],"picked":"Warcry+1","floor":19},{"not_picked":["Anger","Heavy Blade"],"picked":"Warcry+1","floor":21},{"not_picked":["Shockwave+1","Metallicize"],"picked":"Exhume+1","floor":24},{"not_picked":["Sword Boomerang","Perfected Strike"],"picked":"Havoc+1","floor":25},{"not_picked":["Spot Weakness+1","Shockwave+1"],"picked":"Armaments+1","floor":28},{"not_picked":["Clothesline+1","Hemokinesis"],"picked":"Havoc+1","floor":29},{"not_picked":["Iron Wave","Wild Strike+1"],"picked":"Warcry+1","floor":30},{"not_picked":["Flex+1","Thunderclap"],"picked":"Feel No Pain","floor":31}],"player_experience":545739,"relics_obtained":[{"floor":6,"key":"Vajra"},{"floor":9,"key":"Toxic Egg 2"},{"floor":12,"key":"Pantograph"},{"floor":26,"key":"PreservedInsect"}],"event_choices":[{"damage_healed":0,"gold_gain":0,"player_choice":"1 cards matched","damage_taken":0,"max_hp_gain":0,"max_hp_loss":0,"event_name":"Match and Keep!","floor":5,"gold_loss":0,"cards_obtained":["Forethought"]},{"damage_healed":0,"gold_gain":0,"player_choice":"Became a Ghost","damage_taken":0,"max_hp_gain":0,"max_hp_loss":43,"event_name":"Ghosts","floor":20,"gold_loss":0,"cards_obtained":["Ghostly","Ghostly","Ghostly","Ghostly","Ghostly"]},{"cards_removed":["Defend_R"],"damage_healed":0,"gold_gain":0,"player_choice":"Elegance","damage_taken":0,"max_hp_gain":0,"max_hp_loss":0,"event_name":"Back to Basics","floor":22,"gold_loss":0},{"cards_removed":["Defend_R"],"damage_healed":0,"gold_gain":0,"player_choice":"Purged","damage_taken":0,"max_hp_gain":0,"max_hp_loss":0,"event_name":"Purifier","floor":23,"gold_loss":0}],"is_beta":false,"boss_relics":[{"not_picked":["Mark of Pain","Black Star"],"picked":"Black Blood"}],"items_purged_floors":[],"is_endless":false,"potions_floor_spawned":[3,4,6,10,12,18,19,29,30],"killed_by":"Champ","ascension_level":11}