{"gold_per_floor":[116,133,151,166,116,141,141,141,141,141,155,6,20,38,38,139,139,151,162,15,105,118,118,132,132,185,185],"floor_reached":27,"playtime":1337,"items_purged":["Sever Soul+1"],"score":228,"play_id":"0d943aa0-dc59-48be-a77d-c4c1eb2e14f4","local_time":"20181221072841","is_ascension_mode":true,"campfire_choices":[{"data":"Cleave","floor":7,"key":"SMITH"},{"floor":15,"key":"REST"},{"data":"True Grit","floor":23,"key":"SMITH"},{"floor":25,"key":"REST"}],"neow_cost":"NONE","seed_source_timestamp":165127345739591,"circlet_count":0,"master_deck":["Strike_R","Defend_R","Defend_R+1","Defend_R","Defend_R+1","Bash","Headbutt","Cleave+1","Thunderclap","Spot Weakness","Shrug It Off","Thunderclap","Feed","Havoc+1","Searing Blow+1","True Grit+1","True Grit","Rupture","Whirlwind","True Grit+1"],"relics":["Sozu","Strawberry","Dodecahedron","Oddly Smooth Stone","Dream Catcher","Astrolabe","War Paint"],"potions_floor_usage":[],"damage_taken":[{"damage":1,"enemies":"Jaw Worm","floor":1,"turns":3},{"damage":1,"enemies":"2 Louse","floor":2,"turns":2},{"damage":0,"enemies":"Cultist","floor":3,"turns":3},{"damage":11,"enemies":"Exordium Wildlife","floor":4,"turns":4},{"damage":31,"enemies":"Lagavulin","floor":6,"turns":6},{"damage":15,"enemies":"Exordium Thugs","floor":11,"turns":3},{"damage":1,"enemies":"3 Louse","floor":13,"turns":2},{"damage":1,"enemies":"Large Slime","floor":14,"turns":4},{"damage":20,"enemies":"Slime Boss","floor":16,"turns":8},{"damage":12,"enemies":"Spheric Guardian","floor":18,"turns":4},{"damage":19,"enemies":"Shell Parasite","floor":19,"turns":5},{"damage":20,"enemies":"Snecko","floor":22,"turns":6},{"damage":3,"enemies":"3 Cultists","floor":24,"turns":3},{"damage":50,"enemies":"Slavers","floor":27,"turns":3}],"seed_played":"-3178159310520107626","potions_obtained":[],"is_trial":false,"path_per_floor":["M","M","M","M","?","E","R","?","T","?","M","$","M","M","R","B",null,"M","M","$","?","M","R","M","R","T","E"],"character_chosen":"IRONCLAD","items_purchased":["Dream Catcher","Rupture"],"campfire_rested":2,"item_purchase_floors":[12,20],"current_hp_per_floor":[79,78,78,67,67,43,43,36,36,36,21,21,20,19,45,25,87,75,59,59,41,24,24,21,48,48,0],"gold":185,"neow_bonus":"BOSS_RELIC","is_prod":false,"is_daily":false,"chose_seed":false,"campfire_upgraded":2,"win_rate":0,"timestamp":1545402521,"path_taken":["M","M","M","M","?","E","R","?","T","?","M","$","M","?","R","BOSS","M","M","$","?","M","R","M","R","T","E"],"build_version":"2018-12-20","purchased_purges":1,"victory":false,"max_hp_per_floor":[80,80,80,80,80,87,87,87,87,87,87,87,87,87,87,87,87,87,90,90,90,93,93,93,93,93,93],"card_choices":[{"not_picked":["Clothesline","Clash"],"picked":"Headbutt","floor":1},{"not_picked":["Perfected Strike","Anger","Body Slam"],"picked":"SKIP","floor":2},{"not_picked":["Sentinel","Havoc","Anger"],"picked":"SKIP","floor":3},{"not_picked":["Clothesline","Armaments"],"picked":"Cleave","floor":4},{"not_picked":["Headbutt","Clothesline"],"picked":"Thunderclap","floor":6},{"not_picked":["Sever Soul","Iron Wave"],"picked":"Spot Weakness","floor":11},{"not_picked":["Offering","Havoc","Clash"],"picked":"SKIP","floor":13},{"not_picked":["Armaments","Second Wind"],"picked":"Shrug It Off","floor":14},{"not_picked":["Perfected Strike","Clash"],"picked":"Thunderclap","floor":15},{"not_picked":["Dark Embrace","Double Tap"],"picked":"Feed","floor":16},{"not_picked":["Battle Trance","Armaments"],"picked":"True Grit","floor":18},{"not_picked":["Shrug It Off","Power Through"],"picked":"True Grit","floor":19},{"not_picked":["Armaments+1","Burning Pact"],"picked":"Whirlwind","floor":22},{"not_picked":["Evolve","Thunderclap"],"picked":"True Grit+1","floor":24}],"player_experience":155577,"relics_obtained":[{"floor":6,"key":"Strawberry"},{"floor":9,"key":"Oddly Smooth Stone"},{"floor":26,"key":"War Paint"}],"event_choices":[{"cards_removed":["Strike_R"],"damage_healed":0,"gold_gain":0,"player_choice":"Card Removal","damage_taken":0,"max_hp_gain":0,"max_hp_loss":0,"event_name":"The Cleric","floor":5,"gold_loss":50},{"damage_healed":0,"gold_gain":0,"player_choice":"Success","damage_taken":7,"relics_obtained":["Dodecahedron"],"max_hp_gain":0,"max_hp_loss":0,"event_name":"Scrap Ooze","floor":8,"gold_loss":0},{"damage_healed":0,"gold_gain":0,"player_choice":"Got Potions","damage_taken":0,"max_hp_gain":0,"max_hp_loss":0,"event_name":"Lab","floor":10,"gold_loss":0},{"damage_healed":0,"gold_gain":90,"player_choice":"GOLD ","damage_taken":18,"max_hp_gain":0,"max_hp_loss":0,"event_name":"Knowing Skull","floor":21,"potions_obtained":[],"gold_loss":0,"cards_obtained":[]}],"is_beta":false,"boss_relics":[{"not_picked":["White Beast Statue","Empty Cage"],"picked":"Astrolabe"}],"items_purged_floors":[20],"is_endless":false,"potions_floor_spawned":[4,11,13,16,22,24],"killed_by":"Slavers","ascension_level":1}