{"gold_per_floor":[118,131,151,162,180,212,212,212,263,263,12,12,27,27,27,129,129,142,158,158,175,205,232,35,49,99,111,111,111,34,44,44,148,148,168,180,180,84,12,47,47,80,158,173,189,411,23,51,51,51,51,51,10,40,40],"floor_reached":55,"playtime":4798,"items_purged":["Strike_B","Defend_B"],"score":1001,"play_id":"b3518c05-f548-4cbd-bfc8-9cbd02fb85af","local_time":"20190317195029","is_ascension_mode":true,"campfire_choices":[{"data":"Static Discharge","floor":7.0,"key":"SMITH"},{"data":"Barrage","floor":12.0,"key":"SMITH"},{"data":"Self Repair","floor":15.0,"key":"SMITH"},{"floor":28,"key":"RECALL"},{"data":"Reinforced Body","floor":32,"key":"SMITH"},{"data":"Hologram","floor":41,"key":"SMITH"},{"data":"Forethought","floor":49,"key":"SMITH"},{"data":"Dark Shackles","floor":52,"key":"SMITH"}],"neow_cost":"NONE","seed_source_timestamp":0,"circlet_count":0,"master_deck":["Strike_B+1","Defend_B","Zap","Dualcast","Static Discharge+1","Glacier+1","Self Repair+1","Streamline","Hologram+1","Glacier","Barrage+1","Static Discharge+1","Electrodynamics","Scrape","Barrage","Hello World","Double Energy","Go for the Eyes","Hologram","Recycle","Fusion","Reinforced Body+1","Coolheaded","Coolheaded+1","Buffer+1","Sweeping Beam+1","Creative AI+1","Streamline+1","Chill+1","Meteor Strike+1","Fusion","Dark Shackles+1","Hello World+1","Hologram+1","Fusion+1","Blizzard+1","Forethought+1","Storm+1","Glacier","Doom and Gloom"],"special_seed":0,"relics":["Snecko Eye","Bottled Tornado","Vajra","Runic Capacitor","Orrery","Enchiridion","Red Mask","Frozen Egg 2","Astrolabe","Pen Nib","Ginger","Bottled Lightning","Medical Kit","Smiling Mask","Bird Faced Urn"],"potions_floor_usage":[22,23,27,27,31,31,40,55,55],"damage_taken":[{"damage":6.0,"enemies":"2 Louse","floor":1.0,"turns":2.0},{"damage":1.0,"enemies":"Cultist","floor":2.0,"turns":4.0},{"damage":0.0,"enemies":"Small Slimes","floor":3.0,"turns":5.0},{"damage":0.0,"enemies":"Blue Slaver","floor":4.0,"turns":5.0},{"damage":0.0,"enemies":"Gremlin Gang","floor":5.0,"turns":5.0},{"damage":23.0,"enemies":"Gremlin Nob","floor":6.0,"turns":4.0},{"damage":0.0,"enemies":"Large Slime","floor":13.0,"turns":5.0},{"damage":0.0,"enemies":"The Guardian","floor":16.0,"turns":9.0},{"damage":8,"enemies":"Chosen","floor":18,"turns":3},{"damage":6,"enemies":"3 Byrds","floor":19,"turns":3},{"damage":13,"enemies":"3 Cultists","floor":21,"turns":2},{"damage":29,"enemies":"Masked Bandits","floor":22,"turns":3},{"damage":27,"enemies":"Book of Stabbing","floor":23,"turns":3},{"damage":4,"enemies":"Sentry and Sphere","floor":25,"turns":8},{"damage":1,"enemies":"Cultist and Chosen","floor":27,"turns":6},{"damage":4,"enemies":"Snake Plant","floor":31,"turns":4},{"damage":0,"enemies":"Collector","floor":33,"turns":10},{"damage":10,"enemies":"Orb Walker","floor":35,"turns":4},{"damage":1,"enemies":"3 Darklings","floor":36,"turns":4},{"damage":35,"enemies":"Reptomancer","floor":40,"turns":8},{"damage":1,"enemies":"Nemesis","floor":42,"turns":6},{"damage":6,"enemies":"4 Shapes","floor":44,"turns":5},{"damage":12,"enemies":"Sphere and 2 Shapes","floor":45,"turns":10},{"damage":9,"enemies":"Reptomancer","floor":48,"turns":5},{"damage":45,"enemies":"Time Eater","floor":50,"turns":7},{"damage":37,"enemies":"Shield and Spear","floor":54,"turns":3},{"damage":48,"enemies":"The Heart","floor":55,"turns":3}],"seed_played":"439042245161820304","potions_obtained":[{"floor":3.0,"key":"Fire Potion"},{"floor":6.0,"key":"EssenceOfSteel"},{"floor":16.0,"key":"Poison Potion"},{"floor":19,"key":"Ancient Potion"},{"floor":21,"key":"Ancient Potion"},{"floor":25,"key":"EntropicBrew"},{"floor":31,"key":"Fire Potion"},{"floor":33,"key":"FocusPotion"},{"floor":40,"key":"Explosive Potion"},{"floor":44,"key":"Fire Potion"}],"is_trial":false,"path_per_floor":["M","M","M","M","M","E","R","?","T","?","$","R","M","?","R","B",null,"M","M","?","M","?","E","$","M","T","M","R","?","$","M","R","B",null,"M","M","?","$","$","E","R","E","T","M","M","?","$","E","R","B",null,"R","$","E","B"],"character_chosen":"DEFECT","items_purchased":["Runic Capacitor","Barrage","Energy Potion","Energy Potion","Coolheaded","Buffer+1","Dark Shackles","Hello World+1","Medical Kit","Forethought","Glacier"],"campfire_rested":0,"item_purchase_floors":[11,11,24,24,24,30,38,39,47,47,53],"current_hp_per_floor":[69,68,68,75,75,52,52,37,37,37,37,37,44,44,44,54,75,75,69,53,50,31,14,14,20,20,29,29,29,29,35,35,55,75,65,74,74,74,74,49,49,58,58,62,60,60,60,61,61,26,75,75,75,38,0],"gold":40,"neow_bonus":"BOSS_RELIC","is_prod":false,"is_daily":false,"chose_seed":false,"campfire_upgraded":7,"win_rate":0,"timestamp":1552873829,"path_taken":["M","M","M","M","M","E","R","?","T","?","$","R","?","?","R","BOSS","M","M","?","M","?","E","?","?","T","M","R","?","$","?","R","BOSS","M","?","?","?","$","E","R","E","T","M","M","?","$","E","R","BOSS","R","$","E","BOSS"],"build_version":"2019-01-23","purchased_purges":2,"victory":false,"max_hp_per_floor":[75,75,75,75,75,75,75,75,75,75,75,75,75,75,75,75,75,75,75,75,75,75,75,75,75,75,75,75,75,75,75,75,75,75,75,75,75,75,75,75,75,75,75,75,75,75,75,75,75,75,75,75,75,75,75],"card_choices":[{"not_picked":["Compile Driver","Barrage"],"picked":"Static Discharge","floor":1.0},{"not_picked":["Double Energy","Gash"],"picked":"Glacier","floor":2.0},{"not_picked":["Leap","Turbo"],"picked":"Self Repair","floor":3.0},{"not_picked":["Redo","Chill"],"picked":"Streamline","floor":4.0},{"not_picked":["Barrage","Leap"],"picked":"Hologram","floor":5.0},{"not_picked":["Static Discharge","Steam"],"picked":"Glacier","floor":6.0},{"not_picked":["Reprogram","Lockon"],"picked":"Static Discharge","floor":13.0},{"not_picked":["Thunder Strike","All For One"],"picked":"Electrodynamics","floor":16.0},{"not_picked":["Steam","Streamline"],"picked":"Scrape","floor":17},{"not_picked":["Cold Snap","Redo"],"picked":"Barrage","floor":17},{"not_picked":["Force Field","Redo"],"picked":"Hello World","floor":17},{"not_picked":["Streamline","Compile Driver"],"picked":"Double Energy","floor":17},{"not_picked":["Gash","Ball Lightning"],"picked":"Go for the Eyes","floor":17},{"not_picked":["Steam Power","Ball Lightning","Go for the Eyes"],"picked":"SKIP","floor":18},{"not_picked":["Stack","Go for the Eyes"],"picked":"Hologram","floor":19},{"not_picked":["Hologram","Go for the Eyes"],"picked":"Recycle","floor":21},{"not_picked":["Fission","Ball Lightning"],"picked":"Fusion","floor":22},{"not_picked":["Steam","Steam Power"],"picked":"Reinforced Body","floor":23},{"not_picked":["Hologram","Streamline"],"picked":"Coolheaded+1","floor":25},{"not_picked":["Streamline","Rebound+1","Reprogram"],"picked":"SKIP","floor":27},{"not_picked":["Steam","Compile Driver"],"picked":"Sweeping Beam+1","floor":31},{"not_picked":["Amplify","Core Surge"],"picked":"Creative AI+1","floor":33},{"not_picked":["Go for the Eyes","Force Field"],"picked":"Fusion","floor":35},{"not_picked":["Compile Driver","Stack+1","Steam Power+1"],"picked":"SKIP","floor":36},{"not_picked":["Redo","Beam Cell+1"],"picked":"Hologram","floor":40},{"not_picked":["Stack","Ball Lightning+1"],"picked":"Fusion+1","floor":42},{"not_picked":["Cold Snap+1","Conserve Battery","Sweeping Beam"],"picked":"SKIP","floor":44},{"not_picked":["Glacier+1","Compile Driver+1"],"picked":"Blizzard+1","floor":45},{"not_picked":["Barrage+1","Skim+1"],"picked":"Storm+1","floor":48},{"not_picked":["Genetic Algorithm","Melter+1"],"picked":"Doom and Gloom","floor":54}],"player_experience":512910,"relics_obtained":[{"floor":6.0,"key":"Bottled Tornado"},{"floor":9.0,"key":"Vajra"},{"floor":20,"key":"Enchiridion"},{"floor":22,"key":"Red Mask"},{"floor":23,"key":"Frozen Egg 2"},{"floor":40,"key":"Pen Nib"},{"floor":42,"key":"Ginger"},{"floor":43,"key":"Bottled Lightning"},{"floor":48,"key":"Smiling Mask"},{"floor":54,"key":"Bird Faced Urn"}],"event_choices":[{"damage_healed":0.0,"max_hp_gain":0.0,"max_hp_loss":0.0,"gold_gain":0.0,"event_name":"Shining Light","player_choice":"Entered Light","floor":8.0,"gold_loss":0.0,"damage_taken":15.0,"cards_upgraded":["Glacier","Strike_B"]},{"damage_healed":0.0,"max_hp_gain":0.0,"max_hp_loss":0.0,"gold_gain":0.0,"event_name":"Upgrade Shrine","player_choice":"Upgraded","floor":10.0,"gold_loss":0.0,"damage_taken":0.0,"cards_upgraded":["Hologram"]},{"damage_healed":0.0,"max_hp_gain":0.0,"max_hp_loss":0.0,"gold_gain":0.0,"event_name":"Living Wall","player_choice":"Grow","floor":14.0,"gold_loss":0.0,"damage_taken":0.0,"cards_upgraded":["Static Discharge"]},{"damage_healed":0,"gold_gain":0,"player_choice":"Obtained Book","damage_taken":16,"max_hp_gain":0,"max_hp_loss":0,"event_name":"Cursed Tome","floor":20,"gold_loss":0},{"damage_healed":0,"gold_gain":0,"player_choice":"Fought Bandits","damage_taken":0,"max_hp_gain":0,"max_hp_loss":0,"event_name":"Masked Bandits","floor":22,"gold_loss":0},{"cards_removed":["Strike_B"],"damage_healed":0,"gold_gain":0,"player_choice":"Purged","damage_taken":0,"max_hp_gain":0,"max_hp_loss":0,"event_name":"Purifier","floor":29,"gold_loss":0},{"damage_healed":0,"gold_gain":0,"player_choice":"Bought 0 Potions","damage_taken":0,"max_hp_gain":0,"max_hp_loss":0,"event_name":"The Woman in Blue","floor":37,"gold_loss":0},{"damage_healed":0,"gold_gain":222,"player_choice":"Wore Mask","damage_taken":0,"max_hp_gain":0,"max_hp_loss":0,"event_name":"Tomb of Lord Red Mask","floor":46,"gold_loss":0}],"is_beta":false,"boss_relics":[{"not_picked":["Ectoplasm","Velvet Choker"],"picked":"Orrery"},{"not_picked":["Fusion Hammer","Black Star"],"picked":"Astrolabe"}],"items_purged_floors":[24,47],"is_endless":false,"potions_floor_spawned":[3,6,16,19,21,25,31,33,35,40,44,45],"killed_by":"The Heart","ascension_level":3}