{"gold_per_floor":[113,128,53,70,70,70,97,172,172,182,194,15,41,59,59,59],"floor_reached":16,"playtime":677,"items_purged":["Strike_R","Entrench"],"score":174,"play_id":"6b8c168b-9e61-4127-b940-2731aae83945","local_time":"20190330014221","is_ascension_mode":true,"campfire_choices":[{"data":"Uppercut","floor":6,"key":"SMITH"},{"floor":15,"key":"REST"}],"neow_cost":"NONE","seed_source_timestamp":92233207866560,"circlet_count":0,"master_deck":["AscendersBane","Strike_R","Strike_R","Strike_R","Strike_R","Defend_R","Defend_R","Defend_R+1","Bash+1","Uppercut+1","Fiend Fire","Iron Wave","Burning Pact","Disarm"],"relics":["Burning Blood","Shuriken","Champion Belt"],"potions_floor_usage":[7,13,16],"damage_taken":[{"damage":15,"enemies":"Small Slimes","floor":1,"turns":3},{"damage":4,"enemies":"Jaw Worm","floor":2,"turns":3},{"damage":6,"enemies":"2 Louse","floor":4,"turns":4},{"damage":30,"enemies":"3 Sentries","floor":7,"turns":6},{"damage":7,"enemies":"2 Fungi Beasts","floor":10,"turns":3},{"damage":7,"enemies":"Looter","floor":11,"turns":3},{"damage":12,"enemies":"Gremlin Nob","floor":13,"turns":3},{"damage":9,"enemies":"Blue Slaver","floor":14,"turns":3},{"damage":39,"enemies":"The Guardian","floor":16,"turns":8}],"seed_played":"541018777914586934","potions_obtained":[{"floor":1,"key":"PowerPotion"},{"floor":11,"key":"FearPotion"},{"floor":13,"key":"EssenceOfSteel"}],"is_trial":false,"path_per_floor":["M","M","$","M","?","R","E","?","T","M","M","$","E","M","R","B"],"character_chosen":"IRONCLAD","items_purchased":["BloodPotion"],"campfire_rested":1,"item_purchase_floors":[12],"current_hp_per_floor":[63,65,65,65,49,49,25,14,14,13,12,12,14,11,35,0],"gold":59,"neow_bonus":"REMOVE_CARD","is_prod":false,"is_daily":false,"chose_seed":false,"campfire_upgraded":1,"win_rate":0,"timestamp":1553935341,"path_taken":["M","M","$","M","?","R","E","?","T","M","M","$","E","M","R","BOSS"],"build_version":"2019-01-23","purchased_purges":2,"victory":false,"max_hp_per_floor":[80,80,80,80,80,80,80,80,80,80,80,80,80,80,80,80],"card_choices":[{"not_picked":["Shockwave","Twin Strike"],"picked":"Uppercut","floor":1},{"not_picked":["Havoc","Clash"],"picked":"Entrench","floor":2},{"not_picked":["Heavy Blade","Clash","Thunderclap"],"picked":"SKIP","floor":4},{"not_picked":["Evolve","Warcry"],"picked":"Fiend Fire","floor":7},{"not_picked":["Perfected Strike","Headbutt"],"picked":"Iron Wave","floor":10},{"not_picked":["Pummel","Flex","Clash"],"picked":"SKIP","floor":11},{"not_picked":["Wild Strike","Warcry"],"picked":"Burning Pact","floor":13},{"not_picked":["Reaper","Body Slam"],"picked":"Disarm","floor":14}],"player_experience":555692,"relics_obtained":[{"floor":7,"key":"Shuriken"},{"floor":13,"key":"Champion Belt"}],"event_choices":[{"damage_healed":0,"gold_gain":0,"player_choice":"Entered Light","damage_taken":16,"max_hp_gain":0,"max_hp_loss":0,"event_name":"Shining Light","floor":5,"gold_loss":0,"cards_upgraded":["Defend_R","Bash"]},{"damage_healed":0,"gold_gain":75,"player_choice":"Gather Gold","damage_taken":11,"max_hp_gain":0,"max_hp_loss":0,"event_name":"World of Goop","floor":8,"gold_loss":0}],"is_beta":false,"boss_relics":[],"items_purged_floors":[3,12],"is_endless":false,"potions_floor_spawned":[1,11,13],"killed_by":"The Guardian","ascension_level":11}