{"gold_per_floor":[119,131,56,72,90,90,116,116,139,155,330,330,343,355,355,453,453,472,472,397,337,237,237,237],"floor_reached":24,"playtime":1292,"items_purged":["Strike_R","Strike_R"],"score":283,"play_id":"30d46a8d-456a-42b9-a681-e6348f7c78bc","local_time":"20181221135851","is_ascension_mode":true,"campfire_choices":[{"data":"Defend_R","floor":6,"key":"SMITH"},{"data":"Ghostly Armor","floor":8,"key":"SMITH"},{"data":"Fiend Fire","floor":12,"key":"SMITH"},{"data":"Entrench","floor":15,"key":"SMITH"},{"data":"Body Slam","floor":23,"key":"SMITH"}],"neow_cost":"NONE","seed_source_timestamp":188582350078004,"circlet_count":0,"master_deck":["Strike_R","Strike_R","Strike_R","Defend_R+1","Defend_R","Defend_R+1","Defend_R+1","Bash+1","Inflame","Ghostly Armor+1","Fiend Fire+1","Entrench+1","Juggernaut","Entrench","RitualDagger","Body Slam+1"],"relics":["Burning Blood","Bag of Marbles","War Paint","Cursed Key"],"potions_floor_usage":[7,16,16,24],"damage_taken":[{"damage":19,"enemies":"Jaw Worm","floor":1,"turns":3},{"damage":2,"enemies":"2 Louse","floor":2,"turns":3},{"damage":4,"enemies":"Small Slimes","floor":4,"turns":4},{"damage":16,"enemies":"Blue Slaver","floor":5,"turns":5},{"damage":40,"enemies":"Gremlin Nob","floor":7,"turns":5},{"damage":18,"enemies":"Exordium Thugs","floor":10,"turns":5},{"damage":8,"enemies":"3 Louse","floor":13,"turns":5},{"damage":0,"enemies":"Large Slime","floor":14,"turns":3},{"damage":0,"enemies":"The Guardian","floor":16,"turns":24},{"damage":11,"enemies":"3 Byrds","floor":18,"turns":6},{"damage":14,"enemies":"2 Thieves","floor":21,"turns":4},{"damage":63,"enemies":"Slavers","floor":24,"turns":4}],"seed_played":"-3599820581287691625","potions_obtained":[{"floor":1,"key":"BloodPotion"},{"floor":5,"key":"FearPotion"},{"floor":10,"key":"PowerPotion"},{"floor":16,"key":"PowerPotion"}],"is_trial":false,"path_per_floor":["M","M","$","M","M","R","E","R","T","M","?","R","M","M","R","B",null,"M","?","?","M","$","R","E"],"character_chosen":"IRONCLAD","items_purchased":[],"campfire_rested":0,"item_purchase_floors":[],"current_hp_per_floor":[67,71,71,73,63,63,37,37,37,25,25,25,23,29,29,35,80,75,69,69,61,61,61,0],"gold":237,"neow_bonus":"UPGRADE_CARD","is_prod":false,"is_daily":false,"chose_seed":false,"campfire_upgraded":5,"win_rate":0,"timestamp":1545425931,"path_taken":["M","M","$","M","M","R","E","R","T","M","?","R","M","M","R","BOSS","M","?","?","M","$","R","E"],"build_version":"2018-12-20","purchased_purges":2,"victory":false,"max_hp_per_floor":[80,80,80,80,80,80,80,80,80,80,80,80,80,80,80,80,80,80,80,80,80,80,80,80],"card_choices":[{"not_picked":["Pommel Strike","Perfected Strike"],"picked":"Inflame","floor":1},{"not_picked":["Sword Boomerang","Headbutt","Havoc"],"picked":"SKIP","floor":2},{"not_picked":["Anger","Headbutt"],"picked":"Ghostly Armor","floor":4},{"not_picked":["Iron Wave","Disarm","Shockwave"],"picked":"SKIP","floor":5},{"not_picked":["Clothesline","Perfected Strike","Thunderclap"],"picked":"SKIP","floor":7},{"not_picked":["Clash","Fire Breathing"],"picked":"Fiend Fire","floor":10},{"not_picked":["Cleave","True Grit"],"picked":"Entrench","floor":13},{"not_picked":["Wild Strike","Cleave","Hemokinesis"],"picked":"SKIP","floor":14},{"not_picked":["Immolate","Reaper"],"picked":"Juggernaut","floor":16},{"not_picked":["Flex","Headbutt+1"],"picked":"Entrench","floor":18},{"not_picked":["Shrug It Off","Ghostly Armor"],"picked":"Body Slam","floor":21}],"player_experience":176475,"relics_obtained":[{"floor":7,"key":"Bag of Marbles"},{"floor":9,"key":"War Paint"}],"event_choices":[{"damage_healed":0,"gold_gain":175,"player_choice":"AGREE","damage_taken":0,"max_hp_gain":0,"max_hp_loss":0,"event_name":"Liars Game","floor":11,"gold_loss":0,"cards_obtained":["Doubt"]},{"damage_healed":0,"gold_gain":0,"player_choice":"Joined the Cult","damage_taken":6,"max_hp_gain":0,"max_hp_loss":0,"event_name":"Nest","floor":19,"gold_loss":0,"cards_obtained":["RitualDagger"]},{"cards_removed":["Doubt"],"damage_healed":0,"gold_gain":0,"player_choice":"Gave Gold","damage_taken":0,"max_hp_gain":0,"max_hp_loss":0,"event_name":"Beggar","floor":20,"gold_loss":75}],"is_beta":false,"boss_relics":[{"not_picked":["Snecko Eye","Sozu"],"picked":"Cursed Key"}],"items_purged_floors":[3,22],"is_endless":false,"potions_floor_spawned":[1,5,10,16],"killed_by":"Slavers","ascension_level":3}