{"gold_per_floor":[110,33,33,43,53,53,73,94,94,94,94,129,129,145,145,245,245,259,259,41,53,53],"floor_reached":22,"playtime":928,"items_purged":["Strike_R"],"score":324,"play_id":"16cec962-64a0-4fa2-8479-bc116290c41b","local_time":"20190402113546","is_ascension_mode":true,"campfire_choices":[{"floor":6,"key":"REST"},{"floor":10,"key":"REST"},{"data":"Rage","floor":13,"key":"SMITH"},{"data":"Armaments","floor":15,"key":"SMITH"}],"neow_cost":"NONE","seed_source_timestamp":182806933533323,"circlet_count":0,"master_deck":["AscendersBane","Strike_R+1","Strike_R","Strike_R","Strike_R","Defend_R+1","Bash","Demon Form+1","Bloodletting+1","Clash+1","Blood for Blood","Rage+1","Headbutt","Pommel Strike","True Grit+1","Rage","Armaments+1","Brutality","Sword Boomerang"],"relics":["Astrolabe","Odd Mushroom","The Courier","PreservedInsect","Orichalcum","Runic Pyramid","ClockworkSouvenir"],"potions_floor_usage":[12,12,22],"damage_taken":[{"damage":16,"enemies":"2 Louse","floor":1,"turns":3},{"damage":4,"enemies":"Jaw Worm","floor":4,"turns":3},{"damage":10,"enemies":"Cultist","floor":5,"turns":4},{"damage":6,"enemies":"Red Slaver","floor":7,"turns":2},{"damage":21,"enemies":"The Mushroom Lair","floor":8,"turns":3},{"damage":3,"enemies":"Gremlin Nob","floor":12,"turns":2},{"damage":3,"enemies":"Blue Slaver","floor":14,"turns":3},{"damage":19,"enemies":"Hexaghost","floor":16,"turns":9},{"damage":6,"enemies":"Spheric Guardian","floor":18,"turns":4},{"damage":30,"enemies":"2 Thieves","floor":21,"turns":4},{"damage":34,"enemies":"Snake Plant","floor":22,"turns":2}],"seed_played":"9201316784480450594","potions_obtained":[{"floor":5,"key":"SteroidPotion"},{"floor":7,"key":"BloodPotion"},{"floor":21,"key":"Swift Potion"}],"is_trial":false,"path_per_floor":["M","$","?","M","M","R","M","?","T","R","?","E","R","M","R","B",null,"M","?","$","M","M"],"character_chosen":"IRONCLAD","items_purchased":["Rage","ClockworkSouvenir"],"campfire_rested":2,"item_purchase_floors":[2,20],"current_hp_per_floor":[56,56,40,36,26,50,44,23,23,47,29,34,34,31,31,12,63,57,57,57,27,0],"gold":53,"neow_bonus":"BOSS_RELIC","is_prod":false,"is_daily":false,"chose_seed":false,"campfire_upgraded":2,"win_rate":0,"timestamp":1554230146,"path_taken":["M","$","?","M","M","R","M","?","T","R","?","E","R","M","R","BOSS","M","?","$","M","?"],"build_version":"2019-01-23","purchased_purges":1,"victory":false,"max_hp_per_floor":[80,80,80,80,80,80,80,80,80,80,80,80,80,80,80,80,80,80,80,80,80,80],"card_choices":[{"not_picked":["Heavy Blade","Wild Strike"],"picked":"Blood for Blood","floor":1},{"not_picked":["Body Slam","Havoc"],"picked":"Headbutt","floor":4},{"not_picked":["Corruption","Body Slam","Bloodletting"],"picked":"SKIP","floor":5},{"not_picked":["Shrug It Off","Body Slam"],"picked":"Pommel Strike","floor":7},{"not_picked":["Iron Wave","Shockwave"],"picked":"True Grit","floor":8},{"not_picked":["Demon Form","Twin Strike"],"picked":"Rage","floor":12},{"not_picked":["Pummel","Warcry"],"picked":"Armaments","floor":14},{"not_picked":["Immolate","Demon Form"],"picked":"Brutality","floor":16},{"not_picked":["Armaments","Warcry","Reckless Charge"],"picked":"SKIP","floor":18},{"not_picked":["Intimidate","Shrug It Off"],"picked":"Sword Boomerang","floor":21}],"player_experience":560808,"relics_obtained":[{"floor":8,"key":"Odd Mushroom"},{"floor":9,"key":"The Courier"},{"floor":12,"key":"Orichalcum"}],"event_choices":[{"damage_healed":0,"gold_gain":0,"player_choice":"Entered Light","damage_taken":16,"max_hp_gain":0,"max_hp_loss":0,"event_name":"Shining Light","floor":3,"gold_loss":0,"cards_upgraded":["Strike_R","Defend_R"]},{"damage_healed":0,"gold_gain":0,"player_choice":"Fought Mushrooms","damage_taken":0,"max_hp_gain":0,"max_hp_loss":0,"event_name":"Mushrooms","floor":8,"gold_loss":0},{"damage_healed":0,"gold_gain":0,"player_choice":"Success","damage_taken":18,"relics_obtained":["PreservedInsect"],"max_hp_gain":0,"max_hp_loss":0,"event_name":"Scrap Ooze","floor":11,"gold_loss":0},{"damage_healed":0,"gold_gain":0,"player_choice":"Upgraded","damage_taken":0,"max_hp_gain":0,"max_hp_loss":0,"event_name":"Upgrade Shrine","floor":19,"gold_loss":0,"cards_upgraded":["True Grit"]}],"is_beta":false,"boss_relics":[{"not_picked":["Coffee Dripper","White Beast Statue"],"picked":"Runic Pyramid"}],"items_purged_floors":[20],"is_endless":false,"potions_floor_spawned":[5,7,8,21],"killed_by":"Snake Plant","ascension_level":11}