{"gold_per_floor":[110,127,14,14,26,26,40,69,69,69,98,17,37,63,63,161,161,180,180,180,200,200,226,236,236,236,301,316,316,328,341,341,341],"floor_reached":33,"playtime":2322,"items_purged":["Injury"],"score":344,"play_id":"103d5b0f-cb0e-4d97-bba9-cbc305fa1495","local_time":"20181225194637","is_ascension_mode":true,"campfire_choices":[{"data":"Offering","floor":6,"key":"SMITH"},{"data":"Rampage","floor":10,"key":"SMITH"},{"data":"Seeing Red","floor":15,"key":"SMITH"},{"data":"Reaper","floor":25,"key":"SMITH"},{"data":"Dual Wield","floor":29,"key":"SMITH"},{"data":"Finesse","floor":32,"key":"SMITH"}],"neow_cost":"CURSE","seed_source_timestamp":103388019345638,"circlet_count":0,"master_deck":["Strike_R","Strike_R","Strike_R","Strike_R","Strike_R","Defend_R","Defend_R","Defend_R","Bash","Offering+1","Seeing Red+1","Thunderclap","Rampage+1","Evolve","Impervious","Finesse+1","Reaper+1","Dual Wield+1"],"relics":["Burning Blood","Odd Mushroom","PreservedInsect","Busted Crown","Nloth\u0027s Gift","Centennial Puzzle","Red Skull","The Courier","Tiny Chest"],"potions_floor_usage":[11,16,28,30,31,33,33],"damage_taken":[{"damage":6,"enemies":"2 Louse","floor":1,"turns":3},{"damage":8,"enemies":"Jaw Worm","floor":2,"turns":2},{"damage":0,"enemies":"Small Slimes","floor":5,"turns":3},{"damage":10,"enemies":"3 Louse","floor":7,"turns":3},{"damage":24,"enemies":"The Mushroom Lair","floor":8,"turns":4},{"damage":31,"enemies":"3 Sentries","floor":11,"turns":8},{"damage":6,"enemies":"Gremlin Gang","floor":13,"turns":2},{"damage":31,"enemies":"Slime Boss","floor":16,"turns":9},{"damage":30,"enemies":"Spheric Guardian","floor":18,"turns":6},{"damage":12,"enemies":"Chosen","floor":21,"turns":5},{"damage":48,"enemies":"Book of Stabbing","floor":23,"turns":5},{"damage":19,"enemies":"Snecko","floor":24,"turns":4},{"damage":15,"enemies":"Slavers","floor":27,"turns":3},{"damage":6,"enemies":"Centurion and Healer","floor":28,"turns":3},{"damage":22,"enemies":"3 Cultists","floor":30,"turns":5},{"damage":46,"enemies":"Cultist and Chosen","floor":31,"turns":6},{"damage":105,"enemies":"Collector","floor":33,"turns":9}],"seed_played":"7104939143564992467","potions_obtained":[{"floor":5,"key":"GamblersBrew"},{"floor":7,"key":"Ancient Potion"},{"floor":11,"key":"FearPotion"},{"floor":13,"key":"BloodPotion"},{"floor":27,"key":"AttackPotion"},{"floor":28,"key":"Weak Potion"},{"floor":30,"key":"PowerPotion"}],"is_trial":false,"path_per_floor":["M","M","$","?","M","R","M","?","T","R","E","$","M","T","R","B",null,"M","?","?","M","T","E","M","R","T","E","M","R","M","M","R","B"],"character_chosen":"IRONCLAD","items_purchased":["Rampage","Finesse"],"campfire_rested":0,"item_purchase_floors":[3,12],"current_hp_per_floor":[80,78,78,71,77,77,73,55,55,55,30,30,30,30,30,13,80,62,62,62,62,62,26,13,13,13,32,52,52,53,41,41,0],"gold":341,"neow_bonus":"THREE_RARE_CARDS","is_prod":false,"is_daily":false,"chose_seed":false,"campfire_upgraded":6,"win_rate":0,"timestamp":1545792397,"path_taken":["M","M","$","?","M","R","M","?","T","R","E","$","M","?","R","BOSS","M","?","?","?","?","E","M","R","T","E","?","R","M","M","R","BOSS"],"build_version":"2018-12-20","purchased_purges":1,"victory":false,"max_hp_per_floor":[80,80,80,80,80,80,80,80,80,80,80,80,80,80,80,80,80,80,80,80,80,80,80,80,80,80,80,80,80,80,80,80,80],"card_choices":[{"not_picked":["Barricade","Brutality"],"picked":"Offering","floor":0},{"not_picked":["Perfected Strike","True Grit"],"picked":"Seeing Red","floor":1},{"not_picked":["Warcry","Headbutt"],"picked":"Thunderclap","floor":2},{"not_picked":["Clothesline","Armaments","Wild Strike"],"picked":"SKIP","floor":5},{"not_picked":["Body Slam","Wild Strike"],"picked":"Evolve","floor":7},{"not_picked":["Clothesline","Sword Boomerang"],"picked":"Impervious","floor":8},{"not_picked":["Uppercut","Feel No Pain","Pommel Strike"],"picked":"SKIP","floor":11},{"not_picked":["Sentinel","Blood for Blood","Flex"],"picked":"SKIP","floor":13},{"not_picked":["Dark Embrace","Bludgeon"],"picked":"Reaper","floor":16},{"not_picked":["Wild Strike"],"picked":"SKIP","floor":18},{"not_picked":["Carnage"],"picked":"SKIP","floor":21},{"not_picked":["Dual Wield"],"picked":"SKIP","floor":23},{"not_picked":["Spot Weakness"],"picked":"SKIP","floor":24},{"not_picked":["Thunderclap"],"picked":"SKIP","floor":27},{"not_picked":["Iron Wave"],"picked":"SKIP","floor":28},{"not_picked":["Anger"],"picked":"SKIP","floor":30},{"not_picked":["Clash+1"],"picked":"SKIP","floor":31}],"player_experience":192273,"relics_obtained":[{"floor":8,"key":"Odd Mushroom"},{"floor":11,"key":"Letter Opener"},{"floor":14,"key":"PreservedInsect"},{"floor":22,"key":"Centennial Puzzle"},{"floor":23,"key":"Red Skull"},{"floor":26,"key":"The Courier"},{"floor":27,"key":"Tiny Chest"}],"event_choices":[{"cards_removed":["Defend_R"],"damage_healed":0,"gold_gain":0,"player_choice":"Card Removal","damage_taken":7,"max_hp_gain":0,"max_hp_loss":0,"event_name":"Golden Wing","floor":4,"gold_loss":0},{"damage_healed":0,"gold_gain":0,"player_choice":"Fought Mushrooms","damage_taken":0,"max_hp_gain":0,"max_hp_loss":0,"event_name":"Mushrooms","floor":8,"gold_loss":0},{"damage_healed":0,"gold_gain":0,"player_choice":"Read","damage_taken":0,"max_hp_gain":0,"max_hp_loss":0,"event_name":"The Library","floor":19,"gold_loss":0,"cards_obtained":["Dual Wield"]},{"damage_healed":0,"gold_gain":0,"player_choice":"Traded Relic","damage_taken":0,"relics_obtained":["Nloth\u0027s Gift"],"max_hp_gain":0,"max_hp_loss":0,"event_name":"N\u0027loth","floor":20,"relics_lost":["Letter Opener"],"gold_loss":0}],"is_beta":false,"boss_relics":[{"not_picked":["Fusion Hammer","Ectoplasm"],"picked":"Busted Crown"}],"items_purged_floors":[3],"is_endless":false,"potions_floor_spawned":[5,7,11,13,27,28,30],"killed_by":"Collector","ascension_level":4}