{"gold_per_floor":[112,129,147,164,177,177,12,12,35,47,66,13,13,41,41,137,137,155,55,73,89,102,102,112,112,112,131,41,41,41,59,59,59],"floor_reached":33,"playtime":3683,"items_purged":["Defend_G","Regret"],"score":253,"play_id":"bf31f2e4-c9af-4bb2-8cc8-37bdd6195595","local_time":"20181213190214","is_ascension_mode":false,"campfire_choices":[{"data":"Tactician","floor":6,"key":"SMITH"},{"floor":15,"key":"REST"},{"floor":23,"key":"REST"},{"data":"Skewer","floor":25,"key":"SMITH"},{"floor":30,"key":"REST"},{"floor":32,"key":"REST"}],"neow_cost":"NONE","seed_source_timestamp":139814486075405,"circlet_count":0,"master_deck":["Defend_G","Defend_G","Defend_G","Strike_G+1","Strike_G","Strike_G","Strike_G","Strike_G+1","Survivor","Neutralize","Dagger Throw","Dagger Throw","Infinite Blades","Dodge and Roll","Tactician+1","Well Laid Plans","PiercingWail","Blur","Skewer+1","Acrobatics","Envenom","A Thousand Cuts","Prepared","Endless Agony+1","Prepared","Footwork","Outmaneuver","Reflex"],"relics":["Ring of the Snake","Ancient Tea Set","Happy Flower","Whetstone","Busted Crown","The Specimen"],"potions_floor_usage":[4,11,16,22,22],"damage_taken":[{"damage":6,"enemies":"Cultist","floor":1,"turns":4},{"damage":0,"enemies":"Small Slimes","floor":2,"turns":4},{"damage":0,"enemies":"2 Louse","floor":3,"turns":2},{"damage":5,"enemies":"Looter","floor":4,"turns":4},{"damage":4,"enemies":"Large Slime","floor":5,"turns":6},{"damage":6,"enemies":"Exordium Thugs","floor":10,"turns":7},{"damage":6,"enemies":"Looter","floor":11,"turns":2},{"damage":27,"enemies":"Lagavulin","floor":14,"turns":7},{"damage":27,"enemies":"Hexaghost","floor":16,"turns":8},{"damage":20,"enemies":"Shell Parasite","floor":18,"turns":6},{"damage":27,"enemies":"2 Thieves","floor":20,"turns":4},{"damage":11,"enemies":"Chosen and Byrds","floor":21,"turns":5},{"damage":0,"enemies":"Centurion and Healer","floor":22,"turns":6},{"damage":15,"enemies":"Snecko","floor":24,"turns":4},{"damage":17,"enemies":"Sentry and Sphere","floor":27,"turns":5},{"damage":5,"enemies":"Snake Plant","floor":31,"turns":3},{"damage":38,"enemies":"Champ","floor":33,"turns":7}],"seed_played":"-129118307634860786","potions_obtained":[{"floor":3,"key":"Block Potion"},{"floor":4,"key":"Block Potion"},{"floor":10,"key":"AttackPotion"},{"floor":14,"key":"AttackPotion"},{"floor":20,"key":"PowerPotion"},{"floor":21,"key":"Block Potion"},{"floor":27,"key":"Energy Potion"}],"is_trial":false,"path_per_floor":["M","M","M","M","M","R","$","?","T","M","M","$","?","E","R","B",null,"M","$","M","M","M","R","M","R","T","M","$","?","R","M","R","B"],"character_chosen":"THE_SILENT","items_purchased":["Well Laid Plans","PiercingWail","Acrobatics","Footwork","Outmaneuver"],"campfire_rested":4,"item_purchase_floors":[7,7,12,28,28],"current_hp_per_floor":[64,64,64,59,55,55,55,55,55,49,43,43,43,16,37,10,70,50,50,23,12,12,33,18,18,18,1,1,1,22,17,38,0],"gold":59,"neow_bonus":"REMOVE_CARD","is_prod":false,"is_daily":false,"chose_seed":false,"campfire_upgraded":2,"win_rate":0.0,"timestamp":1544752934,"path_taken":["M","M","M","M","M","R","$","?","T","?","M","$","?","E","R","BOSS","M","$","M","M","?","R","M","R","T","?","?","?","R","?","R","BOSS"],"build_version":"2018-12-13","purchased_purges":2,"victory":false,"max_hp_per_floor":[70,70,70,70,70,70,70,70,70,70,70,70,70,70,70,70,70,70,70,70,70,70,70,70,70,70,70,70,70,70,70,70,70],"card_choices":[{"not_picked":["Bane","Choke"],"picked":"Dagger Throw","floor":1},{"not_picked":["Deflect","Slice"],"picked":"Dagger Throw","floor":2},{"not_picked":["Reflex","Dagger Throw"],"picked":"Infinite Blades","floor":3},{"not_picked":["Poisoned Stab","Catalyst"],"picked":"Dodge and Roll","floor":4},{"not_picked":["Flying Knee","Terror"],"picked":"Tactician","floor":5},{"not_picked":["Underhanded Strike","Riddle With Holes"],"picked":"Skewer","floor":10},{"not_picked":["Sucker Punch","Bane","Dodge and Roll"],"picked":"SKIP","floor":11},{"not_picked":["Caltrops","Dagger Spray"],"picked":"Envenom","floor":14},{"not_picked":["Malaise","Die Die Die"],"picked":"A Thousand Cuts","floor":16},{"not_picked":["Dodge and Roll"],"picked":"SKIP","floor":18},{"not_picked":[],"picked":"Prepared","floor":20},{"not_picked":["Dagger Spray"],"picked":"SKIP","floor":21},{"not_picked":["Flechettes"],"picked":"SKIP","floor":22},{"not_picked":[],"picked":"Endless Agony+1","floor":24},{"not_picked":[],"picked":"Prepared","floor":27},{"not_picked":["Underhanded Strike"],"picked":"SKIP","floor":31}],"player_experience":81062,"relics_obtained":[{"floor":9,"key":"Ancient Tea Set"},{"floor":14,"key":"Whetstone"},{"floor":26,"key":"The Specimen"}],"event_choices":[{"damage_healed":0,"gold_gain":0,"player_choice":"2 cards matched","damage_taken":0,"max_hp_gain":0,"max_hp_loss":0,"event_name":"Match and Keep!","floor":8,"gold_loss":0,"cards_obtained":["Regret","Blur"]},{"damage_healed":0,"gold_gain":0,"player_choice":"Gave Potion","damage_taken":0,"relics_obtained":["Happy Flower"],"max_hp_gain":0,"max_hp_loss":0,"event_name":"WeMeetAgain","floor":13,"gold_loss":0},{"damage_healed":0,"gold_gain":0,"player_choice":"1 cards matched","damage_taken":0,"max_hp_gain":0,"max_hp_loss":0,"event_name":"Match and Keep!","floor":29,"gold_loss":0,"cards_obtained":["Reflex"]}],"is_beta":false,"boss_relics":[{"not_picked":["Astrolabe","Eternal Feather"],"picked":"Busted Crown"}],"items_purged_floors":[7,19],"is_endless":false,"potions_floor_spawned":[3,4,10,14,20,21,27],"killed_by":"Champ","ascension_level":0}