{"gold_per_floor":[113,188,188,208,219,219,253,267,292,292,307,307,340,351,351,448,448,465,564,575,575,500,500,500],"floor_reached":24,"playtime":1814,"items_purged":[],"score":299,"play_id":"94d6ca01-3686-454e-81b5-c26ea87a010a","local_time":"20190813175847","is_ascension_mode":true,"campfire_choices":[{"floor":6,"key":"REST"},{"floor":10,"key":"REST"},{"floor":15,"key":"REST"},{"floor":23,"key":"REST"}],"neow_cost":"NONE","seed_source_timestamp":110674943082381,"circlet_count":0,"master_deck":["Strike_R","Strike_R","Strike_R+1","Strike_R+1","Strike_R+1","Defend_R","Defend_R","Defend_R+1","Defend_R","Bash","Limit Break","Shrug It Off","Double Tap","True Grit","Sword Boomerang","Inflame","Dark Embrace","Flame Barrier","Headbutt","Barricade","Heavy Blade+1","Carnage"],"relics":["Burning Blood","Whetstone","Orichalcum","Bag of Marbles","Cursed Key"],"potions_floor_usage":[11,13,13],"damage_taken":[{"damage":5,"enemies":"Small Slimes","floor":1,"turns":3},{"damage":1,"enemies":"2 Louse","floor":4,"turns":3},{"damage":11,"enemies":"Jaw Worm","floor":5,"turns":4},{"damage":39,"enemies":"Gremlin Nob","floor":7,"turns":5},{"damage":2,"enemies":"3 Louse","floor":8,"turns":4},{"damage":17,"enemies":"Exordium Thugs","floor":11,"turns":4},{"damage":35,"enemies":"3 Sentries","floor":13,"turns":7},{"damage":14,"enemies":"Large Slime","floor":14,"turns":7},{"damage":49,"enemies":"Slime Boss","floor":16,"turns":12},{"damage":23,"enemies":"Shell Parasite","floor":18,"turns":6},{"damage":13,"enemies":"Spheric Guardian","floor":20,"turns":5},{"damage":61,"enemies":"Slavers","floor":24,"turns":3}],"seed_played":"6177512609046539734","potions_obtained":[{"floor":1,"key":"SneckoOil"},{"floor":5,"key":"SneckoOil"},{"floor":8,"key":"Explosive Potion"}],"is_trial":false,"path_per_floor":["M","?","?","M","M","R","E","M","T","R","M","?","E","M","R","B",null,"M","?","M","?","$","R","E"],"character_chosen":"IRONCLAD","items_purchased":["Carnage"],"campfire_rested":4,"item_purchase_floors":[22],"current_hp_per_floor":[73,62,46,51,46,70,37,41,41,65,54,80,51,43,67,24,66,49,49,42,27,27,52,0],"gold":500,"neow_bonus":"ONE_RANDOM_RARE_CARD","is_prod":false,"is_daily":false,"chose_seed":false,"campfire_upgraded":0,"win_rate":0,"timestamp":1565715527,"path_taken":["M","?","?","M","M","R","E","?","T","R","M","?","E","M","R","BOSS","M","?","M","?","$","R","E"],"build_version":"2019-07-17","purchased_purges":0,"victory":false,"max_hp_per_floor":[80,80,80,80,80,80,80,80,80,80,80,80,80,80,80,80,80,80,80,80,85,85,85,85],"card_choices":[{"not_picked":["Perfected Strike","Flex"],"picked":"Shrug It Off","floor":1},{"not_picked":["Battle Trance","Sever Soul"],"picked":"Double Tap","floor":4},{"not_picked":["Clash","Clothesline"],"picked":"True Grit","floor":5},{"not_picked":["Clothesline","Perfected Strike"],"picked":"Sword Boomerang","floor":7},{"not_picked":["Shrug It Off","Metallicize"],"picked":"Inflame","floor":8},{"not_picked":["True Grit","Ghostly Armor"],"picked":"Dark Embrace","floor":11},{"not_picked":["Wild Strike","Cleave"],"picked":"Flame Barrier","floor":13},{"not_picked":["Seeing Red","Flex"],"picked":"Headbutt","floor":14},{"not_picked":["Exhume","Juggernaut"],"picked":"Barricade","floor":16},{"not_picked":["Reckless Charge","Rampage","Anger"],"picked":"SKIP","floor":18},{"not_picked":["Clash","Shrug It Off"],"picked":"Heavy Blade+1","floor":20}],"player_experience":191742,"relics_obtained":[{"floor":7,"key":"Whetstone"},{"floor":9,"key":"Orichalcum"},{"floor":13,"key":"Bag of Marbles"}],"event_choices":[{"damage_healed":0,"gold_gain":75,"player_choice":"Gather Gold","damage_taken":11,"max_hp_gain":0,"max_hp_loss":0,"event_name":"World of Goop","floor":2,"gold_loss":0},{"damage_healed":0,"gold_gain":0,"player_choice":"Entered Light","damage_taken":16,"max_hp_gain":0,"max_hp_loss":0,"event_name":"Shining Light","floor":3,"gold_loss":0,"cards_upgraded":["Strike_R","Defend_R"]},{"damage_healed":26,"gold_gain":0,"player_choice":"Banana","damage_taken":0,"max_hp_gain":0,"max_hp_loss":0,"event_name":"Big Fish","floor":12,"gold_loss":0},{"damage_healed":0,"gold_gain":99,"player_choice":"Stole From Cult","damage_taken":0,"max_hp_gain":0,"max_hp_loss":0,"event_name":"Nest","floor":19,"gold_loss":0},{"damage_healed":0,"gold_gain":0,"player_choice":"Shed Blood","damage_taken":20,"max_hp_gain":5,"max_hp_loss":0,"event_name":"Forgotten Altar","floor":21,"gold_loss":0}],"is_beta":false,"boss_relics":[{"not_picked":["Fusion Hammer","Sozu"],"picked":"Cursed Key"}],"items_purged_floors":[],"is_endless":false,"potions_floor_spawned":[1,5,8],"killed_by":"Slavers","ascension_level":9}