{"gold_per_floor":[113,33,33,50,50,79,79,97,124,136,161,177,177,127,127,229,229,246,264,264,264,289,201,211,36,36,36,36,36,52,87,87,183,183,197,212,212,20,37,37,65,65,91,116,44,44,44,61,61,61,61,61,9,35,35],"floor_reached":55,"playtime":3942,"items_purged":["Strike_G","Expertise","Strike_G"],"score":1039,"play_id":"0433e06d-86ee-46e9-b311-6dca036cd82a","local_time":"20190303034656","is_ascension_mode":true,"campfire_choices":[{"data":"Noxious Fumes","floor":7,"key":"SMITH"},{"data":"Footwork","floor":15,"key":"SMITH"},{"floor":29,"key":"REST"},{"floor":32,"key":"REST"},{"floor":40,"key":"RECALL"},{"data":"Burst","floor":42,"key":"SMITH"},{"data":"Noxious Fumes","floor":49,"key":"SMITH"},{"data":"Backflip","floor":52,"key":"SMITH"}],"neow_cost":"NONE","seed_source_timestamp":115622818765812,"circlet_count":0,"master_deck":["Defend_G","Defend_G","Defend_G","Defend_G","Survivor","Neutralize+1","Noxious Fumes","Noxious Fumes+1","Footwork+1","PiercingWail","Dagger Spray+1","Deadly Poison","Burst+1","Tools of the Trade","Backflip+1","Caltrops","Infinite Blades","Noxious Fumes","Deadly Poison+1","Leg Sweep+1","Noxious Fumes+1","Doubt","Acrobatics+1"],"relics":["Ring of the Snake","Bronze Scales","Strawberry","Shovel","Busted Crown","MawBank","Torii","Nilry\u0027s Codex","Ornamental Fan","Coffee Dripper","Whetstone","Boot","Blue Candle","Sundial"],"potions_floor_usage":[6,11,16,16,24,48,54,55,55],"damage_taken":[{"damage":0,"enemies":"2 Louse","floor":1,"turns":2},{"damage":0,"enemies":"Cultist","floor":4,"turns":4},{"damage":24,"enemies":"Gremlin Nob","floor":6,"turns":5},{"damage":11,"enemies":"Small Slimes","floor":8,"turns":4},{"damage":3,"enemies":"Red Slaver","floor":10,"turns":5},{"damage":0,"enemies":"Lagavulin","floor":11,"turns":7},{"damage":4,"enemies":"2 Fungi Beasts","floor":12,"turns":3},{"damage":0,"enemies":"The Guardian","floor":16,"turns":8},{"damage":0,"enemies":"Chosen","floor":18,"turns":5},{"damage":10,"enemies":"Spheric Guardian","floor":19,"turns":5},{"damage":16,"enemies":"Chosen and Byrds","floor":22,"turns":5},{"damage":9,"enemies":"Sentry and Sphere","floor":24,"turns":6},{"damage":1,"enemies":"Shelled Parasite and Fungi","floor":30,"turns":6},{"damage":16,"enemies":"Book of Stabbing","floor":31,"turns":6},{"damage":50,"enemies":"Collector","floor":33,"turns":8},{"damage":1,"enemies":"Orb Walker","floor":35,"turns":5},{"damage":28,"enemies":"3 Darklings","floor":36,"turns":4},{"damage":25,"enemies":"Sphere and 2 Shapes","floor":39,"turns":5},{"damage":10,"enemies":"Nemesis","floor":41,"turns":9},{"damage":42,"enemies":"Giant Head","floor":44,"turns":9},{"damage":32,"enemies":"Transient","floor":48,"turns":5},{"damage":42,"enemies":"Donu and Deca","floor":50,"turns":9},{"damage":25,"enemies":"Shield and Spear","floor":54,"turns":7},{"damage":62,"enemies":"The Heart","floor":55,"turns":8}],"seed_played":"-6438331679175074545","potions_obtained":[{"floor":1,"key":"Poison Potion"},{"floor":5,"key":"EssenceOfSteel"},{"floor":5,"key":"Fire Potion"},{"floor":10,"key":"SteroidPotion"},{"floor":12,"key":"Poison Potion"},{"floor":16,"key":"Ancient Potion"},{"floor":18,"key":"Swift Potion"},{"floor":30,"key":"SteroidPotion"},{"floor":31,"key":"FearPotion"},{"floor":44,"key":"Weak Potion"},{"floor":48,"key":"GhostInAJar"}],"is_trial":false,"path_per_floor":["M","$","?","M","?","E","R","M","T","M","E","M","?","?","R","B",null,"M","M","?","?","M","$","M","$","T","?","?","R","M","E","R","B",null,"M","M","?","$","M","R","E","R","T","E","$","$","?","M","R","B",null,"R","$","E","B"],"character_chosen":"THE_SILENT","items_purchased":["Noxious Fumes","Backflip","Caltrops","Noxious Fumes","LiquidBronze","PowerPotion"],"campfire_rested":2,"item_purchase_floors":[2,23,25,38,45,53],"current_hp_per_floor":[70,70,70,70,70,53,53,42,42,39,39,35,35,35,35,35,77,77,67,67,67,51,51,42,42,42,26,26,49,48,32,55,5,77,76,48,87,87,62,62,52,52,52,10,10,10,87,55,55,13,87,87,87,62,0],"gold":35,"neow_bonus":"RANDOM_COMMON_RELIC","is_prod":false,"is_daily":false,"chose_seed":false,"campfire_upgraded":5,"win_rate":0,"timestamp":1551610016,"path_taken":["M","$","?","?","?","E","R","?","T","M","E","M","?","?","R","BOSS","M","M","?","?","M","$","?","$","T","?","?","R","?","E","R","BOSS","M","M","?","$","M","R","E","R","T","E","?","$","?","M","R","BOSS","R","$","E","BOSS"],"build_version":"2019-01-23","purchased_purges":3,"victory":false,"max_hp_per_floor":[70,70,70,70,70,77,77,77,77,77,77,77,77,77,77,77,77,77,77,77,77,77,77,77,77,77,77,77,77,77,77,77,77,77,77,77,87,87,87,87,87,87,87,87,87,87,87,87,87,87,87,87,87,87,87],"card_choices":[{"not_picked":["Setup","Sucker Punch"],"picked":"Noxious Fumes","floor":1},{"not_picked":["Underhanded Strike","Dagger Spray"],"picked":"Footwork","floor":4},{"not_picked":["Poisoned Stab","Glass Knife","Flying Knee"],"picked":"SKIP","floor":6},{"not_picked":["Slice","Prepared"],"picked":"PiercingWail","floor":8},{"not_picked":["Deflect","Concentrate"],"picked":"Dagger Spray","floor":10},{"not_picked":["Prepared","Riddle With Holes","Acrobatics"],"picked":"SKIP","floor":11},{"not_picked":["Well Laid Plans","Bouncing Flask"],"picked":"Deadly Poison","floor":12},{"not_picked":["Malaise","Storm of Steel"],"picked":"Burst","floor":16},{"not_picked":["Flying Knee"],"picked":"SKIP","floor":18},{"not_picked":["Bane"],"picked":"SKIP","floor":19},{"not_picked":["Bane"],"picked":"SKIP","floor":22},{"not_picked":["Cloak And Dagger"],"picked":"SKIP","floor":24},{"not_picked":[],"picked":"Noxious Fumes","floor":30},{"not_picked":["Accuracy"],"picked":"SKIP","floor":31},{"not_picked":[],"picked":"Glass Knife","floor":33},{"not_picked":[],"picked":"Deadly Poison+1","floor":35},{"not_picked":[],"picked":"Leg Sweep+1","floor":36},{"not_picked":["Poisoned Stab+1"],"picked":"SKIP","floor":39},{"not_picked":["Crippling Poison+1"],"picked":"SKIP","floor":41},{"not_picked":["Bane"],"picked":"SKIP","floor":44},{"not_picked":[],"picked":"Acrobatics+1","floor":48},{"not_picked":["Choke"],"picked":"SKIP","floor":54}],"player_experience":460152,"relics_obtained":[{"floor":6,"key":"Strawberry"},{"floor":11,"key":"Shovel"},{"floor":26,"key":"Torii"},{"floor":27,"key":"Nilry\u0027s Codex"},{"floor":31,"key":"Ornamental Fan"},{"floor":41,"key":"Whetstone"},{"floor":43,"key":"Boot"},{"floor":44,"key":"Blue Candle"},{"floor":54,"key":"Sundial"}],"event_choices":[{"damage_healed":0,"gold_gain":0,"player_choice":"Upgraded","damage_taken":0,"max_hp_gain":0,"max_hp_loss":0,"event_name":"Upgrade Shrine","floor":3,"gold_loss":0,"cards_upgraded":["Neutralize"]},{"damage_healed":0,"gold_gain":0,"player_choice":"Got Potions","damage_taken":0,"max_hp_gain":0,"max_hp_loss":0,"event_name":"Lab","floor":5,"gold_loss":0},{"damage_healed":0,"gold_gain":0,"player_choice":"Ignored","damage_taken":0,"max_hp_gain":0,"max_hp_loss":0,"event_name":"Liars Game","floor":13,"gold_loss":0},{"cards_removed":["Strike_G"],"damage_healed":0,"gold_gain":0,"player_choice":"Card Removal","damage_taken":0,"max_hp_gain":0,"max_hp_loss":0,"event_name":"The Cleric","floor":14,"gold_loss":50},{"damage_healed":0,"gold_gain":0,"cards_transformed":["Strike_G","Strike_G"],"player_choice":"Became Test Subject","damage_taken":0,"max_hp_gain":0,"max_hp_loss":0,"event_name":"Drug Dealer","floor":20,"gold_loss":0,"cards_obtained":["Expertise","Tools of the Trade"]},{"damage_healed":0,"gold_gain":0,"player_choice":"Gave Potion","damage_taken":0,"relics_obtained":["MawBank"],"max_hp_gain":0,"max_hp_loss":0,"event_name":"WeMeetAgain","floor":21,"gold_loss":0},{"damage_healed":0,"gold_gain":0,"player_choice":"Obtained Book","damage_taken":16,"max_hp_gain":0,"max_hp_loss":0,"event_name":"Cursed Tome","floor":27,"gold_loss":0},{"damage_healed":0,"gold_gain":0,"cards_transformed":["Defend_G"],"player_choice":"Transformed","damage_taken":0,"max_hp_gain":0,"max_hp_loss":0,"event_name":"Transmorgrifier","floor":28,"gold_loss":0,"cards_obtained":["Infinite Blades"]},{"cards_removed":["Glass Knife"],"damage_healed":29,"gold_gain":0,"player_choice":"Offered Rare","damage_taken":0,"max_hp_gain":10,"max_hp_loss":0,"event_name":"Bonfire Elementals","floor":37,"gold_loss":0},{"damage_healed":77,"gold_gain":0,"player_choice":"Heal","damage_taken":0,"max_hp_gain":0,"max_hp_loss":0,"event_name":"MindBloom","floor":47,"gold_loss":0,"cards_obtained":["Doubt"]}],"is_beta":false,"boss_relics":[{"not_picked":["Orrery","Astrolabe"],"picked":"Busted Crown"},{"not_picked":["Philosopher\u0027s Stone","Pandora\u0027s Box"],"picked":"Coffee Dripper"}],"items_purged_floors":[23,25,38],"is_endless":false,"potions_floor_spawned":[1,10,12,16,18,30,31,35,39,44,48],"killed_by":"The Heart","ascension_level":4}