{"path_per_floor":["M","?","M","?","M","R","?","E","T","M","R","M","M","$","R","B",null,"M","$","?","M","$","R"],"character_chosen":"DEFECT","items_purchased":["Pantograph","Doom and Gloom"],"gold_per_floor":[113,113,129,129,154,154,154,192,244,268,268,291,309,70,70,196,196,220,69,69,93,93,93,93],"floor_reached":24,"campfire_rested":1,"playtime":691,"current_hp_per_floor":[63,45,38,38,38,38,38,28,28,23,23,21,18,18,40,46,75,69,69,53,48,48,48,0],"items_purged":["Strike_B"],"gold":93,"score":235,"play_id":"5d2cecb9-c118-4d14-9b20-a75f97d8064d","local_time":"20180510100337","is_prod":false,"is_daily":false,"chose_seed":false,"is_ascension_mode":true,"campfire_upgraded":3,"timestamp":1525939417,"path_taken":["M","?","?","?","M","R","?","E","T","?","R","?","M","$","R","BOSS","M","$","?","?","?","R","E"],"build_version":"2018-05-08","seed_source_timestamp":2755032633722366,"purchased_purges":1,"victory":false,"master_deck":["Strike_B","Strike_B","Defend_B","Defend_B","Defend_B","Defend_B","Zap","Dualcast","Sunder+1","Doom and Gloom+1","Ball Lightning","Leap","Double Energy+1","Ball Lightning","Multi-Cast+1","Doom and Gloom","Necronomicurse","Streamline+1"],"max_hp_per_floor":[75,75,75,75,75,75,75,75,75,75,75,75,75,75,75,75,75,75,75,75,75,75,75,75],"relics":["Cracked Core","Golden Idol","Prayer Wheel","Orichalcum","Pantograph","Snecko Eye","Necronomicon"],"card_choices":[{"not_picked":["Blizzard","Rebound"],"picked":"Sunder","floor":3},{"not_picked":["Coolheaded","Steam"],"picked":"Doom and Gloom","floor":5},{"not_picked":["Coolheaded","Capacitor"],"picked":"Ball Lightning","floor":8},{"not_picked":["Darkness","Streamline"],"picked":"Leap","floor":9},{"not_picked":["Redo","Go for the Eyes"],"picked":"Double Energy","floor":10},{"not_picked":["Turbo","Stack"],"picked":"Ball Lightning","floor":13},{"not_picked":["All For One","Rainbow"],"picked":"Multi-Cast","floor":16},{"not_picked":["Beam Cell","Barrage"],"picked":"Streamline","floor":21}],"player_experience":408062,"potions_floor_usage":[],"damage_taken":[{"damage":12,"enemies":"Small Slimes","floor":1,"turns":3},{"damage":7,"enemies":"Jaw Worm","floor":3,"turns":2},{"damage":0,"enemies":"2 Louse","floor":5,"turns":2},{"damage":10,"enemies":"Lagavulin","floor":8,"turns":5},{"damage":5,"enemies":"Gremlin Gang","floor":10,"turns":2},{"damage":2,"enemies":"Large Slime","floor":12,"turns":5},{"damage":3,"enemies":"Blue Slaver","floor":13,"turns":2},{"damage":19,"enemies":"Slime Boss","floor":16,"turns":8},{"damage":6,"enemies":"3 Byrds","floor":18,"turns":2},{"damage":5,"enemies":"Spheric Guardian","floor":21,"turns":3},{"damage":53,"enemies":"Book of Stabbing","floor":24,"turns":4}],"event_choices":[{"event_name":"Golden Idol","player_choice":"Take Damage","floor":2,"damage_taken":0},{"event_name":"Living Wall","player_choice":"Grow","floor":4,"damage_taken":0},{"event_name":"Bonfire Elementals","player_choice":"BASIC","floor":7,"damage_taken":0},{"event_name":"Cursed Tome","player_choice":"Obtained Book","floor":20,"damage_taken":0}],"boss_relics":[{"not_picked":["Black Star","Runic Dome"],"picked":"Snecko Eye"}],"potions_floor_spawned":[10,13,16,21],"seed_played":"-8624644400581166470","killed_by":"Book of Stabbing","ascension_level":4,"is_trial":false}