{"gold_per_floor":[118,128,139,139,158,158,194,194,276,292,312,312,342,94,94,225,225,211,254,254,8,8,8,29,53,102,102,102,112,142,161,161,262,262,277,277,287,287,287,287,319,419,470,483,483,199,224,236,236,236],"floor_reached":51,"playtime":3496,"items_purged":["Strike_G","Strike_G"],"score":722,"play_id":"0ec301c6-ad64-4ee7-bbe6-31a4e8354b83","local_time":"20190809155149","is_ascension_mode":false,"campfire_choices":[{"floor":6,"key":"REST"},{"data":"Crippling Poison","floor":8,"key":"SMITH"},{"floor":15,"key":"REST"},{"floor":23,"key":"REST"},{"floor":28,"key":"REST"},{"floor":32,"key":"REST"},{"floor":40,"key":"REST"},{"floor":45,"key":"REST"},{"floor":49,"key":"REST"}],"neow_cost":"NONE","seed_source_timestamp":155937517530798,"circlet_count":0,"master_deck":["Strike_G","Strike_G","Defend_G","Defend_G","Defend_G","Defend_G","Defend_G","Survivor","Neutralize+1","Bouncing Flask","Dagger Throw","Crippling Poison+1","PiercingWail","Deadly Poison+1","Calculated Gamble+1","Noxious Fumes","A Thousand Cuts+1","Backflip+1","Poisoned Stab","Outmaneuver+1","Calculated Gamble+1","Dash","Poisoned Stab","Glass Knife","Backflip+1","Bane+1","Backflip+1","Leg Sweep+1","Burst+1","Catalyst+1"],"relics":["Ring of the Snake","Bloody Idol","Mango","Toxic Egg 2","Fusion Hammer","Red Mask","Bottled Lightning","Juzu Bracelet","Omamori","Cursed Key","Bottled Tornado","Happy Flower","Strawberry"],"potions_floor_usage":[7,11,19,19,19,30,39,41,50],"damage_taken":[{"damage":1,"enemies":"Jaw Worm","floor":1,"turns":4},{"damage":0,"enemies":"2 Louse","floor":2,"turns":3},{"damage":0,"enemies":"Small Slimes","floor":3,"turns":2},{"damage":2,"enemies":"Looter","floor":5,"turns":3},{"damage":20,"enemies":"Gremlin Nob","floor":7,"turns":4},{"damage":9,"enemies":"Blue Slaver","floor":10,"turns":4},{"damage":6,"enemies":"Red Slaver","floor":11,"turns":3},{"damage":27,"enemies":"Hexaghost","floor":16,"turns":7},{"damage":1,"enemies":"2 Thieves","floor":18,"turns":4},{"damage":15,"enemies":"Masked Bandits","floor":19,"turns":5},{"damage":2,"enemies":"Spheric Guardian","floor":24,"turns":5},{"damage":12,"enemies":"Centurion and Healer","floor":25,"turns":4},{"damage":6,"enemies":"Snake Plant","floor":29,"turns":4},{"damage":26,"enemies":"Book of Stabbing","floor":30,"turns":6},{"damage":5,"enemies":"Shelled Parasite and Fungi","floor":31,"turns":5},{"damage":29,"enemies":"Automaton","floor":33,"turns":9},{"damage":0,"enemies":"3 Shapes","floor":35,"turns":4},{"damage":29,"enemies":"3 Darklings","floor":37,"turns":4},{"damage":0,"enemies":"Transient","floor":39,"turns":1},{"damage":38,"enemies":"Nemesis","floor":41,"turns":7},{"damage":12,"enemies":"4 Shapes","floor":44,"turns":3},{"damage":4,"enemies":"3 Darklings","floor":48,"turns":3},{"damage":57,"enemies":"Awakened One","floor":50,"turns":17}],"seed_played":"-8502164910822220233","potions_obtained":[{"floor":3,"key":"Explosive Potion"},{"floor":7,"key":"AttackPotion"},{"floor":11,"key":"GhostInAJar"},{"floor":19,"key":"SmokeBomb"},{"floor":29,"key":"AttackPotion"},{"floor":31,"key":"Energy Potion"},{"floor":41,"key":"SteroidPotion"},{"floor":44,"key":"GamblersBrew"},{"floor":48,"key":"Dexterity Potion"}],"is_trial":false,"path_per_floor":["M","M","M","?","M","R","E","R","T","M","M","?","?","$","R","B",null,"M","?","?","$","?","R","M","M","T","?","R","M","E","M","R","B",null,"M","?","M","?","M","R","E","?","T","M","R","$","T","M","R","B",null],"character_chosen":"THE_SILENT","items_purchased":["Noxious Fumes","SpeedPotion","Dexterity Potion","Bottled Lightning","Leg Sweep+1","Burst+1"],"campfire_rested":8,"item_purchase_floors":[14,14,14,21,46,46],"current_hp_per_floor":[69,69,69,52,50,70,64,64,64,55,49,42,42,42,67,40,84,83,68,68,68,84,84,82,70,70,70,84,83,62,62,84,60,84,84,84,60,60,60,84,51,56,61,54,79,79,91,91,91,34],"gold":236,"neow_bonus":"UPGRADE_CARD","is_prod":false,"is_daily":false,"chose_seed":false,"campfire_upgraded":1,"win_rate":0.0,"timestamp":1565380309,"path_taken":["M","M","M","?","M","R","E","R","T","M","M","?","?","$","R","BOSS","M","?","?","$","?","R","?","M","T","?","R","M","E","M","R","BOSS","M","?","M","?","M","R","E","?","T","M","R","$","?","M","R","BOSS"],"build_version":"2019-07-17","purchased_purges":2,"victory":true,"max_hp_per_floor":[70,70,70,70,70,70,84,84,84,84,84,84,84,84,84,84,84,84,84,84,84,84,84,84,84,84,84,84,84,84,84,84,84,84,84,84,84,84,84,84,84,84,84,84,84,84,91,91,91,91],"card_choices":[{"not_picked":["Slice","Prepared"],"picked":"Bouncing Flask","floor":1},{"not_picked":["Endless Agony","Deflect"],"picked":"Dagger Throw","floor":2},{"not_picked":["Predator","Blade Dance"],"picked":"Crippling Poison","floor":3},{"not_picked":["Masterful Stab","Slice"],"picked":"Bouncing Flask","floor":5},{"not_picked":["Flying Knee","Backflip"],"picked":"PiercingWail","floor":7},{"not_picked":["Caltrops","PiercingWail+1"],"picked":"Deadly Poison+1","floor":10},{"not_picked":["Underhanded Strike","Quick Slash"],"picked":"Calculated Gamble+1","floor":11},{"not_picked":["Glass Knife","Night Terror+1"],"picked":"A Thousand Cuts","floor":16},{"not_picked":["Dodge and Roll+1","Endless Agony+1"],"picked":"Backflip+1","floor":18},{"not_picked":["Reflex+1","Quick Slash"],"picked":"Poisoned Stab","floor":19},{"not_picked":["All Out Attack","Flechettes"],"picked":"Outmaneuver+1","floor":24},{"not_picked":["Escape Plan+1","Deflect+1"],"picked":"Calculated Gamble+1","floor":25},{"not_picked":["Heel Hook","Sucker Punch+1"],"picked":"Dash","floor":29},{"not_picked":["Masterful Stab","Choke","Flying Knee"],"picked":"SKIP","floor":30},{"not_picked":["Predator","Underhanded Strike"],"picked":"Poisoned Stab","floor":31},{"not_picked":["Venomology+1","Unload"],"picked":"Glass Knife","floor":33},{"not_picked":["Escape Plan+1","Sucker Punch+1"],"picked":"Backflip+1","floor":35},{"not_picked":["Quick Slash","Expertise+1"],"picked":"Bane+1","floor":37},{"not_picked":["Dagger Throw","Flying Knee","Expertise+1"],"picked":"SKIP","floor":41},{"not_picked":["Flying Knee","Prepared+1"],"picked":"Backflip+1","floor":44},{"not_picked":["Deadly Poison+1","Dash"],"picked":"Catalyst+1","floor":48}],"player_experience":23673,"relics_obtained":[{"floor":7,"key":"Mango"},{"floor":9,"key":"Toxic Egg 2"},{"floor":19,"key":"Red Mask"},{"floor":26,"key":"Juzu Bracelet"},{"floor":30,"key":"Omamori"},{"floor":41,"key":"Bottled Tornado"},{"floor":43,"key":"Happy Flower"},{"floor":47,"key":"Strawberry"}],"event_choices":[{"damage_healed":0,"gold_gain":0,"player_choice":"Take Damage","damage_taken":17,"relics_obtained":["Golden Idol"],"max_hp_gain":0,"max_hp_loss":0,"event_name":"Golden Idol","floor":4,"gold_loss":0},{"cards_removed":["Strike_G"],"damage_healed":0,"gold_gain":0,"player_choice":"Card Removal","damage_taken":7,"max_hp_gain":0,"max_hp_loss":0,"event_name":"Golden Wing","floor":12,"gold_loss":0},{"damage_healed":0,"gold_gain":30,"player_choice":"Searched \u00271\u0027 times","damage_taken":0,"max_hp_gain":0,"max_hp_loss":0,"event_name":"Dead Adventurer","floor":13,"gold_loss":0},{"damage_healed":0,"gold_gain":0,"player_choice":"Fought Bandits","damage_taken":0,"max_hp_gain":0,"max_hp_loss":0,"event_name":"Masked Bandits","floor":19,"gold_loss":0},{"damage_healed":0,"gold_gain":0,"player_choice":"Ignored","damage_taken":0,"max_hp_gain":0,"max_hp_loss":0,"event_name":"Vampires","floor":20,"gold_loss":0},{"cards_removed":["Bouncing Flask"],"damage_healed":16,"gold_gain":0,"player_choice":"Offered Uncommon","damage_taken":0,"max_hp_gain":0,"max_hp_loss":0,"event_name":"Bonfire Elementals","floor":22,"gold_loss":0},{"damage_healed":0,"gold_gain":0,"player_choice":"Gave Idol","damage_taken":0,"relics_obtained":["Bloody Idol"],"max_hp_gain":0,"max_hp_loss":0,"event_name":"Forgotten Altar","floor":27,"relics_lost":["Golden Idol"],"gold_loss":0},{"damage_healed":0,"gold_gain":0,"player_choice":"Forge","damage_taken":0,"max_hp_gain":0,"max_hp_loss":0,"event_name":"Accursed Blacksmith","floor":36,"gold_loss":0,"cards_upgraded":["A Thousand Cuts"]},{"damage_healed":0,"gold_gain":0,"player_choice":"Ignored","damage_taken":0,"max_hp_gain":0,"max_hp_loss":0,"event_name":"Mysterious Sphere","floor":38,"gold_loss":0},{"damage_healed":0,"gold_gain":100,"player_choice":"Pray","damage_taken":0,"max_hp_gain":0,"max_hp_loss":0,"event_name":"Golden Shrine","floor":42,"gold_loss":0}],"is_beta":false,"boss_relics":[{"not_picked":["Black Star","White Beast Statue"],"picked":"Fusion Hammer"},{"not_picked":["Busted Crown","Snecko Eye"],"picked":"Cursed Key"}],"items_purged_floors":[14,46],"is_endless":false,"potions_floor_spawned":[3,7,11,19,29,31,41,44,48],"ascension_level":0}