{"gold_per_floor":[118,130,16,26,26,26,46,75,75,150,176,176,201,219,219,219],"floor_reached":16,"playtime":789,"items_purged":[],"score":150,"play_id":"6ebcbdf2-d681-4cc5-b525-9f05d7c32b44","local_time":"20190324213100","is_ascension_mode":true,"campfire_choices":[{"data":"Rampage","floor":6,"key":"SMITH"},{"floor":15,"key":"REST"}],"neow_cost":"NONE","seed_source_timestamp":86236005529576,"circlet_count":0,"master_deck":["AscendersBane","Strike_R","Strike_R","Strike_R","Strike_R+1","Strike_R","Defend_R","Defend_R","Defend_R","Bash","Rampage+1","Shrug It Off","Flame Barrier","Inflame+1","Shrug It Off","Double Tap","Sword Boomerang"],"relics":["Burning Blood","Omamori","Darkstone Periapt","Odd Mushroom","Smiling Mask"],"potions_floor_usage":[8,16],"damage_taken":[{"damage":12,"enemies":"Jaw Worm","floor":1,"turns":3},{"damage":0,"enemies":"Small Slimes","floor":2,"turns":3},{"damage":0,"enemies":"2 Louse","floor":4,"turns":5},{"damage":0,"enemies":"Large Slime","floor":7,"turns":4},{"damage":31,"enemies":"3 Sentries","floor":8,"turns":10},{"damage":21,"enemies":"The Mushroom Lair","floor":11,"turns":8},{"damage":7,"enemies":"3 Louse","floor":14,"turns":5},{"damage":47,"enemies":"Hexaghost","floor":16,"turns":9}],"seed_played":"-7023730142282541703","potions_obtained":[{"floor":1,"key":"SteroidPotion"},{"floor":8,"key":"Ancient Potion"},{"floor":14,"key":"BloodPotion"}],"is_trial":false,"path_per_floor":["M","M","$","M","?","R","M","E","T","?","?","?","T","M","R","B"],"character_chosen":"IRONCLAD","items_purchased":["Flame Barrier","Inflame"],"campfire_rested":1,"item_purchase_floors":[3,3],"current_hp_per_floor":[66,72,72,78,78,78,80,55,55,44,29,13,13,12,36,0],"gold":219,"neow_bonus":"REMOVE_CARD","is_prod":false,"is_daily":false,"chose_seed":false,"campfire_upgraded":1,"win_rate":0,"timestamp":1553488260,"path_taken":["M","M","$","M","?","R","M","E","T","?","?","?","?","M","R","BOSS"],"build_version":"2019-01-23","purchased_purges":0,"victory":false,"max_hp_per_floor":[80,80,80,80,80,80,80,80,80,80,80,80,80,80,80,80],"card_choices":[{"not_picked":["Dropkick","Flex"],"picked":"Rampage","floor":1},{"not_picked":["Heavy Blade","Perfected Strike"],"picked":"Shrug It Off","floor":2},{"not_picked":["Clash","Wild Strike","Twin Strike"],"picked":"SKIP","floor":4},{"not_picked":["Iron Wave","Flex"],"picked":"Shrug It Off","floor":7},{"not_picked":["Thunderclap","Cleave"],"picked":"Double Tap","floor":8},{"not_picked":["Perfected Strike","Anger"],"picked":"Sword Boomerang","floor":11},{"not_picked":["Thunderclap","Body Slam","Havoc"],"picked":"SKIP","floor":14}],"player_experience":531586,"relics_obtained":[{"floor":8,"key":"Omamori"},{"floor":9,"key":"Darkstone Periapt"},{"floor":11,"key":"Odd Mushroom"},{"floor":13,"key":"Smiling Mask"}],"event_choices":[{"damage_healed":0,"gold_gain":0,"player_choice":"Leave","damage_taken":0,"max_hp_gain":0,"max_hp_loss":0,"event_name":"The Cleric","floor":5,"gold_loss":0},{"damage_healed":0,"gold_gain":75,"player_choice":"Gather Gold","damage_taken":11,"max_hp_gain":0,"max_hp_loss":0,"event_name":"World of Goop","floor":10,"gold_loss":0},{"damage_healed":0,"gold_gain":0,"player_choice":"Fought Mushrooms","damage_taken":0,"max_hp_gain":0,"max_hp_loss":0,"event_name":"Mushrooms","floor":11,"gold_loss":0},{"damage_healed":0,"gold_gain":0,"player_choice":"Entered Light","damage_taken":16,"max_hp_gain":0,"max_hp_loss":0,"event_name":"Shining Light","floor":12,"gold_loss":0,"cards_upgraded":["Strike_R","Inflame"]}],"is_beta":false,"boss_relics":[],"items_purged_floors":[],"is_endless":false,"potions_floor_spawned":[1,8,14],"killed_by":"Hexaghost","ascension_level":10}