{"gold_per_floor":[360,12,24,38,99,99,130,142,222,259,289,301,313,336,348,461,473,502,514,526,553,525,537,567,596,683,714,760,112,112,124,124,226,226,246,85,85,16,16,16,36,36,85,112,132,151,51,67,67,67],"floor_reached":51,"playtime":3235,"items_purged":["Strike_G+1","Strike_G+1"],"score":903,"play_id":"54aeab4a-13c5-4df4-84c1-ddedcd04bcb6","local_time":"20190813150736","is_ascension_mode":true,"campfire_choices":[{"data":"Neutralize","floor":6,"key":"SMITH"},{"data":"Sucker Punch","floor":13,"key":"SMITH"},{"floor":15,"key":"REST"},{"floor":23,"key":"REST"},{"data":"PiercingWail","floor":30,"key":"SMITH"},{"data":"Noxious Fumes","floor":32,"key":"SMITH"},{"floor":40,"key":"REST"},{"floor":49,"key":"REST"}],"neow_cost":"CURSE","seed_source_timestamp":309962085579589,"circlet_count":0,"master_deck":["Strike_G+1","Strike_G+1","Strike_G+1","Defend_G+1","Defend_G+1","Defend_G+1","Defend_G+1","Defend_G+1","Survivor","Neutralize+1","Backstab","Dagger Spray","Blur","Sucker Punch+1","Noxious Fumes+1","Cloak And Dagger","Noxious Fumes","Slice","Corpse Explosion","PiercingWail+1","Predator+1","Poisoned Stab","Skewer+1","PiercingWail+1","Endless Agony+1","PiercingWail+1","Glass Knife","Escape Plan","Caltrops","Footwork+1","Night Terror","PiercingWail","Crippling Poison","Deadly Poison","Caltrops","Footwork","Backflip+1","Poisoned Stab+1","Acrobatics+1","Malaise","Acrobatics+1"],"relics":["Ring of the Snake","Meat on the Bone","MawBank","Paper Crane","Potion Belt","Lizard Tail","Mercury Hourglass","Blood Vial","DollysMirror","Fusion Hammer","CultistMask","Regal Pillow","Darkstone Periapt"],"potions_floor_usage":[14,18,24,24,24,25,25,27,31,31,33,33,33,44,50,50],"damage_taken":[{"damage":7,"enemies":"Jaw Worm","floor":1,"turns":7},{"damage":1,"enemies":"2 Louse","floor":3,"turns":2},{"damage":0,"enemies":"Small Slimes","floor":4,"turns":4},{"damage":10,"enemies":"3 Sentries","floor":7,"turns":7},{"damage":9,"enemies":"Lagavulin","floor":10,"turns":9},{"damage":8,"enemies":"Blue Slaver","floor":11,"turns":4},{"damage":16,"enemies":"Large Slime","floor":14,"turns":5},{"damage":37,"enemies":"Hexaghost","floor":16,"turns":12},{"damage":18,"enemies":"2 Thieves","floor":18,"turns":4},{"damage":8,"enemies":"Shell Parasite","floor":21,"turns":10},{"damage":3,"enemies":"Cultist and Chosen","floor":24,"turns":6},{"damage":0,"enemies":"Snake Plant","floor":25,"turns":3},{"damage":5,"enemies":"Centurion and Healer","floor":27,"turns":6},{"damage":0,"enemies":"Gremlin Leader","floor":28,"turns":7},{"damage":0,"enemies":"Snecko","floor":31,"turns":4},{"damage":23,"enemies":"Automaton","floor":33,"turns":12},{"damage":11,"enemies":"3 Darklings","floor":35,"turns":4},{"damage":7,"enemies":"3 Shapes","floor":41,"turns":5},{"damage":20,"enemies":"Reptomancer","floor":44,"turns":8},{"damage":28,"enemies":"Spire Growth","floor":45,"turns":7},{"damage":27,"enemies":"Sphere and 2 Shapes","floor":46,"turns":7},{"damage":23,"enemies":"3 Darklings","floor":48,"turns":4},{"damage":55,"enemies":"Donu and Deca","floor":50,"turns":9}],"seed_played":"-3872262411839585763","potions_obtained":[{"floor":1,"key":"Explosive Potion"},{"floor":14,"key":"SteroidPotion"},{"floor":16,"key":"GhostInAJar"},{"floor":18,"key":"SneckoOil"},{"floor":22,"key":"LiquidBronze"},{"floor":22,"key":"Poison Potion"},{"floor":22,"key":"AttackPotion"},{"floor":24,"key":"SneckoOil"},{"floor":28,"key":"Block Potion"},{"floor":31,"key":"SteroidPotion"},{"floor":41,"key":"Explosive Potion"},{"floor":46,"key":"LiquidBronze"},{"floor":48,"key":"GhostInAJar"}],"is_trial":false,"path_per_floor":["M","$","M","M","?","R","E","?","T","E","M","?","R","M","R","B",null,"M","?","?","M","?","R","M","M","T","M","E","$","R","M","R","B",null,"M","$","?","$","?","R","M","?","T","E","M","M","$","M","R","B",null],"character_chosen":"THE_SILENT","items_purchased":["Dagger Spray","Blur","Meat on the Bone","DollysMirror","Glass Knife","Escape Plan","Caltrops","Energy Potion","AttackPotion","Fire Potion","Crippling Poison","Deadly Poison","Caltrops","Footwork"],"campfire_rested":4,"item_purchase_floors":[2,2,2,29,29,29,29,29,29,29,36,36,36,38],"current_hp_per_floor":[63,63,62,62,62,62,52,52,52,43,47,64,64,48,69,44,70,52,52,52,44,44,63,60,60,60,55,55,55,55,57,57,36,64,53,53,53,53,53,64,57,57,57,39,25,44,44,35,64,21],"gold":67,"neow_bonus":"TWO_FIFTY_GOLD","is_prod":false,"is_daily":false,"chose_seed":false,"campfire_upgraded":4,"win_rate":0,"timestamp":1565723256,"path_taken":["M","$","M","M","?","R","E","?","T","E","M","?","R","?","R","BOSS","M","?","?","?","?","R","?","M","T","M","E","$","R","M","R","BOSS","M","$","?","$","?","R","?","?","T","E","M","?","?","M","R","BOSS"],"build_version":"2019-07-17","purchased_purges":2,"victory":true,"max_hp_per_floor":[70,70,70,70,70,70,70,70,70,70,70,70,70,70,70,70,70,70,70,64,64,64,64,64,64,64,64,64,64,64,64,64,64,64,64,64,64,64,64,64,64,64,64,64,64,64,64,64,64,64],"card_choices":[{"not_picked":["PiercingWail","Reflex"],"picked":"Backstab","floor":1},{"not_picked":["PiercingWail","Dagger Throw"],"picked":"Sucker Punch","floor":3},{"not_picked":["Deflect","Flying Knee"],"picked":"Noxious Fumes","floor":4},{"not_picked":["Noxious Fumes","Sucker Punch"],"picked":"Cloak And Dagger","floor":7},{"not_picked":["Quick Slash","Riddle With Holes"],"picked":"Noxious Fumes","floor":10},{"not_picked":["Accuracy","Backflip"],"picked":"Slice","floor":11},{"not_picked":["Accuracy","Infinite Blades"],"picked":"Backstab","floor":14},{"not_picked":["Phantasmal Killer","Venomology"],"picked":"Corpse Explosion","floor":16},{"not_picked":["Sucker Punch","Dodge and Roll+1"],"picked":"PiercingWail+1","floor":18},{"not_picked":["Calculated Gamble+1","All Out Attack"],"picked":"Predator+1","floor":21},{"not_picked":["Quick Slash","Accuracy"],"picked":"Poisoned Stab","floor":24},{"not_picked":["Outmaneuver","Acrobatics"],"picked":"Skewer+1","floor":25},{"not_picked":["Cloak And Dagger","Blade Dance+1"],"picked":"PiercingWail","floor":27},{"not_picked":["All Out Attack+1","Masterful Stab"],"picked":"Endless Agony+1","floor":28},{"not_picked":["Tactician","Backflip"],"picked":"Footwork+1","floor":31},{"not_picked":["Tools of the Trade","Phantasmal Killer"],"picked":"Night Terror","floor":33},{"not_picked":["Slice+1","Infinite Blades"],"picked":"PiercingWail","floor":35},{"not_picked":["Distraction+1","Endless Agony+1"],"picked":"Backflip+1","floor":41},{"not_picked":["Envenom","Blade Dance"],"picked":"Poisoned Stab+1","floor":44},{"not_picked":["Dash","Escape Plan"],"picked":"Acrobatics+1","floor":45},{"not_picked":["Outmaneuver","Bane"],"picked":"Malaise","floor":46},{"not_picked":["PiercingWail","Bane"],"picked":"Acrobatics+1","floor":48}],"player_experience":102472,"relics_obtained":[{"floor":7,"key":"MawBank"},{"floor":9,"key":"Paper Crane"},{"floor":10,"key":"Potion Belt"},{"floor":26,"key":"Mercury Hourglass"},{"floor":28,"key":"Blood Vial"},{"floor":43,"key":"Regal Pillow"},{"floor":44,"key":"Darkstone Periapt"}],"event_choices":[{"damage_healed":0,"gold_gain":61,"player_choice":"Gained Gold","damage_taken":0,"max_hp_gain":0,"max_hp_loss":0,"event_name":"Golden Wing","floor":5,"gold_loss":0},{"damage_healed":0,"gold_gain":0,"player_choice":"Ignored","damage_taken":0,"max_hp_gain":0,"max_hp_loss":0,"event_name":"Shining Light","floor":8,"gold_loss":0},{"damage_healed":17,"gold_gain":0,"player_choice":"Healed and dodged fight","damage_taken":0,"max_hp_gain":0,"max_hp_loss":0,"event_name":"Mushrooms","floor":12,"gold_loss":0,"cards_obtained":["Parasite"]},{"damage_healed":0,"gold_gain":0,"player_choice":"Simplicity","damage_taken":0,"max_hp_gain":0,"max_hp_loss":0,"event_name":"Back to Basics","floor":19,"gold_loss":0,"cards_upgraded":["Strike_G","Strike_G","Strike_G","Strike_G","Strike_G","Defend_G","Defend_G","Defend_G","Defend_G","Defend_G"]},{"cards_removed":["Parasite","Parasite"],"damage_healed":0,"gold_gain":0,"player_choice":"Removed Curses","damage_taken":0,"max_hp_gain":0,"max_hp_loss":0,"event_name":"Fountain of Cleansing","floor":20,"gold_loss":0},{"damage_healed":0,"gold_gain":0,"player_choice":"Bought 3 Potions","damage_taken":0,"max_hp_gain":0,"max_hp_loss":0,"event_name":"The Woman in Blue","floor":22,"gold_loss":0},{"cards_removed":["Backstab"],"damage_healed":0,"gold_gain":0,"player_choice":"Removed Attack","damage_taken":0,"max_hp_gain":0,"max_hp_loss":0,"event_name":"Falling","floor":37,"gold_loss":0},{"damage_healed":0,"gold_gain":0,"player_choice":"Ignored","damage_taken":0,"max_hp_gain":0,"max_hp_loss":0,"event_name":"Mysterious Sphere","floor":39,"gold_loss":0},{"damage_healed":0,"gold_gain":0,"player_choice":"Trade","damage_taken":0,"relics_obtained":["CultistMask"],"max_hp_gain":0,"max_hp_loss":0,"event_name":"FaceTrader","floor":42,"gold_loss":0}],"is_beta":false,"boss_relics":[{"not_picked":["Pandora\u0027s Box","White Beast Statue"],"picked":"Lizard Tail"},{"not_picked":["Philosopher\u0027s Stone","HoveringKite"],"picked":"Fusion Hammer"}],"items_purged_floors":[29,47],"is_endless":false,"potions_floor_spawned":[1,14,16,18,24,28,31,41,46,48],"ascension_level":2}