{"gold_per_floor":[113,165,240,255,272,299,311,351,363,402,114,114,125,125,125,230,230,245,260,280,22,22],"floor_reached":22,"playtime":1011,"items_purged":["Strike_R"],"score":243,"play_id":"39caf70c-13b3-4275-b1e6-e2f193987907","local_time":"20190714180929","is_ascension_mode":true,"campfire_choices":[{"floor":7,"key":"REST"},{"floor":15,"key":"REST"}],"neow_cost":"NONE","seed_source_timestamp":85584786102407,"circlet_count":0,"master_deck":["Strike_R","Strike_R","Strike_R","Strike_R","Defend_R","Defend_R","Defend_R","Defend_R","Bash","Immolate","Iron Wave","Feel No Pain","Spot Weakness","Sentinel","Pummel","Disarm","Carnage","Clothesline","Limit Break","Headbutt+1"],"relics":["Burning Blood","MawBank","Paper Frog","Dream Catcher","Oddly Smooth Stone","Pen Nib","PreservedInsect","Busted Crown","Molten Egg 2"],"potions_floor_usage":[6,8,16,18,18,19,20,22],"damage_taken":[{"damage":7,"enemies":"2 Louse","floor":1,"turns":3},{"damage":2,"enemies":"Jaw Worm","floor":4,"turns":3},{"damage":8,"enemies":"Small Slimes","floor":5,"turns":3},{"damage":40,"enemies":"Lagavulin","floor":6,"turns":6},{"damage":15,"enemies":"3 Sentries","floor":8,"turns":3},{"damage":10,"enemies":"Blue Slaver","floor":13,"turns":4},{"damage":27,"enemies":"The Guardian","floor":16,"turns":7},{"damage":17,"enemies":"Shell Parasite","floor":18,"turns":5},{"damage":21,"enemies":"2 Thieves","floor":19,"turns":3},{"damage":31,"enemies":"Snecko","floor":20,"turns":6},{"damage":26,"enemies":"Sentry and Sphere","floor":22,"turns":3}],"seed_played":"-9191755925100655303","potions_obtained":[{"floor":5,"key":"Poison Potion"},{"floor":6,"key":"Fire Potion"},{"floor":14,"key":"SneckoOil"},{"floor":14,"key":"SkillPotion"},{"floor":14,"key":"FearPotion"},{"floor":16,"key":"Fruit Juice"},{"floor":19,"key":"Energy Potion"},{"floor":20,"key":"PowerPotion"}],"is_trial":false,"path_per_floor":["M","?","?","M","M","E","R","E","T","T","$","?","M","?","R","B",null,"M","M","M","$","M"],"character_chosen":"IRONCLAD","items_purchased":["Disarm","Pen Nib","Molten Egg 2"],"campfire_rested":2,"item_purchase_floors":[11,11,21],"current_hp_per_floor":[79,79,68,72,70,36,60,51,51,51,51,44,40,40,64,43,71,65,50,25,25,0],"gold":22,"neow_bonus":"ONE_RANDOM_RARE_CARD","is_prod":false,"is_daily":false,"chose_seed":false,"campfire_upgraded":0,"win_rate":0,"timestamp":1563124169,"path_taken":["M","?","?","M","M","E","R","E","T","?","$","?","?","?","R","BOSS","M","M","?","$","M"],"build_version":"2019-07-05","purchased_purges":1,"victory":false,"max_hp_per_floor":[80,80,80,80,80,80,80,80,80,80,80,80,80,80,80,80,80,85,85,85,85,85],"card_choices":[{"not_picked":["Twin Strike","Burning Pact"],"picked":"Iron Wave","floor":1},{"not_picked":["Warcry","Thunderclap"],"picked":"Feel No Pain","floor":4},{"not_picked":["Flex","Cleave"],"picked":"Spot Weakness","floor":5},{"not_picked":["Flex","Intimidate"],"picked":"Sentinel","floor":6},{"not_picked":["Brutality","Thunderclap"],"picked":"Pummel","floor":8},{"not_picked":["Flex","Clothesline"],"picked":"Carnage","floor":13},{"not_picked":["Intimidate","Whirlwind"],"picked":"Clothesline","floor":15},{"not_picked":["Immolate","Barricade"],"picked":"Limit Break","floor":16},{"not_picked":["Hemokinesis"],"picked":"SKIP","floor":18},{"not_picked":["Clash"],"picked":"SKIP","floor":19},{"not_picked":[],"picked":"Headbutt+1","floor":20}],"player_experience":128721,"relics_obtained":[{"floor":6,"key":"MawBank"},{"floor":8,"key":"Paper Frog"},{"floor":9,"key":"Dream Catcher"},{"floor":10,"key":"Oddly Smooth Stone"}],"event_choices":[{"damage_healed":0,"gold_gain":52,"player_choice":"Gained Gold","damage_taken":0,"max_hp_gain":0,"max_hp_loss":0,"event_name":"Golden Wing","floor":2,"gold_loss":0},{"damage_healed":0,"gold_gain":75,"player_choice":"Gather Gold","damage_taken":11,"max_hp_gain":0,"max_hp_loss":0,"event_name":"World of Goop","floor":3,"gold_loss":0},{"damage_healed":0,"gold_gain":0,"player_choice":"Success","damage_taken":7,"relics_obtained":["PreservedInsect"],"max_hp_gain":0,"max_hp_loss":0,"event_name":"Scrap Ooze","floor":12,"gold_loss":0},{"damage_healed":0,"gold_gain":0,"player_choice":"Got Potions","damage_taken":0,"max_hp_gain":0,"max_hp_loss":0,"event_name":"Lab","floor":14,"gold_loss":0}],"is_beta":false,"boss_relics":[{"not_picked":["Runic Cube","Velvet Choker"],"picked":"Busted Crown"}],"items_purged_floors":[11],"is_endless":false,"potions_floor_spawned":[5,6,16,19,20],"killed_by":"Sentry and Sphere","ascension_level":5}