{"gold_per_floor":[111,121,0,17,28,28,56,56,56,56,75,75,90,139,139,237,237,255,35,52,69,69,69,69],"floor_reached":24,"playtime":833,"items_purged":["Corruption"],"score":285,"play_id":"7e584614-a41a-4f4b-b1b4-00a36d439961","local_time":"20181221131414","is_ascension_mode":true,"campfire_choices":[{"data":"Flex","floor":6,"key":"SMITH"},{"data":"Double Tap","floor":8,"key":"SMITH"},{"data":"Cleave","floor":10,"key":"SMITH"},{"data":"Searing Blow","floor":15,"key":"SMITH"},{"data":"Searing Blow+1","floor":23,"key":"SMITH"}],"neow_cost":"NONE","seed_source_timestamp":186364176097589,"circlet_count":0,"master_deck":["Bash","Cleave+1","Double Tap+1","Flex+1","Searing Blow+2","Warcry","Offering","Rampage","Berserk","True Grit","Infernal Blade","Bludgeon","Seeing Red","Dual Wield","Carnage","Ghostly Armor","Shame"],"relics":["Busted Crown","Unceasing Top","Ginger","Pen Nib","Pandora\u0027s Box","Art of War","Kunai"],"potions_floor_usage":[7,16,16,18,24],"damage_taken":[{"damage":4,"enemies":"2 Louse","floor":1,"turns":3},{"damage":0,"enemies":"Cultist","floor":2,"turns":2},{"damage":2,"enemies":"Jaw Worm","floor":4,"turns":2},{"damage":8,"enemies":"3 Louse","floor":5,"turns":2},{"damage":16,"enemies":"Gremlin Nob","floor":7,"turns":3},{"damage":0,"enemies":"2 Fungi Beasts","floor":11,"turns":1},{"damage":0,"enemies":"Exordium Thugs","floor":13,"turns":3},{"damage":0,"enemies":"Slime Boss","floor":16,"turns":5},{"damage":12,"enemies":"Shell Parasite","floor":18,"turns":3},{"damage":18,"enemies":"Chosen","floor":20,"turns":2},{"damage":0,"enemies":"Centurion and Healer","floor":21,"turns":2},{"damage":50,"enemies":"Slavers","floor":24,"turns":1}],"seed_played":"-8798245014292021936","potions_obtained":[{"floor":2,"key":"PowerPotion"},{"floor":5,"key":"SkillPotion"},{"floor":12,"key":"EssenceOfSteel"},{"floor":12,"key":"SteroidPotion"},{"floor":13,"key":"Fire Potion"},{"floor":16,"key":"SteroidPotion"},{"floor":21,"key":"Explosive Potion"}],"is_trial":false,"path_per_floor":["M","M","$","M","M","R","E","R","T","R","M","?","M","T","R","B",null,"M","$","M","M","?","R","E"],"character_chosen":"IRONCLAD","items_purchased":["Double Tap","Flex","Art of War"],"campfire_rested":0,"item_purchase_floors":[3,3,19],"current_hp_per_floor":[76,76,76,74,66,66,50,50,50,50,50,50,50,50,50,50,80,68,68,50,50,50,50,0],"gold":69,"neow_bonus":"BOSS_RELIC","is_prod":false,"is_daily":false,"chose_seed":false,"campfire_upgraded":5,"win_rate":0,"timestamp":1545423254,"path_taken":["M","M","$","M","M","R","E","R","T","R","M","?","?","?","R","BOSS","M","$","M","M","?","R","E"],"build_version":"2018-12-20","purchased_purges":1,"victory":false,"max_hp_per_floor":[80,80,80,80,80,80,80,80,80,80,80,80,80,80,80,80,80,80,80,80,80,80,80,80],"card_choices":[{"not_picked":["Cleave"],"picked":"SKIP","floor":1},{"not_picked":[],"picked":"Cleave","floor":1},{"not_picked":["Headbutt"],"picked":"SKIP","floor":2},{"not_picked":["Clothesline"],"picked":"SKIP","floor":4},{"not_picked":["Clothesline"],"picked":"SKIP","floor":5},{"not_picked":["Twin Strike"],"picked":"SKIP","floor":7},{"not_picked":[],"picked":"Searing Blow","floor":11},{"not_picked":[],"picked":"Warcry","floor":13},{"not_picked":[],"picked":"Offering","floor":16},{"not_picked":["Feel No Pain"],"picked":"SKIP","floor":18},{"not_picked":["Power Through"],"picked":"SKIP","floor":20},{"not_picked":[],"picked":"Ghostly Armor","floor":21}],"player_experience":174294,"relics_obtained":[{"floor":7,"key":"Unceasing Top"},{"floor":9,"key":"Ginger"},{"floor":14,"key":"Pen Nib"}],"event_choices":[{"damage_healed":0,"gold_gain":0,"player_choice":"Got Potions","damage_taken":0,"max_hp_gain":0,"max_hp_loss":0,"event_name":"Lab","floor":12,"gold_loss":0},{"damage_healed":0,"gold_gain":0,"player_choice":"Stole Relic","damage_taken":0,"relics_obtained":["Kunai"],"max_hp_gain":0,"max_hp_loss":0,"event_name":"Addict","floor":22,"gold_loss":0,"cards_obtained":["Shame"]}],"is_beta":false,"boss_relics":[{"not_picked":["Philosopher\u0027s Stone","Cursed Key"],"picked":"Pandora\u0027s Box"}],"items_purged_floors":[19],"is_endless":false,"potions_floor_spawned":[2,5,13,16,21],"killed_by":"Slavers","ascension_level":3}