{"gold_per_floor":[118,118,118,137,137,137,164,184,239,264,264,264,264,278,278,278],"floor_reached":16,"playtime":900,"items_purged":[],"score":130,"play_id":"f8dc93d1-f4a4-44dc-8f09-8e0f3a6e6bef","local_time":"20190813104634","is_ascension_mode":true,"campfire_choices":[{"data":"Backflip","floor":6.0,"key":"SMITH"},{"floor":11,"key":"REST"},{"floor":13,"key":"RECALL"},{"data":"Sucker Punch","floor":15,"key":"SMITH"}],"neow_cost":"NONE","seed_source_timestamp":185570409336944,"circlet_count":0,"master_deck":["Strike_G","Strike_G","Strike_G","Strike_G","Defend_G","Defend_G","Defend_G","Defend_G","Survivor","Neutralize","Backflip+1","Sucker Punch+1","Dagger Throw","Dagger Throw"],"special_seed":0,"relics":["Ring of the Snake","Ancient Tea Set","Bronze Scales","Darkstone Periapt"],"potions_floor_usage":[7,10],"damage_taken":[{"damage":3.0,"enemies":"Jaw Worm","floor":1.0,"turns":5.0},{"damage":1.0,"enemies":"2 Louse","floor":4.0,"turns":4.0},{"damage":44,"enemies":"Gremlin Nob","floor":7,"turns":6},{"damage":0,"enemies":"Cultist","floor":8,"turns":5},{"damage":7,"enemies":"Lagavulin","floor":10,"turns":13},{"damage":0,"enemies":"Gremlin Gang","floor":14,"turns":5},{"damage":41,"enemies":"Slime Boss","floor":16,"turns":6}],"seed_played":"-1336129189859421127","potions_obtained":[{"floor":1.0,"key":"Weak Potion"},{"floor":4.0,"key":"SneckoOil"},{"floor":8,"key":"EssenceOfSteel"}],"is_trial":false,"path_per_floor":["M","?","T","M","?","R","E","M","T","E","R","?","R","M","R","B"],"character_chosen":"THE_SILENT","items_purchased":[],"campfire_rested":1,"item_purchase_floors":[],"current_hp_per_floor":[74,74,74,73,66,66,22,22,22,15,38,38,38,38,38,0],"gold":278,"neow_bonus":"TEN_PERCENT_HP_BONUS","is_prod":false,"is_daily":false,"chose_seed":false,"campfire_upgraded":2,"win_rate":0,"timestamp":1565711194,"path_taken":["M","?","?","M","?","R","E","M","T","E","R","?","R","M","R","BOSS"],"build_version":"2019-07-17","purchased_purges":0,"victory":false,"max_hp_per_floor":[77,77,77,77,77,77,77,77,77,77,77,77,77,77,77,77],"card_choices":[{"not_picked":["Calculated Gamble","Blade Dance"],"picked":"Backflip","floor":1.0},{"not_picked":["Finisher","Riddle With Holes","Outmaneuver"],"picked":"SKIP","floor":4.0},{"not_picked":["A Thousand Cuts","Blade Dance","Terror"],"picked":"SKIP","floor":7},{"not_picked":["Cloak And Dagger","Deflect"],"picked":"Sucker Punch","floor":8},{"not_picked":["Eviscerate","Dodge and Roll"],"picked":"Dagger Throw","floor":10},{"not_picked":["Choke","Slice"],"picked":"Dagger Throw","floor":14}],"player_experience":110211,"relics_obtained":[{"floor":7,"key":"Ancient Tea Set"},{"floor":9,"key":"Bronze Scales"},{"floor":10,"key":"Darkstone Periapt"}],"event_choices":[{"cards_removed":["Defend_G"],"damage_healed":0.0,"max_hp_gain":0.0,"max_hp_loss":0.0,"gold_gain":0.0,"event_name":"Living Wall","player_choice":"Forget","floor":2.0,"gold_loss":0.0,"damage_taken":0.0},{"cards_removed":["Strike_G"],"damage_healed":0.0,"max_hp_gain":0.0,"max_hp_loss":0.0,"gold_gain":0.0,"event_name":"Golden Wing","player_choice":"Card Removal","floor":5.0,"gold_loss":0.0,"damage_taken":7.0},{"damage_healed":0,"gold_gain":0,"player_choice":"Ignored","damage_taken":0,"max_hp_gain":0,"max_hp_loss":0,"event_name":"Liars Game","floor":12,"gold_loss":0}],"is_beta":false,"boss_relics":[],"items_purged_floors":[],"is_endless":false,"potions_floor_spawned":[1,4,8],"killed_by":"Slime Boss","ascension_level":4}