{"gold_per_floor":[111,91,109,109,21,21,52,52,75,103,119,119,119,6,6,108,108,124,4,4,20,20,20],"floor_reached":23,"playtime":1218,"items_purged":[],"score":312,"play_id":"7ab3d354-fac9-4338-97cc-185597f55971","local_time":"20190503190813","is_ascension_mode":true,"campfire_choices":[{"data":"Bash","floor":6.0,"key":"SMITH"},{"floor":8.0,"key":"REST"},{"floor":12,"key":"REST"},{"data":"Armaments","floor":15,"key":"SMITH"}],"neow_cost":"PERCENT_DAMAGE","seed_source_timestamp":0,"circlet_count":0,"master_deck":["AscendersBane","Strike_R","Strike_R","Strike_R","Strike_R","Defend_R","Defend_R+1","Defend_R","Defend_R","Bash+1","Jack Of All Trades","Mind Blast","Carnage","Dropkick+1","True Grit","Metallicize","Armaments+1","Pommel Strike","Power Through","Ghostly Armor","Uppercut","Offering","True Grit","Dropkick","Corruption","Pommel Strike+1"],"special_seed":0,"relics":["Burning Blood","Bottled Flame","Bag of Marbles","Matryoshka","Velvet Choker"],"potions_floor_usage":[16],"damage_taken":[{"damage":7.0,"enemies":"Jaw Worm","floor":1.0,"turns":4.0},{"damage":1.0,"enemies":"Cultist","floor":3.0,"turns":3.0},{"damage":29.0,"enemies":"Lagavulin","floor":7.0,"turns":8.0},{"damage":24,"enemies":"3 Sentries","floor":10,"turns":9},{"damage":1,"enemies":"2 Louse","floor":11,"turns":2},{"damage":64,"enemies":"Hexaghost","floor":16,"turns":12},{"damage":28,"enemies":"3 Byrds","floor":18,"turns":8},{"damage":18,"enemies":"2 Thieves","floor":21,"turns":4},{"damage":34,"enemies":"Book of Stabbing","floor":23,"turns":5}],"seed_played":"8617131926675826088","potions_obtained":[{"floor":1.0,"key":"Dexterity Potion"},{"floor":2.0,"key":"Fire Potion"},{"floor":10,"key":"Energy Potion"}],"is_trial":false,"path_per_floor":["M","?","M","?","$","R","E","R","T","E","M","R","?","$","R","B",null,"M","$","?","M","$","E"],"character_chosen":"IRONCLAD","items_purchased":["True Grit","Metallicize","Ghostly Armor","Uppercut","Dropkick","Corruption"],"campfire_rested":2,"item_purchase_floors":[5,5,14,14,19,19],"current_hp_per_floor":[50,50,55,39,39,39,16,40,40,22,27,51,77,77,77,19,65,43,43,43,31,31,0],"gold":20,"neow_bonus":"RANDOM_COLORLESS_2","is_prod":false,"is_daily":false,"chose_seed":false,"campfire_upgraded":2,"win_rate":0,"timestamp":1556935693,"path_taken":["M","?","?","?","$","R","E","R","T","E","M","R","?","$","R","BOSS","M","$","?","?","?","E"],"build_version":"2019-01-23","purchased_purges":0,"victory":false,"max_hp_per_floor":[80,80,80,80,80,80,80,80,80,80,80,80,80,80,80,80,80,80,80,80,80,80,80],"card_choices":[{"not_picked":["Havoc","Heavy Blade"],"picked":"Carnage","floor":1.0},{"not_picked":["Body Slam","Dual Wield"],"picked":"Dropkick","floor":3.0},{"not_picked":["Cleave","Bludgeon"],"picked":"Armaments","floor":7.0},{"not_picked":["Infernal Blade","Havoc"],"picked":"Pommel Strike","floor":10},{"not_picked":["Clash","Wild Strike"],"picked":"Power Through","floor":11},{"not_picked":["Reaper","Juggernaut"],"picked":"Offering","floor":16},{"not_picked":["Sword Boomerang","Wild Strike"],"picked":"True Grit","floor":18},{"not_picked":["Iron Wave","Heavy Blade"],"picked":"Pommel Strike+1","floor":21}],"player_experience":666466,"relics_obtained":[{"floor":7.0,"key":"Bottled Flame"},{"floor":9.0,"key":"Bag of Marbles"},{"floor":10,"key":"Matryoshka"}],"event_choices":[{"damage_healed":0.0,"max_hp_gain":0.0,"max_hp_loss":0.0,"gold_gain":0.0,"event_name":"The Woman in Blue","player_choice":"Bought 1 Potion","floor":2.0,"gold_loss":0.0,"damage_taken":0.0},{"damage_healed":0.0,"max_hp_gain":0.0,"max_hp_loss":0.0,"gold_gain":0.0,"event_name":"Shining Light","player_choice":"Entered Light","floor":4.0,"gold_loss":0.0,"damage_taken":16.0,"cards_upgraded":["Defend_R","Dropkick"]},{"damage_healed":26,"gold_gain":0,"player_choice":"Banana","damage_taken":0,"max_hp_gain":0,"max_hp_loss":0,"event_name":"Big Fish","floor":13,"gold_loss":0},{"cards_removed":["Strike_R"],"damage_healed":0,"gold_gain":0,"player_choice":"Purged","damage_taken":0,"max_hp_gain":0,"max_hp_loss":0,"event_name":"Purifier","floor":20,"gold_loss":0}],"is_beta":false,"boss_relics":[{"not_picked":["Runic Cube","Fusion Hammer"],"picked":"Velvet Choker"}],"items_purged_floors":[],"is_endless":false,"potions_floor_spawned":[1,10],"killed_by":"Book of Stabbing","ascension_level":12}