{"gold_per_floor":[359,284,284,298,176,176,197,197,197,197,235,110,110,130,130,253,253,278,309,309,330,330],"floor_reached":22,"playtime":894,"items_purged":["Defend_R","Defend_R","Defend_R"],"score":207,"play_id":"77873617-abea-4d38-aa02-88e361bec0da","local_time":"20181231015550","is_ascension_mode":false,"campfire_choices":[{"data":"Flex","floor":6,"key":"SMITH"},{"data":"Bash","floor":8,"key":"SMITH"},{"data":"Feed","floor":15,"key":"SMITH"}],"neow_cost":"TEN_PERCENT_HP_LOSS","seed_source_timestamp":58817397098561,"circlet_count":0,"master_deck":["Strike_R","Strike_R","Strike_R","Strike_R","Strike_R","Defend_R","Bash+1","Flex+1","Feed+1","Whirlwind","Heavy Blade+1"],"relics":["Burning Blood","Golden Idol","Sundial","Philosopher\u0027s Stone","Red Mask"],"potions_floor_usage":[14,16,18,19,22],"damage_taken":[{"damage":6,"enemies":"Cultist","floor":1,"turns":3},{"damage":4,"enemies":"2 Louse","floor":4,"turns":3},{"damage":1,"enemies":"Jaw Worm","floor":7,"turns":3},{"damage":6,"enemies":"Gremlin Nob","floor":11,"turns":3},{"damage":12,"enemies":"3 Louse","floor":14,"turns":2},{"damage":46,"enemies":"Slime Boss","floor":16,"turns":7},{"damage":30,"enemies":"2 Thieves","floor":18,"turns":3},{"damage":41,"enemies":"Masked Bandits","floor":19,"turns":4},{"damage":28,"enemies":"Spheric Guardian","floor":21,"turns":4},{"damage":26,"enemies":"Shelled Parasite and Fungi","floor":22,"turns":3}],"seed_played":"-6605896304924495094","potions_obtained":[{"floor":4,"key":"PowerPotion"},{"floor":7,"key":"LiquidBronze"},{"floor":16,"key":"Block Potion"},{"floor":18,"key":"BloodPotion"},{"floor":21,"key":"Weak Potion"}],"is_trial":false,"path_per_floor":["M","$","?","M","$","R","M","R","T","?","E","$","?","M","R","B",null,"M","?","?","M","M"],"character_chosen":"IRONCLAD","items_purchased":["Flex"],"campfire_rested":0,"item_purchase_floors":[5],"current_hp_per_floor":[72,72,54,56,56,56,61,61,61,66,66,66,66,63,63,27,84,64,41,41,23,0],"gold":330,"neow_bonus":"TWO_FIFTY_GOLD","is_prod":false,"is_daily":false,"chose_seed":false,"campfire_upgraded":3,"win_rate":0,"timestamp":1546246550,"path_taken":["M","$","?","M","$","R","M","R","T","?","E","$","?","?","R","BOSS","M","?","?","M","M"],"build_version":"2018-12-20","purchased_purges":3,"victory":false,"max_hp_per_floor":[72,72,72,72,72,72,72,72,72,77,77,77,77,80,80,84,84,88,92,92,96,96],"card_choices":[{"not_picked":["Cleave","Rage","Heavy Blade"],"picked":"SKIP","floor":1},{"not_picked":["Body Slam","Sword Boomerang","Headbutt"],"picked":"SKIP","floor":4},{"not_picked":["Shockwave","True Grit","Anger"],"picked":"SKIP","floor":7},{"not_picked":["Body Slam","Brutality"],"picked":"Feed","floor":11},{"not_picked":["Fire Breathing","Cleave","Sword Boomerang"],"picked":"SKIP","floor":14},{"not_picked":["Feel No Pain","Cleave+1","Entrench"],"picked":"SKIP","floor":18},{"not_picked":["Carnage","Inflame"],"picked":"Heavy Blade+1","floor":21}],"player_experience":225965,"relics_obtained":[{"floor":11,"key":"Sundial"},{"floor":19,"key":"Red Mask"}],"event_choices":[{"damage_healed":0,"gold_gain":0,"player_choice":"Take Damage","damage_taken":18,"relics_obtained":["Golden Idol"],"max_hp_gain":0,"max_hp_loss":0,"event_name":"Golden Idol","floor":3,"gold_loss":0},{"damage_healed":0,"gold_gain":0,"player_choice":"Donut","damage_taken":0,"max_hp_gain":5,"max_hp_loss":0,"event_name":"Big Fish","floor":10,"gold_loss":0},{"damage_healed":0,"gold_gain":0,"player_choice":"Ignored","damage_taken":0,"max_hp_gain":0,"max_hp_loss":0,"event_name":"Liars Game","floor":13,"gold_loss":0},{"damage_healed":0,"gold_gain":0,"player_choice":"Fought Bandits","damage_taken":0,"max_hp_gain":0,"max_hp_loss":0,"event_name":"Masked Bandits","floor":19,"gold_loss":0},{"damage_healed":0,"gold_gain":0,"player_choice":"Read","damage_taken":0,"max_hp_gain":0,"max_hp_loss":0,"event_name":"The Library","floor":20,"gold_loss":0,"cards_obtained":["Whirlwind"]}],"is_beta":false,"boss_relics":[{"not_picked":["Fusion Hammer","Mark of Pain"],"picked":"Philosopher\u0027s Stone"}],"items_purged_floors":[2,5,12],"is_endless":false,"potions_floor_spawned":[4,7,16,18,21],"killed_by":"Shelled Parasite and Fungi","ascension_level":0}