{"gold_per_floor":[116,116,128,128,144,144,154,154,201,215,215,226,226,73,73,73],"floor_reached":16,"playtime":1122,"items_purged":["Defend_G"],"score":92,"play_id":"61fc8093-af4a-4173-a548-bc3fb3d80e20","local_time":"20190813180221","is_ascension_mode":false,"campfire_choices":[{"data":"Calculated Gamble","floor":6,"key":"SMITH"},{"data":"Underhanded Strike","floor":11,"key":"SMITH"},{"data":"Deflect","floor":13,"key":"SMITH"},{"data":"Calculated Gamble","floor":15,"key":"SMITH"}],"neow_cost":"NONE","seed_source_timestamp":174565160343200,"circlet_count":0,"master_deck":["Strike_G","Strike_G","Strike_G","Strike_G","Strike_G","Defend_G","Defend_G","Defend_G","Survivor+1","Neutralize","Finesse","Underhanded Strike+1","Flying Knee","Calculated Gamble+1","Deflect+1","Expertise","Deflect","Calculated Gamble+1"],"relics":["Ring of the Snake","Oddly Smooth Stone"],"potions_floor_usage":[7,16],"damage_taken":[{"damage":1,"enemies":"Small Slimes","floor":1,"turns":5},{"damage":2,"enemies":"Cultist","floor":3,"turns":6},{"damage":0,"enemies":"2 Louse","floor":5,"turns":2},{"damage":0,"enemies":"Looter","floor":7,"turns":3},{"damage":12,"enemies":"Gremlin Gang","floor":10,"turns":7},{"damage":10,"enemies":"Exordium Thugs","floor":12,"turns":6},{"damage":52,"enemies":"Slime Boss","floor":16,"turns":11}],"seed_played":"-1801953274095029352","potions_obtained":[{"floor":1,"key":"Strength Potion"},{"floor":3,"key":"GhostInAJar"},{"floor":5,"key":"Fire Potion"}],"is_trial":false,"path_per_floor":["M","?","M","?","M","R","M","?","T","M","R","M","R","$","R","B"],"character_chosen":"THE_SILENT","items_purchased":["Calculated Gamble"],"campfire_rested":0,"item_purchase_floors":[14],"current_hp_per_floor":[69,69,67,72,72,72,72,72,72,60,60,50,50,50,50,0],"gold":73,"neow_bonus":"RANDOM_COLORLESS","is_prod":false,"is_daily":false,"chose_seed":false,"campfire_upgraded":4,"win_rate":0.0,"timestamp":1565733741,"path_taken":["M","?","?","?","M","R","M","?","T","M","R","M","R","$","R","BOSS"],"build_version":"2019-07-17","purchased_purges":1,"victory":false,"max_hp_per_floor":[70,70,70,75,75,75,75,75,75,75,75,75,75,75,75,75],"card_choices":[{"not_picked":["Predator","Expertise"],"picked":"Underhanded Strike","floor":1},{"not_picked":["Backstab","Blur"],"picked":"Flying Knee","floor":3},{"not_picked":["Footwork","Backflip"],"picked":"Calculated Gamble","floor":5},{"not_picked":["Bouncing Flask","Riddle With Holes"],"picked":"Deflect","floor":7},{"not_picked":["Bane","Dodge and Roll"],"picked":"Expertise","floor":10},{"not_picked":["Outmaneuver","Die Die Die"],"picked":"Deflect","floor":12}],"player_experience":26831,"relics_obtained":[{"floor":9,"key":"Oddly Smooth Stone"}],"event_choices":[{"damage_healed":0,"gold_gain":0,"player_choice":"Upgraded","damage_taken":0,"max_hp_gain":0,"max_hp_loss":0,"event_name":"Upgrade Shrine","floor":2,"gold_loss":0,"cards_upgraded":["Survivor"]},{"damage_healed":0,"gold_gain":0,"player_choice":"Donut","damage_taken":0,"max_hp_gain":5,"max_hp_loss":0,"event_name":"Big Fish","floor":4,"gold_loss":0},{"cards_removed":["Defend_G"],"damage_healed":0,"gold_gain":0,"player_choice":"Purged","damage_taken":0,"max_hp_gain":0,"max_hp_loss":0,"event_name":"Purifier","floor":8,"gold_loss":0}],"is_beta":false,"boss_relics":[],"items_purged_floors":[14],"is_endless":false,"potions_floor_spawned":[1,3,5],"killed_by":"Slime Boss","ascension_level":0}