{"gold_per_floor":[111,211,136,36,51,51,82,82,105,158,184,184,198,198,198,198],"floor_reached":16,"playtime":522,"items_purged":["Strike_R","Strike_R"],"score":170,"play_id":"cb80727a-ef81-4094-8cd5-4d9e48efc20e","local_time":"20190407105213","is_ascension_mode":true,"campfire_choices":[{"data":"Armaments","floor":6,"key":"SMITH"},{"floor":8,"key":"REST"},{"data":"Searing Blow","floor":12,"key":"SMITH"},{"floor":15,"key":"REST"}],"neow_cost":"NONE","seed_source_timestamp":102931897716840,"circlet_count":0,"master_deck":["AscendersBane","Strike_R","Strike_R+1","Strike_R","Defend_R","Defend_R+1","Defend_R+1","Defend_R+1","Bash","Sever Soul+1","Armaments+1","Searing Blow+1","Power Through+1"],"relics":["Burning Blood","Whetstone","Bronze Scales","War Paint","Dodecahedron"],"potions_floor_usage":[16],"damage_taken":[{"damage":9,"enemies":"2 Louse","floor":1,"turns":3},{"damage":1,"enemies":"Cultist","floor":5,"turns":4},{"damage":53,"enemies":"3 Sentries","floor":7,"turns":12},{"damage":32,"enemies":"Gremlin Nob","floor":11,"turns":4},{"damage":7,"enemies":"Jaw Worm","floor":13,"turns":3},{"damage":45,"enemies":"Slime Boss","floor":16,"turns":9}],"seed_played":"-2032715220329136983","potions_obtained":[{"floor":13,"key":"BloodPotion"}],"is_trial":false,"path_per_floor":["M","?","$","$","M","R","E","R","T","T","E","R","M","?","R","B"],"character_chosen":"IRONCLAD","items_purchased":[],"campfire_rested":2,"item_purchase_floors":[],"current_hp_per_floor":[69,69,69,69,74,74,27,51,51,51,25,25,24,8,32,0],"gold":198,"neow_bonus":"THREE_CARDS","is_prod":false,"is_daily":false,"chose_seed":false,"campfire_upgraded":2,"win_rate":0,"timestamp":1554659533,"path_taken":["M","?","?","$","M","R","E","R","T","?","E","R","M","?","R","BOSS"],"build_version":"2019-01-23","purchased_purges":2,"victory":false,"max_hp_per_floor":[80,80,80,80,80,80,80,80,80,80,80,80,80,80,80,80],"card_choices":[{"not_picked":["Havoc","Twin Strike"],"picked":"Sever Soul","floor":0},{"not_picked":["Entrench","Infernal Blade"],"picked":"Armaments","floor":1},{"not_picked":["Bloodletting","Havoc","Sword Boomerang"],"picked":"SKIP","floor":5},{"not_picked":["Battle Trance","Hemokinesis"],"picked":"Searing Blow","floor":7},{"not_picked":["Combust","Battle Trance","Sword Boomerang"],"picked":"SKIP","floor":11},{"not_picked":["Clash","Thunderclap"],"picked":"Power Through","floor":13}],"player_experience":625952,"relics_obtained":[{"floor":7,"key":"Whetstone"},{"floor":9,"key":"Bronze Scales"},{"floor":10,"key":"War Paint"},{"floor":11,"key":"Dodecahedron"}],"event_choices":[{"damage_healed":0,"gold_gain":100,"player_choice":"Gold","damage_taken":0,"max_hp_gain":0,"max_hp_loss":0,"event_name":"Wheel of Change","floor":2,"gold_loss":0},{"damage_healed":0,"gold_gain":0,"player_choice":"Entered Light","damage_taken":16,"max_hp_gain":0,"max_hp_loss":0,"event_name":"Shining Light","floor":14,"gold_loss":0,"cards_upgraded":["Defend_R","Power Through"]}],"is_beta":false,"boss_relics":[],"items_purged_floors":[3,4],"is_endless":false,"potions_floor_spawned":[13],"killed_by":"Slime Boss","ascension_level":12}