{"gold_per_floor":[112,112,37,53,1,28,28,61,85,115,131,131,141,41,41,41],"floor_reached":16,"playtime":858,"items_purged":["Strike_R","Strike_R"],"score":113,"play_id":"a08e76f6-5cfa-4ba0-b73a-02b73c32c937","local_time":"20181221064748","is_ascension_mode":true,"campfire_choices":[{"data":"Bash","floor":7,"key":"SMITH"},{"data":"Rampage","floor":12,"key":"SMITH"},{"data":"Spot Weakness","floor":15,"key":"SMITH"}],"neow_cost":"NONE","seed_source_timestamp":163153201647667,"circlet_count":0,"master_deck":["Strike_R","Strike_R","Strike_R","Defend_R","Defend_R","Defend_R","Defend_R","Bash+1","Dropkick","Rampage+1","Pommel Strike","Flex","Spot Weakness+1","Headbutt","Shrug It Off"],"relics":["Burning Blood","Juzu Bracelet","Orichalcum","Vajra","Odd Mushroom"],"potions_floor_usage":[4,6,6,6,6,6,6,6,8],"damage_taken":[{"damage":6,"enemies":"Cultist","floor":1,"turns":3},{"damage":2,"enemies":"Jaw Worm","floor":4,"turns":3},{"damage":2,"enemies":"Gremlin Nob","floor":6,"turns":3},{"damage":36,"enemies":"3 Sentries","floor":8,"turns":6},{"damage":18,"enemies":"The Mushroom Lair","floor":10,"turns":4},{"damage":5,"enemies":"Small Slimes","floor":11,"turns":3},{"damage":7,"enemies":"Gremlin Gang","floor":13,"turns":4},{"damage":41,"enemies":"The Guardian","floor":16,"turns":7}],"seed_played":"-7808447501427253239","potions_obtained":[{"floor":1,"key":"SkillPotion"},{"floor":4,"key":"EntropicBrew"}],"is_trial":false,"path_per_floor":["M","?","$","M","$","E","R","E","T","?","M","R","M","$","R","B"],"character_chosen":"IRONCLAD","items_purchased":["Block Potion"],"campfire_rested":0,"item_purchase_floors":[5],"current_hp_per_floor":[80,72,72,76,76,80,80,50,50,38,39,39,38,38,38,0],"gold":41,"neow_bonus":"THREE_CARDS","is_prod":false,"is_daily":false,"chose_seed":false,"campfire_upgraded":3,"win_rate":0,"timestamp":1545400068,"path_taken":["M","?","$","M","$","E","R","E","T","?","M","R","M","$","R","BOSS"],"build_version":"2018-12-20","purchased_purges":2,"victory":false,"max_hp_per_floor":[80,80,80,80,80,80,80,80,80,80,80,80,80,80,80,80],"card_choices":[{"not_picked":["True Grit","Thunderclap"],"picked":"Dropkick","floor":0},{"not_picked":["Ghostly Armor","Clash"],"picked":"Rampage","floor":1},{"not_picked":["Sword Boomerang","Thunderclap"],"picked":"Pommel Strike","floor":4},{"not_picked":["Wild Strike","Exhume"],"picked":"Flex","floor":6},{"not_picked":["Thunderclap","Seeing Red"],"picked":"Spot Weakness","floor":8},{"not_picked":["Armaments","Reckless Charge"],"picked":"Headbutt","floor":10},{"not_picked":["Clash","Disarm","Havoc"],"picked":"SKIP","floor":11},{"not_picked":["Carnage","Thunderclap"],"picked":"Shrug It Off","floor":13}],"player_experience":153631,"relics_obtained":[{"floor":6,"key":"Juzu Bracelet"},{"floor":8,"key":"Orichalcum"},{"floor":9,"key":"Vajra"},{"floor":10,"key":"Odd Mushroom"}],"event_choices":[{"damage_healed":0,"gold_gain":0,"player_choice":"Damaged","damage_taken":8,"max_hp_gain":0,"max_hp_loss":0,"event_name":"Wheel of Change","floor":2,"gold_loss":0},{"damage_healed":0,"gold_gain":0,"player_choice":"Fought Mushrooms","damage_taken":0,"max_hp_gain":0,"max_hp_loss":0,"event_name":"Mushrooms","floor":10,"gold_loss":0}],"is_beta":false,"boss_relics":[],"items_purged_floors":[3,14],"is_endless":false,"potions_floor_spawned":[1,4],"killed_by":"The Guardian","ascension_level":1}