{"gold_per_floor":[115,115,65,140,152,187,217,217,294,179,189,202,222,222,222,322,322,342,357,176,176,194,194,226,226,251,126,126,126],"floor_reached":29,"playtime":1063,"items_purged":["Strike_R","Strike_R","Strike_R"],"score":241,"play_id":"ec433b2e-6477-4bec-b3c4-9ec361e3d4f3","local_time":"20190127172117","is_ascension_mode":false,"campfire_choices":[{"data":"Whirlwind","floor":8,"key":"SMITH"},{"data":"Rage","floor":15,"key":"SMITH"},{"data":"Bash","floor":23,"key":"SMITH"},{"data":"Demon Form","floor":25,"key":"SMITH"},{"data":"Reaper","floor":28,"key":"SMITH"}],"neow_cost":"TEN_PERCENT_HP_LOSS","seed_source_timestamp":146909443761021,"circlet_count":0,"master_deck":["Strike_R","Strike_R","Defend_R","Defend_R","Defend_R","Defend_R","Bash+1","Reaper+1","Whirlwind+1","Inflame","Rage+1","Demon Form+1","Dropkick+1","Dual Wield+1"],"relics":["Burning Blood","Self Forming Clay","Calipers","WingedGreaves","Busted Crown","Torii","Potion Belt"],"potions_floor_usage":[6,12,16,18,24],"damage_taken":[{"damage":7,"enemies":"Small Slimes","floor":1,"turns":4},{"damage":5,"enemies":"Jaw Worm","floor":5,"turns":4},{"damage":29,"enemies":"3 Sentries","floor":6,"turns":7},{"damage":8,"enemies":"2 Louse","floor":11,"turns":2},{"damage":6,"enemies":"Exordium Wildlife","floor":12,"turns":2},{"damage":15,"enemies":"Exordium Thugs","floor":13,"turns":5},{"damage":37,"enemies":"Slime Boss","floor":16,"turns":9},{"damage":10,"enemies":"2 Thieves","floor":18,"turns":4},{"damage":17,"enemies":"Shell Parasite","floor":19,"turns":6},{"damage":8,"enemies":"Snecko","floor":22,"turns":3},{"damage":45,"enemies":"Slavers","floor":24,"turns":7}],"seed_played":"1965821307832280510","potions_obtained":[{"floor":5,"key":"LiquidBronze"},{"floor":6,"key":"Poison Potion"},{"floor":12,"key":"FearPotion"},{"floor":16,"key":"SkillPotion"},{"floor":18,"key":"FairyPotion"},{"floor":22,"key":"Poison Potion"}],"is_trial":false,"path_per_floor":["M","?","?","?","M","E","?","R","T","$","M","M","M","?","R","B",null,"M","M","$","?","M","R","E","R","T","$","R","$"],"character_chosen":"IRONCLAD","items_purchased":["Inflame","Dual Wield"],"campfire_rested":0,"item_purchase_floors":[10,20],"current_hp_per_floor":[71,71,71,60,62,51,51,51,51,51,57,57,63,63,63,38,72,72,66,66,66,70,70,52,52,52,52,52,52],"gold":126,"neow_bonus":"THREE_RARE_CARDS","is_prod":false,"is_daily":false,"chose_seed":false,"campfire_upgraded":5,"win_rate":0,"timestamp":1548634877,"path_taken":["M","?","?","?","?","E","?","R","T","$","M","M","M","?","R","BOSS","M","M","$","?","M","R","E","R","T","$","R","?"],"build_version":"2019-01-23","purchased_purges":3,"victory":false,"max_hp_per_floor":[72,72,72,72,72,72,72,72,72,72,72,72,72,72,72,72,72,72,72,72,72,72,72,72,72,72,72,72,72],"card_choices":[{"not_picked":["Dark Embrace","Immolate"],"picked":"Reaper","floor":0},{"not_picked":["Wild Strike","Clothesline","Combust"],"picked":"SKIP","floor":1},{"not_picked":["Headbutt","Anger"],"picked":"Whirlwind","floor":5},{"not_picked":["Anger","Disarm","Wild Strike"],"picked":"SKIP","floor":6},{"not_picked":["Shrug It Off","Evolve","Clash"],"picked":"SKIP","floor":11},{"not_picked":["Shockwave","Sword Boomerang"],"picked":"Rage","floor":12},{"not_picked":["Armaments","Twin Strike","Rage"],"picked":"SKIP","floor":13},{"not_picked":["Armaments","Twin Strike","Rage"],"picked":"SKIP","floor":13},{"not_picked":["Reaper","Exhume"],"picked":"Demon Form","floor":16},{"not_picked":[],"picked":"Dropkick+1","floor":18},{"not_picked":["Combust"],"picked":"SKIP","floor":19},{"not_picked":["Rage"],"picked":"SKIP","floor":22},{"not_picked":["Cleave+1"],"picked":"SKIP","floor":24},{"not_picked":["Cleave+1"],"picked":"SKIP","floor":24}],"player_experience":339689,"relics_obtained":[{"floor":6,"key":"Calipers"},{"floor":24,"key":"Torii"},{"floor":26,"key":"Potion Belt"}],"event_choices":[{"damage_healed":0,"gold_gain":0,"player_choice":"Box","damage_taken":0,"relics_obtained":["Self Forming Clay"],"max_hp_gain":0,"max_hp_loss":0,"event_name":"Big Fish","floor":2,"gold_loss":0,"cards_obtained":["Regret"]},{"cards_removed":["Regret"],"damage_healed":0,"gold_gain":0,"player_choice":"Card Removal","damage_taken":0,"max_hp_gain":0,"max_hp_loss":0,"event_name":"The Cleric","floor":3,"gold_loss":50},{"damage_healed":0,"gold_gain":75,"player_choice":"Gather Gold","damage_taken":11,"max_hp_gain":0,"max_hp_loss":0,"event_name":"World of Goop","floor":4,"gold_loss":0},{"damage_healed":0,"gold_gain":30,"player_choice":"Searched \u00273\u0027 times","damage_taken":0,"relics_obtained":["WingedGreaves"],"max_hp_gain":0,"max_hp_loss":0,"event_name":"Dead Adventurer","floor":7,"gold_loss":0},{"damage_healed":0,"gold_gain":0,"player_choice":"Ignored","damage_taken":0,"max_hp_gain":0,"max_hp_loss":0,"event_name":"Liars Game","floor":14,"gold_loss":0},{"damage_healed":0,"gold_gain":0,"player_choice":"Upgraded","damage_taken":0,"max_hp_gain":0,"max_hp_loss":0,"event_name":"Upgrade Shrine","floor":21,"gold_loss":0,"cards_upgraded":["Dual Wield"]}],"is_beta":false,"boss_relics":[{"not_picked":["Tiny House","Philosopher\u0027s Stone"],"picked":"Busted Crown"}],"items_purged_floors":[10,20,27],"is_endless":false,"potions_floor_spawned":[5,6,12,16,18,22],"ascension_level":0}