{"gold_per_floor":[113,130,143,153,44,44,73,73,98,112,130,130,130,130,130,130],"floor_reached":16,"playtime":855,"items_purged":["Strike_R"],"score":190,"play_id":"d3af7f32-a9e1-4e7f-9682-fd93b46292f4","local_time":"20190201185345","is_ascension_mode":true,"campfire_choices":[{"data":"Pommel Strike","floor":6,"key":"SMITH"},{"data":"Rampage","floor":8,"key":"SMITH"},{"data":"Pommel Strike","floor":13,"key":"SMITH"},{"data":"Dual Wield","floor":15,"key":"SMITH"}],"neow_cost":"NONE","seed_source_timestamp":0,"circlet_count":0,"master_deck":["Strike_R","Strike_R","Strike_R","Strike_R","Defend_R","Defend_R","Defend_R","Defend_R","Bash","Dual Wield+1","Pommel Strike+1","Burning Pact","Rampage+1","Shrug It Off","Pommel Strike+1"],"special_seed":0,"relics":["Burning Blood","Bag of Marbles","Golden Idol"],"potions_floor_usage":[7,16],"damage_taken":[{"damage":13,"enemies":"Jaw Worm","floor":1,"turns":4},{"damage":8,"enemies":"2 Louse","floor":2,"turns":3},{"damage":6,"enemies":"Cultist","floor":3,"turns":3},{"damage":16,"enemies":"Red Slaver","floor":4,"turns":4},{"damage":55,"enemies":"3 Sentries","floor":7,"turns":12},{"damage":0,"enemies":"Exordium Wildlife","floor":10,"turns":2},{"damage":8,"enemies":"2 Fungi Beasts","floor":11,"turns":4},{"damage":76,"enemies":"Hexaghost","floor":16,"turns":7}],"seed_played":"5270631141670759857","potions_obtained":[{"floor":3,"key":"Poison Potion"},{"floor":4,"key":"BloodPotion"},{"floor":7,"key":"Dexterity Potion"},{"floor":11,"key":"PowerPotion"}],"is_trial":false,"path_per_floor":["M","M","M","M","$","R","E","R","T","M","M","?","R","?","R","B"],"character_chosen":"IRONCLAD","items_purchased":["Burning Pact"],"campfire_rested":0,"item_purchase_floors":[5],"current_hp_per_floor":[73,71,71,61,61,61,20,20,20,26,24,24,24,74,74,0],"gold":130,"neow_bonus":"RANDOM_COLORLESS","is_prod":false,"is_daily":false,"chose_seed":false,"campfire_upgraded":4,"win_rate":0,"timestamp":1549072425,"path_taken":["M","M","M","M","$","R","E","R","T","M","M","?","R","?","R","BOSS"],"build_version":"2019-01-23","purchased_purges":1,"victory":false,"max_hp_per_floor":[80,80,80,80,80,80,80,80,80,80,80,74,74,74,74,74],"card_choices":[{"not_picked":["Twin Strike","Warcry","Pummel"],"picked":"SKIP","floor":1},{"not_picked":["Bloodletting","True Grit","Havoc"],"picked":"SKIP","floor":2},{"not_picked":["Cleave","Spot Weakness"],"picked":"Dual Wield","floor":3},{"not_picked":["Thunderclap","Headbutt"],"picked":"Pommel Strike","floor":4},{"not_picked":["Heavy Blade","Clash"],"picked":"Rampage","floor":7},{"not_picked":["Havoc","Heavy Blade"],"picked":"Shrug It Off","floor":10},{"not_picked":["Demon Form","Shrug It Off"],"picked":"Pommel Strike","floor":11}],"player_experience":349599,"relics_obtained":[{"floor":7,"key":"Bag of Marbles"}],"event_choices":[{"damage_healed":0,"gold_gain":0,"player_choice":"Lose Max HP","damage_taken":0,"relics_obtained":["Golden Idol"],"max_hp_gain":0,"max_hp_loss":6,"event_name":"Golden Idol","floor":12,"gold_loss":0},{"cards_removed":["Deep Breath"],"damage_healed":50,"gold_gain":0,"player_choice":"Offered Uncommon","damage_taken":0,"max_hp_gain":0,"max_hp_loss":0,"event_name":"Bonfire Elementals","floor":14,"gold_loss":0}],"is_beta":false,"boss_relics":[],"items_purged_floors":[5],"is_endless":false,"potions_floor_spawned":[3,4,7,11],"killed_by":"Hexaghost","ascension_level":5}