{"gold_per_floor":[110,285,81,95,111,111,143,143,143,153,153,183,183,199,199,298,298,308,323,323,338,13,42,57,85,161,190,190,215,215,231,231,336,336,354,366,382,392,74,105,105,117,144,144,174,68,82,82,82,82],"floor_reached":50,"playtime":5089,"items_purged":["Doubt","Strike_G"],"score":752,"play_id":"ba4020fc-f8ce-4f9a-8af4-d3b5da491289","local_time":"20190105194910","is_ascension_mode":true,"campfire_choices":[{"data":"Skewer","floor":6,"key":"SMITH"},{"data":"Acrobatics","floor":8,"key":"SMITH"},{"data":"Neutralize","floor":11,"key":"SMITH"},{"data":"Underhanded Strike","floor":13,"key":"SMITH"},{"floor":15,"key":"REST"},{"floor":32,"key":"REST"},{"data":"Phantasmal Killer","floor":41,"key":"SMITH"},{"floor":49,"key":"RECALL"}],"neow_cost":"NONE","seed_source_timestamp":82415603485157,"circlet_count":0,"master_deck":["Defend_G+1","Defend_G+1","Defend_G+1","Defend_G+1","Defend_G+1","Strike_G+1","Strike_G+1","Strike_G+1","Strike_G+1","Survivor","Neutralize+1","Underhanded Strike+1","Acrobatics+1","Skewer+1","Underhanded Strike","Bouncing Flask","Backflip","Noxious Fumes","Blade Dance","Dagger Throw","After Image","Underhanded Strike+1","Escape Plan+1","RitualDagger+1","Well Laid Plans","Quick Slash","Quick Slash","Cloak And Dagger+1","Blade Dance","Shame","Acrobatics","Acrobatics+1","Phantasmal Killer+1","Noxious Fumes","Reflex+1","Dagger Throw+1","Crippling Poison+1","Crippling Poison","Normality","Dramatic Entrance+1","Purity","Discovery","Backflip","Quick Slash+1","Madness","Madness"],"relics":["HoveringKite","Ninja Scroll","Bag of Preparation","FossilizedHelix","Cursed Key","Vajra","StoneCalendar","Regal Pillow","Molten Egg 2","Bronze Scales","Mercury Hourglass","MutagenicStrength","Black Star","Shuriken","Art of War","Ornamental Fan","Whetstone","Kunai"],"potions_floor_usage":[16,16,21,27,27,38,40,50,50,50],"damage_taken":[{"damage":6,"enemies":"Small Slimes","floor":1,"turns":4},{"damage":0,"enemies":"2 Louse","floor":4,"turns":3},{"damage":0,"enemies":"Jaw Worm","floor":5,"turns":1},{"damage":38,"enemies":"3 Sentries","floor":7,"turns":8},{"damage":0,"enemies":"Blue Slaver","floor":10,"turns":2},{"damage":4,"enemies":"Gremlin Nob","floor":12,"turns":3},{"damage":0,"enemies":"Looter","floor":14,"turns":1},{"damage":13,"enemies":"Hexaghost","floor":16,"turns":5},{"damage":5,"enemies":"Chosen","floor":18,"turns":2},{"damage":0,"enemies":"3 Byrds","floor":19,"turns":4},{"damage":20,"enemies":"Sentry and Sphere","floor":21,"turns":6},{"damage":0,"enemies":"Gremlin Leader","floor":23,"turns":4},{"damage":6,"enemies":"Shelled Parasite and Fungi","floor":24,"turns":4},{"damage":2,"enemies":"Book of Stabbing","floor":25,"turns":5},{"damage":0,"enemies":"Gremlin Leader","floor":27,"turns":7},{"damage":0,"enemies":"Book of Stabbing","floor":29,"turns":4},{"damage":0,"enemies":"Snecko","floor":31,"turns":3},{"damage":60,"enemies":"Champ","floor":33,"turns":8},{"damage":0,"enemies":"Orb Walker","floor":35,"turns":2},{"damage":4,"enemies":"3 Shapes","floor":36,"turns":4},{"damage":14,"enemies":"Writhing Mass","floor":37,"turns":6},{"damage":1,"enemies":"Sphere and 2 Shapes","floor":38,"turns":4},{"damage":3,"enemies":"Giant Head","floor":40,"turns":6},{"damage":1,"enemies":"4 Shapes","floor":42,"turns":5},{"damage":0,"enemies":"Nemesis","floor":45,"turns":5},{"damage":0,"enemies":"Jaw Worm Horde","floor":47,"turns":3},{"damage":39,"enemies":"Awakened One","floor":50,"turns":6}],"seed_played":"-587335067782239530","potions_obtained":[{"floor":4,"key":"PowerPotion"},{"floor":10,"key":"SkillPotion"},{"floor":16,"key":"Weak Potion"},{"floor":19,"key":"Dexterity Potion"},{"floor":24,"key":"GhostInAJar"},{"floor":25,"key":"Block Potion"},{"floor":27,"key":"SteroidPotion"},{"floor":29,"key":"GamblersBrew"},{"floor":36,"key":"Swift Potion"},{"floor":42,"key":"PowerPotion"}],"is_trial":false,"path_per_floor":["M","?","$","M","M","R","E","R","T","M","R","E","R","M","R","B",null,"M","M","?","M","$","E","M","E","T","E","?","E","?","M","R","B",null,"M","M","M","M","$","E","R","M","T","?","E","$","M","?","R","B"],"character_chosen":"THE_SILENT","items_purchased":["Acrobatics","Skewer","Well Laid Plans","Vajra","Quick Slash","Shuriken","GhostInAJar","Backflip","Quick Slash+1"],"campfire_rested":2,"item_purchase_floors":[3,3,22,22,22,39,39,46,46],"current_hp_per_floor":[64,64,64,64,64,64,26,26,26,26,26,22,22,22,43,30,70,65,65,59,39,39,39,33,31,31,31,31,31,31,31,67,7,70,70,66,52,51,51,48,48,47,47,37,37,37,37,28,28,0],"gold":82,"neow_bonus":"BOSS_RELIC","is_prod":false,"is_daily":false,"chose_seed":false,"campfire_upgraded":5,"win_rate":0,"timestamp":1546742950,"path_taken":["M","?","$","M","M","R","E","R","T","M","R","E","R","M","R","BOSS","M","M","?","M","$","E","M","E","T","E","?","E","?","M","R","BOSS","M","M","M","M","$","E","R","M","T","?","E","$","M","?","R","BOSS"],"build_version":"2019-01-03v4","purchased_purges":2,"victory":false,"max_hp_per_floor":[70,70,70,70,70,70,70,70,70,70,70,70,70,70,70,70,70,70,70,70,70,70,70,70,70,70,70,70,70,70,70,70,70,70,70,70,70,70,70,70,70,70,70,70,70,70,70,70,70,70],"card_choices":[{"not_picked":["Outmaneuver","PiercingWail"],"picked":"Underhanded Strike","floor":1},{"not_picked":["Flying Knee","Deflect"],"picked":"Underhanded Strike","floor":4},{"not_picked":["Deadly Poison","Bouncing Flask","PiercingWail"],"picked":"SKIP","floor":5},{"not_picked":["Deadly Poison","PiercingWail"],"picked":"Bouncing Flask","floor":5},{"not_picked":["Escape Plan","Dagger Spray"],"picked":"Backflip","floor":7},{"not_picked":["Quick Slash","Deflect"],"picked":"Noxious Fumes","floor":10},{"not_picked":["Footwork","Endless Agony"],"picked":"Blade Dance","floor":12},{"not_picked":["Grand Finale","PiercingWail"],"picked":"Dagger Throw","floor":14},{"not_picked":["Glass Knife","Grand Finale"],"picked":"After Image","floor":16},{"not_picked":["Prepared","Cloak And Dagger+1"],"picked":"Underhanded Strike","floor":18},{"not_picked":["Blade Dance","Bouncing Flask"],"picked":"Escape Plan+1","floor":19},{"not_picked":["Deflect","Poisoned Stab+1","Dagger Throw"],"picked":"SKIP","floor":21},{"not_picked":["Sucker Punch","Grand Finale"],"picked":"Quick Slash","floor":23},{"not_picked":["Masterful Stab+1","Dagger Spray+1"],"picked":"Cloak And Dagger+1","floor":24},{"not_picked":["All Out Attack","Flying Knee"],"picked":"Blade Dance","floor":25},{"not_picked":["After Image","Distraction"],"picked":"Acrobatics","floor":27},{"not_picked":["Deflect+1","Deadly Poison"],"picked":"Acrobatics+1","floor":29},{"not_picked":["Sucker Punch+1","Poisoned Stab+1","Deadly Poison"],"picked":"SKIP","floor":31},{"not_picked":["Glass Knife+1","Bullet Time"],"picked":"Phantasmal Killer","floor":33},{"not_picked":["Underhanded Strike+1","Dagger Throw+1"],"picked":"Noxious Fumes","floor":35},{"not_picked":["Masterful Stab+1","Prepared"],"picked":"Reflex+1","floor":36},{"not_picked":["Outmaneuver+1","Poisoned Stab+1"],"picked":"Dagger Throw+1","floor":37},{"not_picked":["Distraction+1","Deadly Poison+1"],"picked":"Crippling Poison+1","floor":38},{"not_picked":["Concentrate+1","Bouncing Flask","Slice+1"],"picked":"SKIP","floor":40},{"not_picked":["Flying Knee+1","Dagger Throw+1"],"picked":"Crippling Poison","floor":42},{"not_picked":["Madness","Discovery"],"picked":"Dramatic Entrance+1","floor":44},{"not_picked":["Finesse","Good Instincts"],"picked":"Purity","floor":44},{"not_picked":["Bandage Up","HandOfGreed+1"],"picked":"Discovery","floor":44},{"not_picked":["Dagger Throw+1","Flying Knee+1","Deflect+1"],"picked":"SKIP","floor":45},{"not_picked":["Caltrops","Distraction+1","Flying Knee+1"],"picked":"SKIP","floor":47}],"player_experience":257785,"relics_obtained":[{"floor":7,"key":"Ninja Scroll"},{"floor":9,"key":"Bag of Preparation"},{"floor":12,"key":"FossilizedHelix"},{"floor":23,"key":"StoneCalendar"},{"floor":25,"key":"Regal Pillow"},{"floor":26,"key":"Molten Egg 2"},{"floor":27,"key":"Bronze Scales"},{"floor":29,"key":"Mercury Hourglass"},{"floor":40,"key":"Art of War"},{"floor":40,"key":"Ornamental Fan"},{"floor":45,"key":"Whetstone"},{"floor":45,"key":"Kunai"}],"event_choices":[{"damage_healed":0,"gold_gain":175,"player_choice":"AGREE","damage_taken":0,"max_hp_gain":0,"max_hp_loss":0,"event_name":"Liars Game","floor":2,"gold_loss":0,"cards_obtained":["Doubt"]},{"damage_healed":0,"gold_gain":0,"player_choice":"Joined the Cult","damage_taken":6,"max_hp_gain":0,"max_hp_loss":0,"event_name":"Nest","floor":20,"gold_loss":0,"cards_obtained":["RitualDagger"]},{"damage_healed":0,"gold_gain":0,"player_choice":"Simplicity","damage_taken":0,"max_hp_gain":0,"max_hp_loss":0,"event_name":"Back to Basics","floor":28,"gold_loss":0,"cards_upgraded":["Defend_G","Defend_G","Defend_G","Defend_G","Defend_G","Strike_G","Strike_G","Strike_G","Strike_G"]},{"damage_healed":0,"gold_gain":0,"player_choice":"Inject Mutagens","damage_taken":0,"relics_obtained":["MutagenicStrength"],"max_hp_gain":0,"max_hp_loss":0,"event_name":"Drug Dealer","floor":30,"gold_loss":0},{"damage_healed":0,"gold_gain":0,"player_choice":"Memory 3","damage_taken":10,"max_hp_gain":0,"max_hp_loss":0,"event_name":"SensoryStone","floor":44,"gold_loss":0},{"damage_healed":0,"gold_gain":0,"player_choice":"Embrace Madness","damage_taken":9,"max_hp_gain":0,"max_hp_loss":0,"event_name":"Winding Halls","floor":48,"gold_loss":0,"cards_obtained":["Madness","Madness"]}],"is_beta":false,"boss_relics":[{"not_picked":["Sozu","Runic Dome"],"picked":"Cursed Key"},{"not_picked":["Busted Crown","Eternal Feather"],"picked":"Black Star"}],"items_purged_floors":[3,22],"is_endless":false,"potions_floor_spawned":[4,10,16,19,24,25,27,29,36,42,45,47],"killed_by":"Awakened One","ascension_level":1}