{"gold_per_floor":[113,38,49,64,81,81,0,0,0,175,251,269,269,65,65,65],"floor_reached":16,"playtime":541,"items_purged":["Strike_R"],"score":104,"play_id":"8d21e2a3-ed32-4e32-82e6-aeb75945bd95","local_time":"20181221133708","is_ascension_mode":true,"campfire_choices":[{"data":"Uppercut","floor":6,"key":"SMITH"},{"data":"Anger","floor":13,"key":"SMITH"},{"data":"Body Slam","floor":15,"key":"SMITH"}],"neow_cost":"NONE","seed_source_timestamp":188030950485302,"circlet_count":0,"master_deck":["Strike_R","Strike_R","Strike_R","Strike_R","Defend_R","Defend_R","Defend_R","Defend_R","Body Slam+1","Uppercut+1","Seeing Red","Inflame","Doubt","Anger+1"],"relics":["Burning Blood","Unceasing Top","Singing Bowl","PrismaticShard"],"potions_floor_usage":[],"damage_taken":[{"damage":9,"enemies":"Cultist","floor":1,"turns":5},{"damage":4,"enemies":"Small Slimes","floor":3,"turns":4},{"damage":5,"enemies":"2 Louse","floor":4,"turns":4},{"damage":14,"enemies":"Looter","floor":5,"turns":3},{"damage":22,"enemies":"Large Slime","floor":12,"turns":6},{"damage":49,"enemies":"The Guardian","floor":16,"turns":6}],"seed_played":"7169933035527891282","potions_obtained":[],"is_trial":false,"path_per_floor":["M","$","M","M","M","R","$","?","T","?","T","M","R","$","R","B"],"character_chosen":"IRONCLAD","items_purchased":["Inflame","PrismaticShard"],"campfire_rested":0,"item_purchase_floors":[7,14],"current_hp_per_floor":[77,77,79,80,72,72,72,65,65,65,65,49,49,49,49,0],"gold":65,"neow_bonus":"THREE_CARDS","is_prod":false,"is_daily":false,"chose_seed":false,"campfire_upgraded":3,"win_rate":0,"timestamp":1545424628,"path_taken":["M","$","?","M","?","R","?","?","T","?","?","M","R","$","R","BOSS"],"build_version":"2018-12-20","purchased_purges":1,"victory":false,"max_hp_per_floor":[80,80,80,80,80,80,80,80,80,80,80,80,80,80,80,80],"card_choices":[{"not_picked":["Twin Strike","Shrug It Off"],"picked":"Body Slam","floor":0},{"not_picked":["Heavy Blade","Sever Soul","Clash"],"picked":"SKIP","floor":1},{"not_picked":["Cleave","Sword Boomerang"],"picked":"Uppercut","floor":4},{"not_picked":["Wild Strike","Headbutt"],"picked":"Seeing Red","floor":5},{"not_picked":["Iron Wave","Twin Strike"],"picked":"Anger","floor":12}],"player_experience":175934,"relics_obtained":[{"floor":9,"key":"Unceasing Top"},{"floor":11,"key":"Singing Bowl"}],"event_choices":[{"cards_removed":["Bash"],"damage_healed":0,"gold_gain":0,"player_choice":"Card Removal","damage_taken":7,"max_hp_gain":0,"max_hp_loss":0,"event_name":"Golden Wing","floor":8,"gold_loss":0},{"damage_healed":0,"gold_gain":175,"player_choice":"AGREE","damage_taken":0,"max_hp_gain":0,"max_hp_loss":0,"event_name":"Liars Game","floor":10,"gold_loss":0,"cards_obtained":["Doubt"]}],"is_beta":false,"boss_relics":[],"items_purged_floors":[2],"is_endless":false,"potions_floor_spawned":[],"killed_by":"The Guardian","ascension_level":3}