{"gold_per_floor":[10,10,10,10,10,10,28,38,63,95,114,129,129,54,54,155,155,165,165,152,52,52,52,67,84,109,109,129,142,142,224,224,224],"floor_reached":33,"playtime":2414,"items_purged":["Strike_R","Strike_R"],"score":346,"play_id":"9085a85c-6bfc-4318-9496-93f49e8dd865","local_time":"20190303162218","is_ascension_mode":true,"campfire_choices":[{"data":"Bash","floor":6,"key":"SMITH"},{"data":"Whirlwind","floor":13,"key":"SMITH"},{"data":"Pommel Strike","floor":15,"key":"SMITH"},{"data":"Dropkick","floor":23,"key":"SMITH"},{"data":"Dropkick","floor":27,"key":"SMITH"},{"data":"Demon Form","floor":30,"key":"SMITH"},{"floor":32,"key":"REST"}],"neow_cost":"NO_GOLD","seed_source_timestamp":162476862523399,"circlet_count":0,"master_deck":["Strike_R","Defend_R","Defend_R","Defend_R","Defend_R","Bash+1","Clothesline","Pommel Strike+1","Shrug It Off","Whirlwind+1","Demon Form+1","Seeing Red+1","Dropkick+1","Dropkick+1"],"relics":["Burning Blood","Thread and Needle","Potion Belt","Singing Bowl","Oddly Smooth Stone","Orichalcum","Runic Cube","Enchiridion","Darkstone Periapt"],"potions_floor_usage":[10,16,24,24,28,29,33],"damage_taken":[{"damage":3,"enemies":"Jaw Worm","floor":1,"turns":3},{"damage":0,"enemies":"Small Slimes","floor":7,"turns":4},{"damage":0,"enemies":"2 Louse","floor":8,"turns":4},{"damage":28,"enemies":"Lagavulin","floor":10,"turns":7},{"damage":0,"enemies":"Looter","floor":11,"turns":4},{"damage":1,"enemies":"Exordium Wildlife","floor":12,"turns":4},{"damage":53,"enemies":"Slime Boss","floor":16,"turns":10},{"damage":22,"enemies":"Chosen","floor":18,"turns":7},{"damage":9,"enemies":"2 Thieves","floor":20,"turns":4},{"damage":8,"enemies":"3 Cultists","floor":24,"turns":3},{"damage":2,"enemies":"Snake Plant","floor":25,"turns":3},{"damage":4,"enemies":"Centurion and Healer","floor":28,"turns":5},{"damage":0,"enemies":"Snecko","floor":29,"turns":3},{"damage":87,"enemies":"Automaton","floor":33,"turns":8}],"seed_played":"-5928947945327737078","potions_obtained":[{"floor":7,"key":"Ancient Potion"},{"floor":8,"key":"SpeedPotion"},{"floor":11,"key":"Energy Potion"},{"floor":12,"key":"LiquidBronze"},{"floor":20,"key":"BloodPotion"},{"floor":25,"key":"EssenceOfSteel"},{"floor":29,"key":"Energy Potion"}],"is_trial":false,"path_per_floor":["M","?","?","?","T","R","M","M","T","E","M","M","R","$","R","B",null,"M","?","M","$","?","R","M","M","T","R","M","M","R","T","R","B"],"character_chosen":"IRONCLAD","items_purchased":[],"campfire_rested":1,"item_purchase_floors":[],"current_hp_per_floor":[75,68,68,61,61,61,69,75,75,55,61,66,66,66,66,19,68,52,36,33,33,33,33,41,45,45,45,49,57,57,57,84,0],"gold":224,"neow_bonus":"ONE_RARE_RELIC","is_prod":false,"is_daily":false,"chose_seed":false,"campfire_upgraded":6,"win_rate":0,"timestamp":1551655338,"path_taken":["M","?","?","?","?","R","?","M","T","E","M","M","R","$","R","BOSS","M","?","M","$","?","R","M","M","T","R","M","M","R","?","R","BOSS"],"build_version":"2019-01-23","purchased_purges":2,"victory":false,"max_hp_per_floor":[80,80,80,80,80,80,82,82,82,84,84,84,84,84,84,84,84,84,84,84,84,84,84,86,86,86,86,88,90,90,90,90,90],"card_choices":[{"not_picked":["Heavy Blade","Infernal Blade"],"picked":"Clothesline","floor":1},{"not_picked":["Reckless Charge","Pummel","Shockwave"],"picked":"Singing Bowl","floor":7},{"not_picked":["Thunderclap","Warcry"],"picked":"Pommel Strike","floor":8},{"not_picked":["Reckless Charge","Brutality","Perfected Strike"],"picked":"Singing Bowl","floor":10},{"not_picked":["Pommel Strike","Thunderclap"],"picked":"Shrug It Off","floor":11},{"not_picked":["Uppercut","Pommel Strike"],"picked":"Whirlwind","floor":12},{"not_picked":["Exhume","Immolate"],"picked":"Demon Form","floor":16},{"not_picked":["Wild Strike","Flex"],"picked":"Seeing Red+1","floor":18},{"not_picked":["Clothesline+1","Seeing Red"],"picked":"Dropkick","floor":20},{"not_picked":["Intimidate","Carnage","Headbutt+1"],"picked":"Singing Bowl","floor":24},{"not_picked":["Flame Barrier","Spot Weakness+1"],"picked":"Dropkick","floor":25},{"not_picked":["Iron Wave","Hemokinesis","Armaments"],"picked":"Singing Bowl","floor":28},{"not_picked":["Headbutt","Pommel Strike+1","Clash+1"],"picked":"Singing Bowl","floor":29}],"player_experience":476328,"relics_obtained":[{"floor":5,"key":"Singing Bowl"},{"floor":9,"key":"Oddly Smooth Stone"},{"floor":10,"key":"Orichalcum"},{"floor":19,"key":"Enchiridion"},{"floor":31,"key":"Darkstone Periapt"}],"event_choices":[{"cards_removed":["Strike_R"],"damage_healed":0,"gold_gain":0,"player_choice":"Card Removal","damage_taken":7,"max_hp_gain":0,"max_hp_loss":0,"event_name":"Golden Wing","floor":2,"gold_loss":0},{"cards_removed":["Strike_R"],"damage_healed":0,"gold_gain":0,"player_choice":"Forget","damage_taken":0,"max_hp_gain":0,"max_hp_loss":0,"event_name":"Living Wall","floor":3,"gold_loss":0},{"damage_healed":0,"gold_gain":0,"player_choice":"Success","damage_taken":7,"relics_obtained":["Potion Belt"],"max_hp_gain":0,"max_hp_loss":0,"event_name":"Scrap Ooze","floor":4,"gold_loss":0},{"damage_healed":0,"gold_gain":0,"player_choice":"Obtained Book","damage_taken":16,"max_hp_gain":0,"max_hp_loss":0,"event_name":"Cursed Tome","floor":19,"gold_loss":0},{"damage_healed":0,"gold_gain":0,"player_choice":"Ignored","damage_taken":0,"max_hp_gain":0,"max_hp_loss":0,"event_name":"Ghosts","floor":22,"gold_loss":0}],"is_beta":false,"boss_relics":[{"not_picked":["Orrery","Pandora\u0027s Box"],"picked":"Runic Cube"}],"items_purged_floors":[14,21],"is_endless":false,"potions_floor_spawned":[7,8,11,12,20,25,29],"killed_by":"Automaton","ascension_level":8}