{"gold_per_floor":[109,109,184,197,214,246,246,265,265,265,265,265,285,305,305,403,403,385,105,122,137,148,148,183,203,203,203,219,134,134],"floor_reached":30,"playtime":2027,"items_purged":["Strike_R"],"score":356,"play_id":"274cb5a2-b4bd-4592-a913-e8c1786af813","local_time":"20190810180057","is_ascension_mode":true,"campfire_choices":[{"floor":7,"key":"REST"},{"floor":10,"key":"REST"},{"floor":12,"key":"REST"},{"data":"Demon Form","floor":15,"key":"SMITH"},{"data":"Bash","floor":23,"key":"SMITH"},{"floor":27,"key":"REST"}],"neow_cost":"NONE","seed_source_timestamp":32330143236297,"circlet_count":0,"master_deck":["Strike_R","Strike_R","Strike_R","Strike_R+1","Defend_R","Defend_R","Defend_R+1","Bash+1","Impervious","Metallicize","True Grit","Seeing Red","Demon Form+1","Iron Wave","Pommel Strike","Spot Weakness","Limit Break","Pommel Strike","Twin Strike","Clothesline","Bloodletting+1","Sever Soul+1","Headbutt+1","Berserk+1"],"relics":["Burning Blood","Blue Candle","Gremlin Horn","Philosopher\u0027s Stone","Oddly Smooth Stone","Frozen Egg 2","Pantograph","Dodecahedron"],"potions_floor_usage":[13,22,24,25],"damage_taken":[{"damage":5,"enemies":"Small Slimes","floor":1,"turns":5},{"damage":7,"enemies":"2 Louse","floor":4,"turns":3},{"damage":0,"enemies":"Cultist","floor":5,"turns":4},{"damage":43,"enemies":"Lagavulin","floor":6,"turns":13},{"damage":3,"enemies":"Blue Slaver","floor":8,"turns":5},{"damage":3,"enemies":"Large Slime","floor":13,"turns":8},{"damage":6,"enemies":"3 Louse","floor":14,"turns":4},{"damage":22,"enemies":"The Guardian","floor":16,"turns":8},{"damage":8,"enemies":"2 Thieves","floor":18,"turns":4},{"damage":9,"enemies":"Shell Parasite","floor":20,"turns":5},{"damage":3,"enemies":"Centurion and Healer","floor":21,"turns":6},{"damage":21,"enemies":"Sentry and Sphere","floor":22,"turns":6},{"damage":20,"enemies":"Book of Stabbing","floor":24,"turns":5},{"damage":28,"enemies":"Snecko","floor":25,"turns":4},{"damage":45,"enemies":"Snake Plant","floor":28,"turns":4},{"damage":14,"enemies":"Colosseum Slavers","floor":30,"turns":1}],"seed_played":"-6836905872048383261","potions_obtained":[{"floor":1,"key":"LiquidBronze"},{"floor":8,"key":"SkillPotion"},{"floor":13,"key":"GamblersBrew"},{"floor":18,"key":"Explosive Potion"},{"floor":20,"key":"Block Potion"},{"floor":24,"key":"GamblersBrew"}],"is_trial":false,"path_per_floor":["M","?","?","M","M","E","R","M","T","R","?","R","M","M","R","B",null,"M","$","M","M","M","R","E","M","T","R","M","?","?"],"character_chosen":"IRONCLAD","items_purchased":["Oddly Smooth Stone","Twin Strike"],"campfire_rested":4,"item_purchase_floors":[19,19],"current_hp_per_floor":[73,57,46,45,51,14,38,41,41,65,58,80,80,80,80,64,76,74,74,71,74,59,59,45,23,23,47,8,8,0],"gold":134,"neow_bonus":"ONE_RANDOM_RARE_CARD","is_prod":false,"is_daily":false,"chose_seed":false,"campfire_upgraded":2,"win_rate":0,"timestamp":1565456457,"path_taken":["M","?","?","M","M","E","R","M","T","R","?","R","M","M","R","BOSS","M","$","M","M","M","R","E","M","T","R","M","?","?"],"build_version":"2019-07-17","purchased_purges":1,"victory":false,"max_hp_per_floor":[80,80,80,80,80,80,80,80,80,80,80,80,80,80,80,80,80,80,80,80,80,80,80,80,80,80,80,80,80,80],"card_choices":[{"not_picked":["Wild Strike","Warcry"],"picked":"Metallicize","floor":1},{"not_picked":["Havoc","Armaments"],"picked":"True Grit","floor":4},{"not_picked":["Clothesline","Headbutt"],"picked":"Seeing Red","floor":5},{"not_picked":["Ghostly Armor","Flame Barrier"],"picked":"Demon Form","floor":6},{"not_picked":["Reckless Charge","Thunderclap"],"picked":"Iron Wave","floor":8},{"not_picked":["Iron Wave","Corruption"],"picked":"Pommel Strike","floor":13},{"not_picked":["Clothesline","Hemokinesis"],"picked":"Spot Weakness","floor":14},{"not_picked":["Feed","Immolate"],"picked":"Limit Break","floor":16},{"not_picked":["Burning Pact","Cleave"],"picked":"Pommel Strike","floor":18},{"not_picked":["Armaments","Wild Strike"],"picked":"Clothesline","floor":20},{"not_picked":["Fire Breathing","Sword Boomerang"],"picked":"Bloodletting+1","floor":21},{"not_picked":["Body Slam","Iron Wave"],"picked":"Sever Soul+1","floor":22},{"not_picked":["Blood for Blood","Rupture"],"picked":"Headbutt+1","floor":24},{"not_picked":["Havoc","Fire Breathing+1"],"picked":"Berserk+1","floor":25},{"not_picked":["Warcry","Dropkick+1","Rupture+1"],"picked":"SKIP","floor":28}],"player_experience":178668,"relics_obtained":[{"floor":6,"key":"Blue Candle"},{"floor":9,"key":"Gremlin Horn"},{"floor":24,"key":"Frozen Egg 2"},{"floor":26,"key":"Pantograph"}],"event_choices":[{"damage_healed":0,"gold_gain":0,"player_choice":"Entered Light","damage_taken":16,"max_hp_gain":0,"max_hp_loss":0,"event_name":"Shining Light","floor":2,"gold_loss":0,"cards_upgraded":["Defend_R","Strike_R"]},{"damage_healed":0,"gold_gain":75,"player_choice":"Gather Gold","damage_taken":11,"max_hp_gain":0,"max_hp_loss":0,"event_name":"World of Goop","floor":3,"gold_loss":0},{"cards_removed":["Defend_R"],"damage_healed":0,"gold_gain":0,"player_choice":"Card Removal","damage_taken":7,"max_hp_gain":0,"max_hp_loss":0,"event_name":"Golden Wing","floor":11,"gold_loss":0},{"damage_healed":0,"gold_gain":0,"player_choice":"Obtained Relic","damage_taken":0,"relics_obtained":["Dodecahedron"],"max_hp_gain":0,"max_hp_loss":0,"event_name":"Addict","floor":29,"gold_loss":85},{"damage_healed":0,"gold_gain":0,"player_choice":"Fight","damage_taken":0,"max_hp_gain":0,"max_hp_loss":0,"event_name":"Colosseum","floor":30,"gold_loss":0}],"is_beta":false,"boss_relics":[{"not_picked":["Runic Dome","Fusion Hammer"],"picked":"Philosopher\u0027s Stone"}],"items_purged_floors":[19],"is_endless":false,"potions_floor_spawned":[1,8,13,18,20,24],"killed_by":"Colosseum Slavers","ascension_level":8}