{"gold_per_floor":[116,291,216,232,232,260,280,310,334,334,367,385,209,239,239,343,343,363,389,399,324,324,324,350,350,374,249,263,113,513,531,531,629,629,645,745,412,412,412,412,634,686,686,696,696,752,808,848,848,848],"floor_reached":50,"playtime":4394,"items_purged":["Doubt","Strike_G","Tactician","Dagger Spray","Dagger Throw"],"score":649,"play_id":"ab565aaf-a058-4ef7-aede-8019768dc337","local_time":"20190105014024","is_ascension_mode":true,"campfire_choices":[{"data":"Neutralize","floor":10,"key":"SMITH"},{"data":"Blade Dance","floor":15,"key":"SMITH"},{"data":"Heel Hook","floor":23,"key":"SMITH"},{"data":"Backflip","floor":25,"key":"SMITH"},{"data":"Bullet Time","floor":32,"key":"SMITH"},{"floor":40,"key":"RECALL"},{"data":"Grand Finale","floor":49,"key":"SMITH"}],"neow_cost":"NONE","seed_source_timestamp":17769173604128,"circlet_count":0,"master_deck":["Survivor","Neutralize+1","Heel Hook+1","Noxious Fumes+1","Blade Dance+1","Backflip+1","After Image+1","Deadly Poison","Bullet Time+1","Deadly Poison","Die Die Die","Grand Finale+1","Purity+1","Burst+1","Apotheosis+1","HandOfGreed","Envenom+1"],"relics":["Ring of the Snake","NeowsBlessing","Frozen Egg 2","Paper Crane","Centennial Puzzle","Pen Nib","Omamori","Boot","Pandora\u0027s Box","Red Mask","Toxic Egg 2","Blood Vial","Snake Skull","Old Coin","Pantograph","White Beast Statue","Mango","Dodecahedron","Kunai"],"potions_floor_usage":[11,16,19,20,24,33,42,44,47,47,47,50],"damage_taken":[{"damage":0,"enemies":"2 Louse","floor":1,"turns":1},{"damage":0,"enemies":"Jaw Worm","floor":4,"turns":1},{"damage":0,"enemies":"Gremlin Nob","floor":6,"turns":1},{"damage":0,"enemies":"Cultist","floor":7,"turns":4},{"damage":15,"enemies":"3 Sentries","floor":8,"turns":8},{"damage":4,"enemies":"Gremlin Nob","floor":11,"turns":4},{"damage":0,"enemies":"2 Fungi Beasts","floor":12,"turns":4},{"damage":10,"enemies":"Lagavulin","floor":14,"turns":5},{"damage":22,"enemies":"Slime Boss","floor":16,"turns":9},{"damage":0,"enemies":"3 Byrds","floor":18,"turns":2},{"damage":11,"enemies":"Masked Bandits","floor":19,"turns":3},{"damage":0,"enemies":"Shell Parasite","floor":20,"turns":3},{"damage":6,"enemies":"Book of Stabbing","floor":24,"turns":5},{"damage":4,"enemies":"Cultist and Chosen","floor":28,"turns":4},{"damage":2,"enemies":"Colosseum Slavers","floor":30,"turns":3},{"damage":24,"enemies":"Colosseum Nobs","floor":30,"turns":5},{"damage":2,"enemies":"Centurion and Healer","floor":31,"turns":5},{"damage":7,"enemies":"Automaton","floor":33,"turns":6},{"damage":10,"enemies":"3 Shapes","floor":35,"turns":2},{"damage":0,"enemies":"Mind Bloom Boss Battle","floor":36,"turns":5},{"damage":1,"enemies":"Reptomancer","floor":42,"turns":4},{"damage":0,"enemies":"3 Darklings","floor":44,"turns":4},{"damage":5,"enemies":"Sphere and 2 Shapes","floor":46,"turns":4},{"damage":20,"enemies":"Giant Head","floor":47,"turns":6},{"damage":7,"enemies":"Jaw Worm Horde","floor":48,"turns":3},{"damage":98,"enemies":"Time Eater","floor":50,"turns":12}],"seed_played":"2674089308099099920","potions_obtained":[{"floor":1,"key":"GhostInAJar"},{"floor":6,"key":"Dexterity Potion"},{"floor":11,"key":"Strength Potion"},{"floor":16,"key":"Swift Potion"},{"floor":19,"key":"Ancient Potion"},{"floor":30,"key":"Swift Potion"},{"floor":33,"key":"SkillPotion"},{"floor":35,"key":"GhostInAJar"},{"floor":42,"key":"Dexterity Potion"},{"floor":44,"key":"Dexterity Potion"},{"floor":46,"key":"GamblersBrew"},{"floor":47,"key":"FearPotion"},{"floor":48,"key":"Block Potion"}],"is_trial":false,"path_per_floor":["M","?","$","M","T","E","M","E","T","R","E","M","$","E","R","B",null,"M","?","M","?","T","R","E","R","T","$","M","$","?","M","R","B",null,"M","?","$","?","?","R","?","E","T","M","?","M","E","M","R","B"],"character_chosen":"THE_SILENT","items_purchased":["Backflip","Fire Potion","Purity+1","Burst+1"],"campfire_rested":0,"item_purchase_floors":[13,13,37,37],"current_hp_per_floor":[70,70,70,70,70,70,70,55,55,55,51,51,51,41,41,19,70,70,59,59,59,59,59,53,53,53,53,51,51,29,29,29,49,70,60,84,84,84,74,74,74,75,75,77,77,74,56,51,51,0],"gold":848,"neow_bonus":"THREE_ENEMY_KILL","is_prod":false,"is_daily":false,"chose_seed":false,"campfire_upgraded":6,"win_rate":0,"timestamp":1546677624,"path_taken":["M","?","$","M","?","E","M","E","T","R","E","?","$","E","R","BOSS","M","?","M","?","?","R","E","R","T","$","?","$","?","M","R","BOSS","M","?","$","?","?","R","?","E","T","?","?","M","E","M","R","BOSS"],"build_version":"2019-01-03v4","purchased_purges":5,"victory":false,"max_hp_per_floor":[70,70,70,70,70,70,70,70,70,70,70,70,70,70,70,70,70,70,70,70,70,70,70,70,70,70,70,70,70,70,70,70,70,70,70,84,84,84,84,84,84,84,84,84,80,80,80,80,80,80],"card_choices":[{"not_picked":["Setup","PiercingWail"],"picked":"Heel Hook","floor":1},{"not_picked":["Quick Slash","Escape Plan","Outmaneuver"],"picked":"SKIP","floor":4},{"not_picked":["Unload","Leg Sweep"],"picked":"Noxious Fumes+1","floor":6},{"not_picked":["Eviscerate","Caltrops+1","PiercingWail"],"picked":"SKIP","floor":7},{"not_picked":["Deadly Poison","Slice","Acrobatics"],"picked":"SKIP","floor":8},{"not_picked":["Dash","Dodge and Roll"],"picked":"Blade Dance","floor":11},{"not_picked":["Tools of the Trade+1","Well Laid Plans+1","Dagger Spray"],"picked":"SKIP","floor":12},{"not_picked":["Deflect","Dagger Throw","Flying Knee"],"picked":"SKIP","floor":14},{"not_picked":["Tools of the Trade+1","Wraith Form v2+1"],"picked":"After Image+1","floor":16},{"not_picked":["Backstab","Masterful Stab","Outmaneuver"],"picked":"SKIP","floor":18},{"not_picked":["Acrobatics","Bane","Concentrate"],"picked":"SKIP","floor":20},{"not_picked":["Cloak And Dagger+1","Choke+1","Prepared+1"],"picked":"SKIP","floor":24},{"not_picked":["Bane+1","After Image+1","Endless Agony"],"picked":"SKIP","floor":28},{"not_picked":["Flying Knee","Footwork+1","Dagger Throw"],"picked":"SKIP","floor":31},{"not_picked":["Dagger Throw","Outmaneuver+1","Slice"],"picked":"SKIP","floor":35},{"not_picked":["Underhanded Strike+1","Finisher+1"],"picked":"Grand Finale","floor":36},{"not_picked":["Violence+1","Jack Of All Trades+1"],"picked":"Apotheosis+1","floor":39},{"not_picked":["Mind Blast","Enlightenment+1"],"picked":"HandOfGreed","floor":39},{"not_picked":["Underhanded Strike+1","Calculated Gamble+1","Expertise+1"],"picked":"SKIP","floor":42},{"not_picked":["Flechettes+1","Leg Sweep+1","Slice"],"picked":"SKIP","floor":44},{"not_picked":["Cloak And Dagger+1","Dagger Throw+1","Blade Dance+1"],"picked":"SKIP","floor":46},{"not_picked":["Reflex+1","Distraction+1"],"picked":"Envenom+1","floor":47},{"not_picked":["Sucker Punch+1","Deadly Poison+1","Distraction+1"],"picked":"SKIP","floor":48}],"player_experience":253391,"relics_obtained":[{"floor":5,"key":"Frozen Egg 2"},{"floor":6,"key":"Paper Crane"},{"floor":8,"key":"Centennial Puzzle"},{"floor":9,"key":"Pen Nib"},{"floor":11,"key":"Omamori"},{"floor":14,"key":"Boot"},{"floor":19,"key":"Red Mask"},{"floor":22,"key":"Toxic Egg 2"},{"floor":24,"key":"Blood Vial"},{"floor":26,"key":"Snake Skull"},{"floor":30,"key":"Old Coin"},{"floor":30,"key":"Pantograph"},{"floor":36,"key":"Mango"},{"floor":42,"key":"Dodecahedron"},{"floor":47,"key":"Kunai"}],"event_choices":[{"damage_healed":0,"gold_gain":175,"player_choice":"AGREE","damage_taken":0,"max_hp_gain":0,"max_hp_loss":0,"event_name":"Liars Game","floor":2,"gold_loss":0,"cards_obtained":["Doubt"]},{"damage_healed":0,"gold_gain":0,"player_choice":"Fought Bandits","damage_taken":0,"max_hp_gain":0,"max_hp_loss":0,"event_name":"Masked Bandits","floor":19,"gold_loss":0},{"cards_removed":["Reflex"],"damage_healed":0,"gold_gain":0,"player_choice":"Gave Gold","damage_taken":0,"max_hp_gain":0,"max_hp_loss":0,"event_name":"Beggar","floor":21,"gold_loss":75},{"damage_healed":0,"gold_gain":0,"player_choice":"Fight","damage_taken":0,"max_hp_gain":0,"max_hp_loss":0,"event_name":"Colosseum","floor":30,"gold_loss":0},{"damage_healed":0,"gold_gain":0,"player_choice":"Fought Nobs","damage_taken":0,"max_hp_gain":0,"max_hp_loss":0,"event_name":"Colosseum","floor":30,"gold_loss":0},{"damage_healed":0,"gold_gain":0,"player_choice":"Fight","damage_taken":0,"max_hp_gain":0,"max_hp_loss":0,"event_name":"MindBloom","floor":36,"gold_loss":0},{"cards_removed":["Tools of the Trade"],"damage_healed":0,"gold_gain":0,"player_choice":"Removed Power","damage_taken":0,"max_hp_gain":0,"max_hp_loss":0,"event_name":"Falling","floor":38,"gold_loss":0},{"damage_healed":0,"gold_gain":0,"player_choice":"Memory 3","damage_taken":10,"max_hp_gain":0,"max_hp_loss":0,"event_name":"SensoryStone","floor":39,"gold_loss":0},{"damage_healed":0,"gold_gain":222,"player_choice":"Wore Mask","damage_taken":0,"max_hp_gain":0,"max_hp_loss":0,"event_name":"Tomb of Lord Red Mask","floor":41,"gold_loss":0},{"damage_healed":0,"gold_gain":0,"player_choice":"Max HP","damage_taken":0,"max_hp_gain":0,"max_hp_loss":4,"event_name":"Winding Halls","floor":45,"gold_loss":0}],"is_beta":false,"boss_relics":[{"not_picked":["Runic Pyramid","Astrolabe"],"picked":"Pandora\u0027s Box"},{"not_picked":["Lizard Tail","Calling Bell"],"picked":"White Beast Statue"}],"items_purged_floors":[3,13,27,29,37],"is_endless":false,"potions_floor_spawned":[1,6,11,16,19,30,33,35,36,42,44,46,47,48],"killed_by":"Time Eater","ascension_level":1}