{"gold_per_floor":[113,131,144,159,159,190,190,206,206,221,236,270,295,35,35,158,158,177,145,145,160,179,220,220,253,253,278,278],"floor_reached":28,"playtime":3028,"items_purged":[],"score":442,"play_id":"71b68866-718b-4ae2-98c7-b5a1da4c4fad","local_time":"20190421115918","is_ascension_mode":true,"campfire_choices":[{"floor":7,"key":"REST"},{"floor":15,"key":"REST"},{"floor":24,"key":"REST"}],"neow_cost":"NONE","seed_source_timestamp":426925336868424,"circlet_count":0,"master_deck":["AscendersBane","Strike_R","Strike_R","Strike_R","Strike_R","Strike_R","Defend_R","Defend_R","Defend_R","Defend_R","Bash","Armaments","Inflame","Pommel Strike","Pommel Strike","Feel No Pain","Burning Pact","Metallicize","True Grit","Offering","Limit Break","Disarm","Shockwave+1","Fire Breathing+1","Heavy Blade","Reaper"],"relics":["Burning Blood","Golden Idol","Ginger","Gambling Chip","Bird Faced Urn","Potion Belt","Snecko Eye","Shovel","Happy Flower","Dodecahedron"],"potions_floor_usage":[4,8,12,12,13,16,16,19,28,28],"damage_taken":[{"damage":4,"enemies":"2 Louse","floor":1,"turns":4},{"damage":16,"enemies":"Small Slimes","floor":2,"turns":4},{"damage":6,"enemies":"Cultist","floor":3,"turns":4},{"damage":14,"enemies":"Large Slime","floor":4,"turns":9},{"damage":40,"enemies":"3 Sentries","floor":6,"turns":9},{"damage":20,"enemies":"3 Louse","floor":8,"turns":4},{"damage":15,"enemies":"Lots of Slimes","floor":10,"turns":5},{"damage":11,"enemies":"2 Fungi Beasts","floor":11,"turns":5},{"damage":20,"enemies":"Gremlin Nob","floor":12,"turns":4},{"damage":7,"enemies":"3 Louse","floor":13,"turns":4},{"damage":21,"enemies":"The Guardian","floor":16,"turns":18},{"damage":37,"enemies":"Chosen","floor":18,"turns":10},{"damage":48,"enemies":"2 Thieves","floor":19,"turns":5},{"damage":8,"enemies":"Snecko","floor":21,"turns":5},{"damage":15,"enemies":"Snake Plant","floor":22,"turns":4},{"damage":56,"enemies":"Slavers","floor":23,"turns":7},{"damage":24,"enemies":"Book of Stabbing","floor":25,"turns":7},{"damage":6,"enemies":"Chosen and Byrds","floor":27,"turns":4},{"damage":53,"enemies":"Gremlin Leader","floor":28,"turns":7}],"seed_played":"7230507335287478928","potions_obtained":[{"floor":4,"key":"Fruit Juice"},{"floor":6,"key":"Regen Potion"},{"floor":8,"key":"PowerPotion"},{"floor":10,"key":"Fire Potion"},{"floor":12,"key":"Strength Potion"},{"floor":18,"key":"Regen Potion"},{"floor":23,"key":"Swift Potion"},{"floor":27,"key":"Poison Potion"}],"is_trial":false,"path_per_floor":["M","M","M","M","?","E","R","M","T","M","M","E","M","$","R","B",null,"M","M","?","M","M","E","R","E","T","M","E"],"character_chosen":"IRONCLAD","items_purchased":["Dexterity Potion","Dexterity Potion","Potion Belt"],"campfire_rested":3,"item_purchase_floors":[14,14,14],"current_hp_per_floor":[82,72,72,69,46,12,39,37,37,28,23,9,8,8,35,26,76,51,28,59,63,56,14,41,31,31,39,0],"gold":278,"neow_bonus":"TEN_PERCENT_HP_BONUS","is_prod":false,"is_daily":false,"chose_seed":false,"campfire_upgraded":0,"win_rate":0,"timestamp":1555873158,"path_taken":["M","M","M","M","?","E","R","M","T","M","M","E","M","$","R","BOSS","M","M","?","M","M","E","R","E","T","M","E"],"build_version":"2019-01-23","purchased_purges":0,"victory":false,"max_hp_per_floor":[88,88,88,93,93,93,93,93,93,93,93,93,93,93,93,93,93,93,93,93,93,93,93,93,93,93,93,93],"card_choices":[{"not_picked":["Flex","Heavy Blade"],"picked":"Armaments","floor":1},{"not_picked":["Flex","Headbutt"],"picked":"Inflame","floor":2},{"not_picked":["Second Wind","Flex"],"picked":"Pommel Strike","floor":3},{"not_picked":["Heavy Blade","Immolate"],"picked":"Pommel Strike","floor":4},{"not_picked":["Clothesline","Perfected Strike"],"picked":"Feel No Pain","floor":6},{"not_picked":["Armaments","Clothesline","Combust"],"picked":"SKIP","floor":8},{"not_picked":["Perfected Strike","Clash"],"picked":"Burning Pact","floor":10},{"not_picked":["Burning Pact","Shrug It Off"],"picked":"Metallicize","floor":11},{"not_picked":["Double Tap","Havoc"],"picked":"True Grit","floor":12},{"not_picked":["Havoc","Blood for Blood"],"picked":"Offering","floor":13},{"not_picked":["Double Tap","Immolate"],"picked":"Limit Break","floor":16},{"not_picked":["Clothesline","Anger"],"picked":"Disarm","floor":18},{"not_picked":["Warcry+1","Anger"],"picked":"Shockwave+1","floor":19},{"not_picked":["Pommel Strike","Body Slam","Clash"],"picked":"SKIP","floor":21},{"not_picked":["Pommel Strike","Headbutt"],"picked":"Fire Breathing+1","floor":22},{"not_picked":["Headbutt","Body Slam","Intimidate+1"],"picked":"SKIP","floor":23},{"not_picked":["Intimidate","Bloodletting+1"],"picked":"Heavy Blade","floor":25},{"not_picked":["Entrench","Armaments"],"picked":"Reaper","floor":27}],"player_experience":663438,"relics_obtained":[{"floor":6,"key":"Ginger"},{"floor":9,"key":"Gambling Chip"},{"floor":12,"key":"Bird Faced Urn"},{"floor":23,"key":"Shovel"},{"floor":25,"key":"Happy Flower"},{"floor":26,"key":"Dodecahedron"}],"event_choices":[{"damage_healed":0,"gold_gain":0,"player_choice":"Take Damage","damage_taken":23,"relics_obtained":["Golden Idol"],"max_hp_gain":0,"max_hp_loss":0,"event_name":"Golden Idol","floor":5,"gold_loss":0},{"damage_healed":31,"gold_gain":0,"player_choice":"Heal","damage_taken":0,"max_hp_gain":0,"max_hp_loss":0,"event_name":"The Library","floor":20,"gold_loss":0}],"is_beta":false,"boss_relics":[{"not_picked":["Calling Bell","Cursed Key"],"picked":"Snecko Eye"}],"items_purged_floors":[],"is_endless":false,"potions_floor_spawned":[4,6,8,10,12,18,23,27],"killed_by":"Gremlin Leader","ascension_level":12}