{"gold_per_floor":[110,110,285,304,159,190,190,200,200,212,231,246,246,275,275,378,378,397,413,413,438,448,473,473,554,577,201,76,103,103,117,117,217,217,235,590,272,292,117,117,117,117,117,117,133,60,60,60],"floor_reached":48,"playtime":4088,"items_purged":["Doubt","Strike_R","Strike_R","Strike_R","Strike_R"],"score":596,"play_id":"5ae65719-63f9-4375-bdff-7fd82bd951ba","local_time":"20190105205959","is_ascension_mode":true,"campfire_choices":[{"data":"Body Slam","floor":13.0,"key":"SMITH"},{"data":"Body Slam","floor":15.0,"key":"SMITH"},{"data":"Metallicize","floor":24,"key":"SMITH"},{"floor":32,"key":"REST"},{"data":"Secret Weapon","floor":40,"key":"SMITH"},{"floor":41,"key":"REST"},{"floor":42,"key":"RECALL"},{"floor":47,"key":"REST"}],"neow_cost":"NONE","seed_source_timestamp":87517513351235,"circlet_count":0,"master_deck":["Strike_R","Defend_R","Defend_R","Defend_R","Defend_R","Bash","Panacea+1","Body Slam+1","Shrug It Off","Body Slam+1","Shrug It Off","Flex","Feel No Pain","Flex","Exhume","Shrug It Off","RitualDagger","Body Slam+1","Dual Wield+1","Metallicize+1","Deep Breath","Headbutt+1","Juggernaut","Heavy Blade","Thunderclap","Secret Weapon+1","Flash of Steel","Chrysalis","Panache","Armaments+1","Evolve","Warcry+1"],"special_seed":0,"relics":["Burning Blood","Pocketwatch","Matryoshka","Oddly Smooth Stone","Gambling Chip","Torii","Philosopher\u0027s Stone","Red Mask","Art of War","Pen Nib","Blood Vial","Lee\u0027s Waffle","Potion Belt","WingedGreaves","White Beast Statue","Old Coin","Dream Catcher"],"potions_floor_usage":[18,21,23,23,36,36],"damage_taken":[{"damage":18.0,"enemies":"Jaw Worm","floor":1.0,"turns":4.0},{"damage":0.0,"enemies":"2 Louse","floor":4.0,"turns":4.0},{"damage":29.0,"enemies":"3 Sentries","floor":6.0,"turns":11.0},{"damage":0.0,"enemies":"Small Slimes","floor":8.0,"turns":4.0},{"damage":8.0,"enemies":"Red Slaver","floor":10.0,"turns":3.0},{"damage":0.0,"enemies":"2 Fungi Beasts","floor":11.0,"turns":4.0},{"damage":9.0,"enemies":"Large Slime","floor":12.0,"turns":6.0},{"damage":18.0,"enemies":"Gremlin Nob","floor":14.0,"turns":3.0},{"damage":22.0,"enemies":"The Guardian","floor":16.0,"turns":12.0},{"damage":30,"enemies":"2 Thieves","floor":18,"turns":4},{"damage":0,"enemies":"Chosen","floor":19,"turns":4},{"damage":38,"enemies":"Masked Bandits","floor":21,"turns":7},{"damage":21,"enemies":"Centurion and Healer","floor":22,"turns":9},{"damage":1,"enemies":"Book of Stabbing","floor":23,"turns":2},{"damage":76,"enemies":"Gremlin Leader","floor":29,"turns":9},{"damage":15,"enemies":"Snake Plant","floor":31,"turns":4},{"damage":41,"enemies":"Champ","floor":33,"turns":15},{"damage":30,"enemies":"3 Darklings","floor":35,"turns":7},{"damage":74,"enemies":"2 Orb Walkers","floor":36,"turns":5},{"damage":2,"enemies":"3 Shapes","floor":38,"turns":4},{"damage":24,"enemies":"Jaw Worm Horde","floor":45,"turns":4},{"damage":88,"enemies":"Giant Head","floor":48,"turns":6}],"seed_played":"-1730140724640824774","potions_obtained":[{"floor":1.0,"key":"SneckoOil"},{"floor":4.0,"key":"Fruit Juice"},{"floor":12.0,"key":"AttackPotion"},{"floor":16,"key":"SneckoOil"},{"floor":18,"key":"EssenceOfSteel"},{"floor":21,"key":"FearPotion"},{"floor":22,"key":"SteroidPotion"},{"floor":33,"key":"BloodPotion"},{"floor":35,"key":"EssenceOfSteel"},{"floor":36,"key":"LiquidBronze"},{"floor":38,"key":"LiquidBronze"},{"floor":45,"key":"LiquidBronze"}],"is_trial":false,"path_per_floor":["M","?","?","M","$","E","?","M","T","M","M","M","R","E","R","B",null,"M","M","?","?","M","E","R","T","T","$","$","E","T","M","R","B",null,"M","?","$","M","$","R","R","R","T","?","M","$","R","E"],"character_chosen":"IRONCLAD","items_purchased":["Body Slam","Shrug It Off","Lee\u0027s Waffle","Deep Breath","Secret Weapon","Evolve"],"campfire_rested":3,"item_purchase_floors":[5,5,27,27,37,46],"current_hp_per_floor":[68,50,50,56,56,38,38,44,44,42,48,45,45,33,33,17,85,61,67,61,29,14,19,19,19,19,92,92,22,22,15,42,9,92,68,11,11,17,17,17,44,44,44,34,18,18,45,0],"gold":60,"neow_bonus":"RANDOM_COLORLESS","is_prod":false,"is_daily":false,"chose_seed":false,"campfire_upgraded":4,"win_rate":0,"timestamp":1546747199,"path_taken":["M","?","?","M","$","E","?","M","T","M","M","?","R","E","R","BOSS","BOSS","M","M","?","?","M","E","R","?","T","?","$","E","?","M","R","BOSS","M","?","$","M","?","R","R","R","T","?","M","?","R","E"],"build_version":"2019-01-03v4","purchased_purges":5,"victory":false,"max_hp_per_floor":[80,80,80,80,80,85,85,85,85,85,85,85,85,85,85,85,85,85,85,85,85,85,85,85,85,85,92,92,92,92,92,92,92,92,92,92,92,92,92,92,92,92,92,92,92,92,92,92],"card_choices":[{"not_picked":["Rupture","Warcry"],"picked":"Body Slam","floor":1.0},{"not_picked":["Wild Strike","Iron Wave"],"picked":"Shrug It Off","floor":4.0},{"not_picked":["Sword Boomerang","Headbutt"],"picked":"Flex","floor":6.0},{"not_picked":["Sword Boomerang","Perfected Strike"],"picked":"Feel No Pain","floor":8.0},{"not_picked":["Brutality","Iron Wave"],"picked":"Flex","floor":10.0},{"not_picked":["Battle Trance","Bloodletting","Infernal Blade"],"picked":"SKIP","floor":11.0},{"not_picked":["Perfected Strike","Body Slam","Cleave"],"picked":"SKIP","floor":12.0},{"not_picked":["Seeing Red","Reckless Charge","Clash"],"picked":"SKIP","floor":14.0},{"not_picked":["Immolate","Double Tap"],"picked":"Exhume","floor":16},{"not_picked":["Anger","Flex+1"],"picked":"Shrug It Off","floor":18},{"not_picked":["Combust+1","Shrug It Off","Twin Strike"],"picked":"SKIP","floor":19},{"not_picked":["Wild Strike","Inflame"],"picked":"Body Slam+1","floor":21},{"not_picked":["Brutality","Armaments+1"],"picked":"Dual Wield+1","floor":22},{"not_picked":["Rampage","Intimidate+1"],"picked":"Metallicize","floor":23},{"not_picked":["Twin Strike+1","Wild Strike+1","Shrug It Off"],"picked":"SKIP","floor":29},{"not_picked":["Clash","Twin Strike"],"picked":"Headbutt+1","floor":31},{"not_picked":["Double Tap","Dark Embrace"],"picked":"Juggernaut","floor":33},{"not_picked":["True Grit+1","Anger+1"],"picked":"Heavy Blade","floor":35},{"not_picked":["Bloodletting+1","Clothesline+1"],"picked":"Thunderclap","floor":36},{"not_picked":["Wild Strike","Havoc+1","Clothesline"],"picked":"SKIP","floor":38},{"not_picked":["Wild Strike","Havoc+1","Clothesline"],"picked":"SKIP","floor":38},{"not_picked":["Forethought","Deep Breath"],"picked":"Flash of Steel","floor":44},{"not_picked":["Sadistic Nature","Finesse"],"picked":"Chrysalis","floor":44},{"not_picked":["Impatience","Dark Shackles"],"picked":"Panache","floor":44},{"not_picked":["Body Slam+1","Perfected Strike+1"],"picked":"Armaments+1","floor":45},{"not_picked":["Corruption+1","Reckless Charge"],"picked":"Warcry+1","floor":47}],"player_experience":262874,"relics_obtained":[{"floor":6.0,"key":"Matryoshka"},{"floor":9.0,"key":"Oddly Smooth Stone"},{"floor":9.0,"key":"Gambling Chip"},{"floor":14.0,"key":"Torii"},{"floor":21,"key":"Red Mask"},{"floor":23,"key":"Art of War"},{"floor":25,"key":"Pen Nib"},{"floor":26,"key":"Blood Vial"},{"floor":29,"key":"Potion Belt"},{"floor":30,"key":"WingedGreaves"},{"floor":36,"key":"Old Coin"},{"floor":43,"key":"Dream Catcher"}],"event_choices":[{"damage_healed":0.0,"max_hp_gain":0.0,"max_hp_loss":0.0,"gold_gain":0.0,"event_name":"Scrap Ooze","player_choice":"Success","floor":2.0,"gold_loss":0.0,"damage_taken":18.0,"relics_obtained":["Pocketwatch"]},{"damage_healed":0.0,"max_hp_gain":0.0,"max_hp_loss":0.0,"gold_gain":175.0,"event_name":"Liars Game","player_choice":"AGREE","floor":3.0,"gold_loss":0.0,"damage_taken":0.0,"cards_obtained":["Doubt"]},{"damage_healed":0.0,"max_hp_gain":0.0,"max_hp_loss":0.0,"gold_gain":0.0,"event_name":"Upgrade Shrine","player_choice":"Upgraded","floor":7.0,"gold_loss":0.0,"damage_taken":0.0,"cards_upgraded":["Panacea"]},{"damage_healed":0,"gold_gain":0,"player_choice":"Joined the Cult","damage_taken":6,"max_hp_gain":0,"max_hp_loss":0,"event_name":"Nest","floor":20,"gold_loss":0,"cards_obtained":["RitualDagger"]},{"damage_healed":0,"gold_gain":0,"player_choice":"Fought Bandits","damage_taken":0,"max_hp_gain":0,"max_hp_loss":0,"event_name":"Masked Bandits","floor":21,"gold_loss":0},{"damage_healed":0,"gold_gain":0,"player_choice":"Fight","damage_taken":0,"max_hp_gain":0,"max_hp_loss":0,"event_name":"Mysterious Sphere","floor":36,"gold_loss":0},{"damage_healed":0,"gold_gain":0,"player_choice":"Memory 3","damage_taken":10,"max_hp_gain":0,"max_hp_loss":0,"event_name":"SensoryStone","floor":44,"gold_loss":0}],"is_beta":false,"boss_relics":[{"not_picked":["Mark of Pain","Cursed Key"],"picked":"Philosopher\u0027s Stone"},{"not_picked":["Fusion Hammer","Sozu"],"picked":"White Beast Statue"}],"items_purged_floors":[5,27,28,37,39],"is_endless":false,"potions_floor_spawned":[1,4,12,16,18,21,22,33,35,36,38,45],"killed_by":"Giant Head","ascension_level":4}