{"gold_per_floor":[112,132,207,207,157,189,189,220,244,306,321,321,332,343,343,343],"floor_reached":16,"playtime":907,"items_purged":[],"score":198,"play_id":"af6bb2dd-c9fa-4a60-aa9f-5af6836db8e2","local_time":"20190812205718","is_ascension_mode":true,"campfire_choices":[{"floor":7,"key":"REST"},{"floor":15,"key":"REST"}],"neow_cost":"NONE","seed_source_timestamp":114012450605174,"circlet_count":0,"master_deck":["AscendersBane","Strike_R","Strike_R","Strike_R","Strike_R","Defend_R","Defend_R","Defend_R","Defend_R","Bash+1","Pommel Strike","Pommel Strike","Dropkick","Corruption","True Grit"],"relics":["Burning Blood","Boot","Turnip","Gambling Chip","Red Skull","Tiny Chest","Bottled Tornado"],"potions_floor_usage":[6,10,16],"damage_taken":[{"damage":0,"enemies":"Small Slimes","floor":1,"turns":3},{"damage":3,"enemies":"Jaw Worm","floor":2,"turns":4},{"damage":45,"enemies":"3 Sentries","floor":6,"turns":9},{"damage":24,"enemies":"Gremlin Nob","floor":8,"turns":4},{"damage":20,"enemies":"Lagavulin","floor":10,"turns":3},{"damage":0,"enemies":"2 Louse","floor":11,"turns":2},{"damage":15,"enemies":"Gremlin Gang","floor":13,"turns":5},{"damage":0,"enemies":"Large Slime","floor":14,"turns":2},{"damage":56,"enemies":"Slime Boss","floor":16,"turns":8}],"seed_played":"6557045373348407405","potions_obtained":[{"floor":1,"key":"Weak Potion"},{"floor":6,"key":"SkillPotion"},{"floor":13,"key":"Strength Potion"}],"is_trial":false,"path_per_floor":["M","M","?","?","?","E","R","E","T","E","M","T","M","M","R","B"],"character_chosen":"IRONCLAD","items_purchased":[],"campfire_rested":2,"item_purchase_floors":[],"current_hp_per_floor":[78,80,69,66,66,27,51,33,33,19,25,25,16,22,46,0],"gold":343,"neow_bonus":"UPGRADE_CARD","is_prod":false,"is_daily":false,"chose_seed":false,"campfire_upgraded":0,"win_rate":0,"timestamp":1565668638,"path_taken":["M","M","?","?","?","E","R","E","T","E","M","?","M","?","R","BOSS"],"build_version":"2019-07-17","purchased_purges":0,"victory":false,"max_hp_per_floor":[80,80,80,80,80,80,80,80,80,80,80,80,80,80,80,80],"card_choices":[{"not_picked":["Infernal Blade","Blood for Blood"],"picked":"Pommel Strike","floor":1},{"not_picked":["Flex","Cleave"],"picked":"Pommel Strike","floor":2},{"not_picked":["Seeing Red","Iron Wave"],"picked":"Dropkick","floor":6},{"not_picked":["Barricade","Infernal Blade","Searing Blow"],"picked":"SKIP","floor":8},{"not_picked":["Warcry","Twin Strike"],"picked":"Corruption","floor":10},{"not_picked":["Spot Weakness","Infernal Blade","Pommel Strike"],"picked":"SKIP","floor":11},{"not_picked":["Spot Weakness","Infernal Blade","Pommel Strike"],"picked":"SKIP","floor":11},{"not_picked":["Blood for Blood","Iron Wave"],"picked":"True Grit","floor":13},{"not_picked":["Warcry","Combust","Sever Soul"],"picked":"SKIP","floor":14}],"player_experience":704450,"relics_obtained":[{"floor":6,"key":"Turnip"},{"floor":8,"key":"Gambling Chip"},{"floor":9,"key":"Red Skull"},{"floor":10,"key":"Tiny Chest"},{"floor":12,"key":"Bottled Tornado"}],"event_choices":[{"damage_healed":0,"gold_gain":75,"player_choice":"Gather Gold","damage_taken":11,"max_hp_gain":0,"max_hp_loss":0,"event_name":"World of Goop","floor":3,"gold_loss":0},{"damage_healed":0,"gold_gain":0,"player_choice":"Success","damage_taken":3,"relics_obtained":["Boot"],"max_hp_gain":0,"max_hp_loss":0,"event_name":"Scrap Ooze","floor":4,"gold_loss":0},{"cards_removed":["Strike_R"],"damage_healed":0,"gold_gain":0,"player_choice":"Card Removal","damage_taken":0,"max_hp_gain":0,"max_hp_loss":0,"event_name":"The Cleric","floor":5,"gold_loss":50}],"is_beta":false,"boss_relics":[],"items_purged_floors":[],"is_endless":false,"potions_floor_spawned":[1,6,13],"killed_by":"Slime Boss","ascension_level":13}