{"gold_per_floor":[110,125,125,125,146,146,35,60,136,136,157,182,182,202,202,327,327,340,358,358,399,25,25,25,25],"floor_reached":25,"playtime":12234,"items_purged":["Strike_R","Strike_R"],"score":295,"play_id":"b5177e11-7667-4406-b5e8-d59b9d41ccf1","local_time":"20190303154153","is_ascension_mode":true,"campfire_choices":[{"data":"Searing Blow","floor":6,"key":"SMITH"},{"data":"Searing Blow+1","floor":10,"key":"SMITH"},{"data":"Whirlwind","floor":13,"key":"SMITH"},{"data":"Searing Blow+2","floor":15,"key":"SMITH"},{"data":"Searing Blow+3","floor":23,"key":"SMITH"}],"neow_cost":"NONE","seed_source_timestamp":150213917707909,"circlet_count":0,"master_deck":["Strike_R","Strike_R","Strike_R","Defend_R","Defend_R","Defend_R","Defend_R","Bash+1","Wild Strike","Clothesline","Searing Blow+4","Power Through","Double Tap","Whirlwind+1","Flame Barrier","Feed","Second Wind","Armaments","True Grit+1","Burning Pact","Ghostly","Ghostly","Ghostly","Ghostly","Ghostly"],"relics":["Burning Blood","Golden Idol","Shuriken","Coffee Dripper","Red Mask","Bottled Flame"],"potions_floor_usage":[16,16,16,25],"damage_taken":[{"damage":4,"enemies":"Jaw Worm","floor":1,"turns":4},{"damage":0,"enemies":"Small Slimes","floor":2,"turns":3},{"damage":1,"enemies":"2 Louse","floor":5,"turns":3},{"damage":9,"enemies":"Exordium Wildlife","floor":8,"turns":4},{"damage":5,"enemies":"2 Fungi Beasts","floor":11,"turns":3},{"damage":11,"enemies":"Looter","floor":12,"turns":2},{"damage":11,"enemies":"Large Slime","floor":14,"turns":5},{"damage":33,"enemies":"The Guardian","floor":16,"turns":9},{"damage":2,"enemies":"Chosen","floor":18,"turns":4},{"damage":12,"enemies":"Spheric Guardian","floor":19,"turns":4},{"damage":32,"enemies":"Masked Bandits","floor":21,"turns":6},{"damage":44,"enemies":"Book of Stabbing","floor":25,"turns":7}],"seed_played":"-293080717216243626","potions_obtained":[{"floor":2,"key":"Explosive Potion"},{"floor":8,"key":"Block Potion"},{"floor":11,"key":"Regen Potion"},{"floor":19,"key":"SpeedPotion"}],"is_trial":false,"path_per_floor":["M","M","?","?","M","R","$","M","T","R","M","M","R","M","R","B",null,"M","M","?","?","$","R","?","E"],"character_chosen":"IRONCLAD","items_purchased":["Power Through","Bottled Flame","Burning Pact"],"campfire_rested":0,"item_purchase_floors":[7,22,22],"current_hp_per_floor":[74,80,60,60,65,65,65,62,62,62,63,58,58,53,53,41,70,77,71,71,48,48,48,43,0],"gold":25,"neow_bonus":"UPGRADE_CARD","is_prod":false,"is_daily":false,"chose_seed":false,"campfire_upgraded":5,"win_rate":0,"timestamp":1551652913,"path_taken":["M","M","?","?","M","R","$","M","T","R","M","M","R","M","R","BOSS","M","M","?","?","?","R","?","E"],"build_version":"2019-01-23","purchased_purges":2,"victory":false,"max_hp_per_floor":[80,80,80,80,80,80,80,80,80,80,80,80,80,80,80,80,80,83,83,83,86,86,86,43,43],"card_choices":[{"not_picked":["Perfected Strike","Anger"],"picked":"Wild Strike","floor":1},{"not_picked":["Fire Breathing","Pommel Strike"],"picked":"Clothesline","floor":2},{"not_picked":["Evolve","Thunderclap"],"picked":"Searing Blow","floor":5},{"not_picked":["Rupture","True Grit"],"picked":"Double Tap","floor":8},{"not_picked":["Havoc","Sword Boomerang","Clothesline"],"picked":"SKIP","floor":11},{"not_picked":["Burning Pact","Headbutt"],"picked":"Whirlwind","floor":12},{"not_picked":["Warcry","Sword Boomerang"],"picked":"Flame Barrier","floor":14},{"not_picked":["Bludgeon","Limit Break"],"picked":"Feed","floor":16},{"not_picked":["Flame Barrier","Flex"],"picked":"Second Wind","floor":18},{"not_picked":["Rage","Infernal Blade+1","Entrench"],"picked":"SKIP","floor":19},{"not_picked":["Perfected Strike","Twin Strike"],"picked":"True Grit+1","floor":21}],"player_experience":464094,"relics_obtained":[{"floor":9,"key":"Shuriken"},{"floor":21,"key":"Red Mask"}],"event_choices":[{"damage_healed":0,"gold_gain":0,"player_choice":"Take Damage","damage_taken":20,"relics_obtained":["Golden Idol"],"max_hp_gain":0,"max_hp_loss":0,"event_name":"Golden Idol","floor":3,"gold_loss":0},{"damage_healed":0,"gold_gain":0,"player_choice":"Ignored","damage_taken":0,"max_hp_gain":0,"max_hp_loss":0,"event_name":"Liars Game","floor":4,"gold_loss":0},{"damage_healed":0,"gold_gain":0,"player_choice":"Read","damage_taken":0,"max_hp_gain":0,"max_hp_loss":0,"event_name":"The Library","floor":20,"gold_loss":0,"cards_obtained":["Armaments"]},{"damage_healed":0,"gold_gain":0,"player_choice":"Fought Bandits","damage_taken":0,"max_hp_gain":0,"max_hp_loss":0,"event_name":"Masked Bandits","floor":21,"gold_loss":0},{"damage_healed":0,"gold_gain":0,"player_choice":"Became a Ghost","damage_taken":0,"max_hp_gain":0,"max_hp_loss":43,"event_name":"Ghosts","floor":24,"gold_loss":0,"cards_obtained":["Ghostly","Ghostly","Ghostly","Ghostly","Ghostly"]}],"is_beta":false,"boss_relics":[{"not_picked":["Black Blood","Sozu"],"picked":"Coffee Dripper"}],"items_purged_floors":[7,22],"is_endless":false,"potions_floor_spawned":[2,8,11,19],"killed_by":"Book of Stabbing","ascension_level":8}