{"gold_per_floor":[113,130,55,66,66,99,99,126,149,149],"floor_reached":10,"playtime":545,"items_purged":["Normality"],"score":80,"play_id":"e67187d7-3881-4813-b864-a8366e7ff730","local_time":"20181221053057","is_ascension_mode":true,"campfire_choices":[{"data":"Bash","floor":7,"key":"SMITH"}],"neow_cost":"CURSE","seed_source_timestamp":158855062224590,"circlet_count":0,"master_deck":["Strike_R","Strike_R","Strike_R","Strike_R","Strike_R","Defend_R","Defend_R","Defend_R","Defend_R","Bash+1","True Grit","Warcry"],"relics":["Burning Blood","Peace Pipe","Happy Flower","Regal Pillow","Shuriken","Centennial Puzzle"],"potions_floor_usage":[6,6],"damage_taken":[{"damage":6,"enemies":"2 Louse","floor":1,"turns":3},{"damage":0,"enemies":"Small Slimes","floor":2,"turns":4},{"damage":2,"enemies":"Cultist","floor":4,"turns":4},{"damage":19,"enemies":"Lagavulin","floor":6,"turns":7},{"damage":37,"enemies":"Gremlin Nob","floor":8,"turns":6},{"damage":13,"enemies":"3 Sentries","floor":10,"turns":4}],"seed_played":"5106470630799376556","potions_obtained":[{"floor":1,"key":"SteroidPotion"},{"floor":4,"key":"Fire Potion"}],"is_trial":false,"path_per_floor":["M","M","$","M","?","E","R","E","T","E"],"character_chosen":"IRONCLAD","items_purchased":[],"campfire_rested":0,"item_purchase_floors":[],"current_hp_per_floor":[80,80,80,80,55,42,42,11,11,0],"gold":149,"neow_bonus":"ONE_RARE_RELIC","is_prod":false,"is_daily":false,"chose_seed":false,"campfire_upgraded":1,"win_rate":0,"timestamp":1545395457,"path_taken":["M","M","$","M","?","E","R","E","T","E"],"build_version":"2018-12-20","purchased_purges":1,"victory":false,"max_hp_per_floor":[80,80,80,80,80,80,80,80,80,80],"card_choices":[{"not_picked":["Thunderclap","Sever Soul"],"picked":"True Grit","floor":1},{"not_picked":["Flex","Clothesline","Intimidate"],"picked":"SKIP","floor":2},{"not_picked":["Havoc","Headbutt","Wild Strike"],"picked":"SKIP","floor":4},{"not_picked":["Power Through","True Grit","Bloodletting"],"picked":"SKIP","floor":6},{"not_picked":["Spot Weakness","Perfected Strike"],"picked":"Warcry","floor":8}],"player_experience":149395,"relics_obtained":[{"floor":6,"key":"Regal Pillow"},{"floor":8,"key":"Shuriken"},{"floor":9,"key":"Centennial Puzzle"}],"event_choices":[{"damage_healed":0,"gold_gain":0,"player_choice":"Success","damage_taken":25,"relics_obtained":["Happy Flower"],"max_hp_gain":0,"max_hp_loss":0,"event_name":"Scrap Ooze","floor":5,"gold_loss":0}],"is_beta":false,"boss_relics":[],"items_purged_floors":[3],"is_endless":false,"potions_floor_spawned":[1,4],"killed_by":"3 Sentries","ascension_level":1}