{"gold_per_floor":[113,130,130,145,145,178,178,209,234,234],"floor_reached":10,"playtime":496,"items_purged":[],"score":95,"play_id":"ba00fdd6-5899-4263-bf29-531bd92f40bf","local_time":"20190201202906","is_ascension_mode":true,"campfire_choices":[],"neow_cost":"NONE","seed_source_timestamp":405672800436208,"circlet_count":0,"master_deck":["Strike_R","Strike_R","Strike_R","Strike_R","Strike_R","Defend_R","Defend_R","Defend_R","Defend_R","Bash","Body Slam+1","Heavy Blade","Double Tap+1"],"relics":["Burning Blood","Blood Vial","Boot","Vajra","Toxic Egg 2","Orichalcum"],"potions_floor_usage":[6,10],"damage_taken":[{"damage":2,"enemies":"2 Louse","floor":1,"turns":3},{"damage":6,"enemies":"Cultist","floor":2,"turns":4},{"damage":7,"enemies":"Jaw Worm","floor":4,"turns":4},{"damage":40,"enemies":"Lagavulin","floor":6,"turns":7},{"damage":45,"enemies":"3 Sentries","floor":8,"turns":9},{"damage":15,"enemies":"Exordium Thugs","floor":10,"turns":4}],"seed_played":"-5443394584923275184","potions_obtained":[{"floor":1,"key":"SkillPotion"},{"floor":8,"key":"Weak Potion"}],"is_trial":false,"path_per_floor":["M","M","?","M","?","E","$","E","T","M"],"character_chosen":"IRONCLAD","items_purchased":[],"campfire_rested":0,"item_purchase_floors":[],"current_hp_per_floor":[80,80,80,79,76,44,44,7,7,0],"gold":234,"neow_bonus":"RANDOM_COMMON_RELIC","is_prod":false,"is_daily":false,"chose_seed":false,"campfire_upgraded":0,"win_rate":0,"timestamp":1549078146,"path_taken":["M","M","?","?","?","E","?","E","T","M"],"build_version":"2019-01-23","purchased_purges":0,"victory":false,"max_hp_per_floor":[80,80,80,80,80,80,80,80,80,80],"card_choices":[{"not_picked":["Corruption","Battle Trance","Sever Soul"],"picked":"SKIP","floor":1},{"not_picked":["Sentinel","Cleave"],"picked":"Body Slam","floor":2},{"not_picked":["Clothesline","Seeing Red","Body Slam"],"picked":"SKIP","floor":4},{"not_picked":["Wild Strike","Warcry"],"picked":"Heavy Blade","floor":6},{"not_picked":["Perfected Strike","Heavy Blade"],"picked":"Double Tap","floor":8}],"player_experience":355583,"relics_obtained":[{"floor":6,"key":"Vajra"},{"floor":8,"key":"Toxic Egg 2"},{"floor":9,"key":"Orichalcum"}],"event_choices":[{"damage_healed":0,"gold_gain":0,"player_choice":"Forge","damage_taken":0,"max_hp_gain":0,"max_hp_loss":0,"event_name":"Accursed Blacksmith","floor":3,"gold_loss":0,"cards_upgraded":["Body Slam"]},{"damage_healed":0,"gold_gain":0,"player_choice":"Success","damage_taken":3,"relics_obtained":["Boot"],"max_hp_gain":0,"max_hp_loss":0,"event_name":"Scrap Ooze","floor":5,"gold_loss":0}],"is_beta":false,"boss_relics":[],"items_purged_floors":[],"is_endless":false,"potions_floor_spawned":[1,8],"killed_by":"Exordium Thugs","ascension_level":5}