{"path_per_floor":["M","?","?","M","?","R","$","R","T","E","T","M","$","?","R","B",null,"M","M","?","?","$"],"character_chosen":"DEFECT","items_purchased":["Kunai","Matryoshka","Pen Nib"],"gold_per_floor":[366,316,316,331,506,506,13,13,13,44,69,87,12,12,12,116,116,136,148,148,148,0,0],"floor_reached":23,"campfire_rested":1,"playtime":627,"current_hp_per_floor":[61,61,61,61,61,61,61,61,61,41,41,41,41,27,62,40,61,39,34,34,34,34,0],"items_purged":["Doubt"],"gold":0,"score":241,"play_id":"3556a757-6c0c-4457-84d0-5a0514a01528","local_time":"20180515205921","is_prod":false,"is_daily":false,"chose_seed":false,"is_ascension_mode":true,"campfire_upgraded":2,"timestamp":1526410761,"path_taken":["M","?","?","M","?","R","$","R","T","E","?","M","?","?","R","BOSS","M","M","?","?","$","E"],"build_version":"2018-05-14v2","seed_source_timestamp":0,"purchased_purges":1,"victory":false,"master_deck":["Strike_B","Strike_B+1","Strike_B","Strike_B","Defend_B+1","Defend_B","Defend_B","Zap+1","Dualcast+1","Leap+1","Scrape+1"],"max_hp_per_floor":[68,68,68,68,68,68,68,68,68,68,68,68,68,68,68,68,68,68,68,68,68,68,68],"relics":["Cracked Core","Kunai","Matryoshka","Bronze Scales","Blue Candle","DataDisk","Regal Pillow","Juzu Bracelet","Snecko Eye","Pen Nib"],"card_choices":[{"not_picked":["Barrage","Chill"],"picked":"Leap","floor":1.0},{"not_picked":["Ball Lightning","Coolheaded"],"picked":"Scrape","floor":4.0},{"not_picked":["Rip and Tear","Echo Form","Heatsinks"],"picked":"SKIP","floor":10.0},{"not_picked":["Hologram","Capacitor","Static Discharge"],"picked":"SKIP","floor":12},{"not_picked":["Sweeping Beam+1","Cold Snap","Chaos"],"picked":"SKIP","floor":18},{"not_picked":["Axe Kick","Storm","Genetic Algorithm"],"picked":"SKIP","floor":19}],"player_experience":449670,"potions_floor_usage":[18],"damage_taken":[{"damage":7.0,"enemies":"Small Slimes","floor":1.0,"turns":3.0},{"damage":0.0,"enemies":"Cultist","floor":4.0,"turns":3.0},{"damage":20.0,"enemies":"Gremlin Nob","floor":10.0,"turns":4.0},{"damage":0,"enemies":"Jaw Worm","floor":12,"turns":2},{"damage":22,"enemies":"The Guardian","floor":16,"turns":9},{"damage":22,"enemies":"2 Thieves","floor":18,"turns":3},{"damage":5,"enemies":"Shell Parasite","floor":19,"turns":5},{"damage":45,"enemies":"Slavers","floor":23,"turns":3}],"relics_obtained":[{"floor":11,"key":"Regal Pillow"},{"floor":11,"key":"Juzu Bracelet"}],"event_choices":[{"event_name":"The Cleric","player_choice":"Card Removal","floor":2.0,"damage_taken":0.0},{"event_name":"Living Wall","player_choice":"Grow","floor":3.0,"damage_taken":0.0},{"event_name":"Liars Game","player_choice":"agreed","floor":5.0,"damage_taken":0.0},{"event_name":"Shining Light","player_choice":"Entered Light","floor":14,"damage_taken":0},{"event_name":"Upgrade Shrine","player_choice":"Upgraded","floor":20,"damage_taken":0},{"event_name":"Drug Dealer","player_choice":"Ignored","floor":21,"damage_taken":0}],"boss_relics":[{"not_picked":["Velvet Choker","Calling Bell"],"picked":"Snecko Eye"}],"potions_floor_spawned":[1,4,12],"seed_played":"3899551293838034917","killed_by":"Slavers","ascension_level":6,"potions_obtained":[{"floor":12,"key":"Block Potion"}],"is_trial":false}