{"gold_per_floor":[112,128,93,109,125,125,154,180,203,203,203,203,232,242,242,342,342,359,359,369,369,161,161,189,189,214,214,224,253,8,20,20,20],"floor_reached":33,"playtime":2404,"items_purged":[],"score":504,"play_id":"c02a0833-d38c-4a0d-9dec-9d350ff636e9","local_time":"20190403214126","is_ascension_mode":true,"campfire_choices":[{"data":"Armaments","floor":6,"key":"SMITH"},{"data":"Feed","floor":10,"key":"SMITH"},{"floor":12,"key":"REST"},{"floor":15,"key":"REST"},{"data":"RitualDagger","floor":23,"key":"SMITH"},{"floor":25,"key":"REST"},{"floor":27,"key":"REST"},{"floor":32,"key":"REST"}],"neow_cost":"PERCENT_DAMAGE","seed_source_timestamp":304075625506414,"circlet_count":0,"master_deck":["AscendersBane","Strike_R","Strike_R","Strike_R+1","Strike_R","Strike_R","Defend_R","Defend_R","Defend_R","Defend_R","Bash","Feed+1","Shrug It Off","Burning Pact","Armaments+1","Inflame","Shockwave+1","Clothesline","Offering","Entrench","Berserk","Entrench+1","RitualDagger+1","Hemokinesis+1","Thunderclap+1","Armaments","Shrug It Off","Panacea"],"relics":["Burning Blood","Odd Mushroom","PreservedInsect","Bronze Scales","Happy Flower","Runic Cube","Enchiridion","Medical Kit","Lantern","Omamori","Art of War","Membership Card"],"potions_floor_usage":[5,7,8,14,33,33],"damage_taken":[{"damage":8,"enemies":"2 Louse","floor":1,"turns":4},{"damage":0,"enemies":"Small Slimes","floor":2,"turns":3},{"damage":7,"enemies":"Jaw Worm","floor":4,"turns":5},{"damage":9,"enemies":"Looter","floor":5,"turns":3},{"damage":22,"enemies":"The Mushroom Lair","floor":7,"turns":5},{"damage":44,"enemies":"3 Sentries","floor":8,"turns":8},{"damage":17,"enemies":"Gremlin Nob","floor":13,"turns":4},{"damage":13,"enemies":"Lots of Slimes","floor":14,"turns":2},{"damage":62,"enemies":"Hexaghost","floor":16,"turns":11},{"damage":22,"enemies":"2 Thieves","floor":18,"turns":5},{"damage":16,"enemies":"3 Byrds","floor":20,"turns":4},{"damage":43,"enemies":"Slavers","floor":24,"turns":3},{"damage":41,"enemies":"Sentry and Sphere","floor":28,"turns":8},{"damage":34,"enemies":"Book of Stabbing","floor":29,"turns":4},{"damage":8,"enemies":"Cultist and Chosen","floor":31,"turns":6},{"damage":62,"enemies":"Champ","floor":33,"turns":9}],"seed_played":"7230318189223837404","potions_obtained":[{"floor":2,"key":"Poison Potion"},{"floor":4,"key":"SteroidPotion"},{"floor":5,"key":"Explosive Potion"},{"floor":13,"key":"Swift Potion"},{"floor":28,"key":"EssenceOfSteel"},{"floor":29,"key":"GamblersBrew"},{"floor":31,"key":"GamblersBrew"}],"is_trial":false,"path_per_floor":["M","M","?","M","M","R","?","E","T","R","?","R","E","M","R","B",null,"M","?","M","?","$","R","E","R","T","R","M","E","$","M","R","B"],"character_chosen":"IRONCLAD","items_purchased":["Medical Kit","Membership Card","Panacea"],"campfire_rested":5,"item_purchase_floors":[22,30,30],"current_hp_per_floor":[52,61,82,84,85,85,72,38,38,38,18,48,41,38,70,18,89,77,71,61,45,45,45,12,48,48,84,53,25,25,23,60,0],"gold":20,"neow_bonus":"THREE_RARE_CARDS","is_prod":false,"is_daily":false,"chose_seed":false,"campfire_upgraded":3,"win_rate":0,"timestamp":1554352886,"path_taken":["M","M","?","M","M","R","?","E","T","R","?","R","E","M","R","BOSS","M","?","M","?","$","R","E","R","T","R","M","E","$","M","R","BOSS"],"build_version":"2019-01-23","purchased_purges":0,"victory":false,"max_hp_per_floor":[83,86,86,89,93,93,96,100,100,100,100,100,104,108,108,112,112,116,116,116,116,116,116,120,120,120,120,124,124,124,124,124,124],"card_choices":[{"not_picked":["Dark Embrace","Barricade"],"picked":"Feed","floor":0},{"not_picked":["Twin Strike","Heavy Blade"],"picked":"Shrug It Off","floor":1},{"not_picked":["Warcry","Twin Strike"],"picked":"Burning Pact","floor":2},{"not_picked":["Thunderclap","Warcry"],"picked":"Armaments","floor":4},{"not_picked":["Body Slam","Iron Wave"],"picked":"Inflame","floor":5},{"not_picked":["Sword Boomerang","Sentinel"],"picked":"Shockwave","floor":7},{"not_picked":["Fire Breathing","Reckless Charge"],"picked":"Clothesline","floor":8},{"not_picked":["Warcry","Anger"],"picked":"Offering","floor":13},{"not_picked":["Anger","Dropkick"],"picked":"Entrench","floor":14},{"not_picked":["Bludgeon","Reaper"],"picked":"Berserk","floor":16},{"not_picked":["Body Slam","Fire Breathing"],"picked":"Entrench+1","floor":18},{"not_picked":["Flex","Perfected Strike"],"picked":"Hemokinesis+1","floor":20},{"not_picked":["Heavy Blade","Pommel Strike"],"picked":"Thunderclap+1","floor":24},{"not_picked":["Flex+1","Perfected Strike"],"picked":"Armaments","floor":28},{"not_picked":["Wild Strike","Headbutt"],"picked":"Shrug It Off","floor":29},{"not_picked":["Searing Blow","Rage","Havoc+1"],"picked":"SKIP","floor":31}],"player_experience":593812,"relics_obtained":[{"floor":7,"key":"Odd Mushroom"},{"floor":8,"key":"PreservedInsect"},{"floor":9,"key":"Bronze Scales"},{"floor":13,"key":"Happy Flower"},{"floor":21,"key":"Enchiridion"},{"floor":24,"key":"Lantern"},{"floor":26,"key":"Omamori"},{"floor":29,"key":"Art of War"}],"event_choices":[{"damage_healed":21,"gold_gain":0,"player_choice":"Healed","damage_taken":0,"max_hp_gain":0,"max_hp_loss":0,"event_name":"The Cleric","floor":3,"gold_loss":35},{"damage_healed":0,"gold_gain":0,"player_choice":"Fought Mushrooms","damage_taken":0,"max_hp_gain":0,"max_hp_loss":0,"event_name":"Mushrooms","floor":7,"gold_loss":0},{"damage_healed":0,"gold_gain":0,"player_choice":"Entered Light","damage_taken":20,"max_hp_gain":0,"max_hp_loss":0,"event_name":"Shining Light","floor":11,"gold_loss":0,"cards_upgraded":["Shockwave","Strike_R"]},{"damage_healed":0,"gold_gain":0,"player_choice":"Joined the Cult","damage_taken":6,"max_hp_gain":0,"max_hp_loss":0,"event_name":"Nest","floor":19,"gold_loss":0,"cards_obtained":["RitualDagger"]},{"damage_healed":0,"gold_gain":0,"player_choice":"Obtained Book","damage_taken":16,"max_hp_gain":0,"max_hp_loss":0,"event_name":"Cursed Tome","floor":21,"gold_loss":0}],"is_beta":false,"boss_relics":[{"not_picked":["Calling Bell","Coffee Dripper"],"picked":"Runic Cube"}],"items_purged_floors":[],"is_endless":false,"potions_floor_spawned":[2,4,5,13,28,29,31],"killed_by":"Champ","ascension_level":11}