{"gold_per_floor":[113,133,6,6,25,59,59,92,92,92,41,56,90,111,111,208,208,228,303,317,330,230,230,261,261,261,261,6,22,22,22,22,118,118,133,145,155,174,49,49],"floor_reached":40,"playtime":3230,"items_purged":["Decay","Defend_R","Bite"],"score":619,"play_id":"c83587ca-d5dd-48b3-9482-c9e8cfbfb7eb","local_time":"20190303020036","is_ascension_mode":true,"campfire_choices":[{"data":"Fiend Fire","floor":7,"key":"SMITH"},{"floor":10,"key":"REST"},{"data":"Rage","floor":15,"key":"SMITH"},{"floor":23,"key":"REST"},{"floor":27,"key":"REST"},{"floor":32,"key":"REST"}],"neow_cost":"CURSE","seed_source_timestamp":109955124338490,"circlet_count":0,"master_deck":["Defend_R+1","Defend_R+1","Defend_R+1","Bash","Fiend Fire+1","True Grit","Pommel Strike","Disarm","Rage+1","Pommel Strike","Brutality","Feed","Rampage+1","Bite","Bite","Bite","Bite","Blood for Blood+1"],"relics":["Black Blood","Pantograph","Singing Bowl","Shuriken","Happy Flower","Odd Mushroom","Sozu","Dodecahedron","Matryoshka","Meat on the Bone"],"potions_floor_usage":[6,6,13,13,13,24],"damage_taken":[{"damage":0,"enemies":"2 Louse","floor":1,"turns":2},{"damage":3,"enemies":"Cultist","floor":2,"turns":3},{"damage":0,"enemies":"Small Slimes","floor":5,"turns":2},{"damage":27,"enemies":"Gremlin Nob","floor":6,"turns":5},{"damage":36,"enemies":"Lagavulin","floor":8,"turns":6},{"damage":5,"enemies":"2 Fungi Beasts","floor":12,"turns":3},{"damage":16,"enemies":"3 Sentries","floor":13,"turns":7},{"damage":32,"enemies":"The Mushroom Lair","floor":14,"turns":5},{"damage":22,"enemies":"Hexaghost","floor":16,"turns":7},{"damage":9,"enemies":"Chosen","floor":18,"turns":4},{"damage":30,"enemies":"3 Byrds","floor":20,"turns":6},{"damage":18,"enemies":"Cultist and Chosen","floor":21,"turns":5},{"damage":60,"enemies":"Slavers","floor":24,"turns":6},{"damage":46,"enemies":"3 Cultists","floor":29,"turns":6},{"damage":70,"enemies":"Automaton","floor":33,"turns":9},{"damage":61,"enemies":"3 Darklings","floor":35,"turns":19},{"damage":45,"enemies":"3 Shapes","floor":36,"turns":4},{"damage":26,"enemies":"Jaw Worm Horde","floor":37,"turns":5},{"damage":73,"enemies":"4 Shapes","floor":38,"turns":6},{"damage":69,"enemies":"Giant Head","floor":40,"turns":6}],"seed_played":"9021992443536474887","potions_obtained":[{"floor":4,"key":"LiquidBronze"},{"floor":4,"key":"Block Potion"},{"floor":4,"key":"SkillPotion"},{"floor":6,"key":"Explosive Potion"},{"floor":12,"key":"Regen Potion"},{"floor":14,"key":"Ancient Potion"}],"is_trial":false,"path_per_floor":["M","M","$","?","M","E","R","E","T","R","$","M","E","?","R","B",null,"M","?","M","M","$","R","E","?","T","R","$","M","?","?","R","B",null,"M","M","M","M","$","E"],"character_chosen":"IRONCLAD","items_purchased":["Pommel Strike","Block Potion","Meat on the Bone"],"campfire_rested":4,"item_purchase_floors":[3,11,28],"current_hp_per_floor":[78,80,80,80,80,59,59,29,29,53,53,56,61,35,35,44,73,75,67,48,39,39,67,18,18,18,48,48,25,25,25,46,31,64,77,60,67,35,35,0],"gold":49,"neow_bonus":"THREE_RARE_CARDS","is_prod":false,"is_daily":false,"chose_seed":false,"campfire_upgraded":2,"win_rate":0,"timestamp":1551603636,"path_taken":["M","M","$","?","?","E","R","E","T","R","$","M","E","?","R","BOSS","M","?","?","M","$","R","E","?","T","R","$","M","?","?","R","BOSS","M","M","M","M","$","E"],"build_version":"2019-01-23","purchased_purges":3,"victory":false,"max_hp_per_floor":[80,80,80,80,80,80,80,80,80,80,80,82,82,82,82,82,82,87,87,92,95,95,95,100,100,100,100,100,105,105,73,73,75,75,77,77,82,87,87,87],"card_choices":[{"not_picked":["Impervious","Demon Form"],"picked":"Fiend Fire","floor":0},{"not_picked":["Warcry","Iron Wave","Perfected Strike"],"picked":"SKIP","floor":1},{"not_picked":["Twin Strike","Shrug It Off"],"picked":"True Grit","floor":2},{"not_picked":["Anger","Shrug It Off"],"picked":"Disarm","floor":5},{"not_picked":["Clash","Flame Barrier","Bloodletting"],"picked":"SKIP","floor":6},{"not_picked":["Immolate","Perfected Strike"],"picked":"Rage","floor":8},{"not_picked":["Armaments","Carnage","Shockwave"],"picked":"Singing Bowl","floor":12},{"not_picked":["Sever Soul","Body Slam"],"picked":"Pommel Strike","floor":13},{"not_picked":["Perfected Strike","Armaments"],"picked":"Brutality","floor":14},{"not_picked":["Offering","Dark Embrace"],"picked":"Feed","floor":16},{"not_picked":["Metallicize+1","Warcry","Shockwave"],"picked":"Singing Bowl","floor":18},{"not_picked":["Thunderclap","Intimidate","Fire Breathing"],"picked":"Singing Bowl","floor":20},{"not_picked":["Sword Boomerang","Clash"],"picked":"Rampage+1","floor":21},{"not_picked":["Twin Strike","Rage","Entrench"],"picked":"Singing Bowl","floor":24},{"not_picked":["Pommel Strike","Clothesline","Body Slam"],"picked":"Singing Bowl","floor":29},{"not_picked":["Reaper","Demon Form","Feed"],"picked":"Singing Bowl","floor":33},{"not_picked":["Searing Blow+1","Burning Pact+1","Battle Trance"],"picked":"Singing Bowl","floor":35},{"not_picked":["Body Slam+1","Evolve"],"picked":"Blood for Blood+1","floor":36},{"not_picked":["True Grit","Corruption+1","Battle Trance+1"],"picked":"Singing Bowl","floor":37},{"not_picked":["Body Slam+1","Wild Strike+1","Thunderclap+1"],"picked":"Singing Bowl","floor":38}],"player_experience":454525,"relics_obtained":[{"floor":6,"key":"Pantograph"},{"floor":8,"key":"Singing Bowl"},{"floor":9,"key":"Shuriken"},{"floor":13,"key":"Happy Flower"},{"floor":14,"key":"Odd Mushroom"},{"floor":24,"key":"Dodecahedron"},{"floor":26,"key":"Matryoshka"}],"event_choices":[{"damage_healed":0,"gold_gain":0,"player_choice":"Got Potions","damage_taken":0,"max_hp_gain":0,"max_hp_loss":0,"event_name":"Lab","floor":4,"gold_loss":0},{"damage_healed":0,"gold_gain":0,"player_choice":"Fought Mushrooms","damage_taken":0,"max_hp_gain":0,"max_hp_loss":0,"event_name":"Mushrooms","floor":14,"gold_loss":0},{"damage_healed":0,"gold_gain":75,"player_choice":"Touch","damage_taken":8,"max_hp_gain":0,"max_hp_loss":0,"event_name":"FaceTrader","floor":19,"gold_loss":0},{"damage_healed":0,"gold_gain":0,"player_choice":"Simplicity","damage_taken":0,"max_hp_gain":0,"max_hp_loss":0,"event_name":"Back to Basics","floor":25,"gold_loss":0,"cards_upgraded":["Strike_R","Strike_R","Strike_R","Strike_R","Strike_R","Defend_R","Defend_R","Defend_R"]},{"damage_healed":0,"gold_gain":0,"player_choice":"Ignored","damage_taken":0,"max_hp_gain":0,"max_hp_loss":0,"event_name":"Beggar","floor":30,"gold_loss":0},{"damage_healed":0,"gold_gain":0,"player_choice":"Became a vampire","damage_taken":0,"max_hp_gain":0,"max_hp_loss":32,"event_name":"Vampires","floor":31,"gold_loss":0,"cards_obtained":["Bite","Bite","Bite","Bite","Bite"]}],"is_beta":false,"boss_relics":[{"not_picked":["Calling Bell","Tiny House"],"picked":"Sozu"},{"not_picked":["Fusion Hammer","Lizard Tail"],"picked":"Black Blood"}],"items_purged_floors":[3,22,39],"is_endless":false,"potions_floor_spawned":[6,12,14,24,35,36],"killed_by":"Giant Head","ascension_level":8}