{"gold_per_floor":[115,115,115,4,15,15,29,88,158,158,158,158,176,207,207,311,311,322,371,294,311,311],"floor_reached":22,"playtime":1293,"items_purged":["Strike_R"],"score":298,"play_id":"0b445268-bcbb-486f-b11e-399041577123","local_time":"20190402085416","is_ascension_mode":true,"campfire_choices":[{"data":"Immolate","floor":6,"key":"SMITH"},{"data":"Bash","floor":12,"key":"SMITH"},{"data":"Pommel Strike","floor":15,"key":"SMITH"}],"neow_cost":"TEN_PERCENT_HP_LOSS","seed_source_timestamp":172749825819058,"circlet_count":0,"master_deck":["AscendersBane","Strike_R","Strike_R","Strike_R","Strike_R","Defend_R+1","Defend_R","Defend_R","Bash+1","Immolate+1","Pommel Strike+1","Thunderclap","Corruption","Ghostly Armor","Iron Wave","Shrug It Off+1","Feed","Shrug It Off","Barricade","Shrug It Off","Body Slam","Flex","True Grit+1"],"relics":["Burning Blood","Omamori","Tiny Chest","Singing Bowl","War Paint","Runic Pyramid"],"potions_floor_usage":[14,21,22],"damage_taken":[{"damage":4,"enemies":"Jaw Worm","floor":1,"turns":4},{"damage":10,"enemies":"Small Slimes","floor":5,"turns":2},{"damage":0,"enemies":"Cultist","floor":7,"turns":2},{"damage":25,"enemies":"3 Sentries","floor":8,"turns":6},{"damage":8,"enemies":"Blue Slaver","floor":13,"turns":3},{"damage":24,"enemies":"Gremlin Nob","floor":14,"turns":4},{"damage":25,"enemies":"Slime Boss","floor":16,"turns":10},{"damage":25,"enemies":"Chosen","floor":18,"turns":7},{"damage":40,"enemies":"2 Thieves","floor":21,"turns":5},{"damage":28,"enemies":"Shelled Parasite and Fungi","floor":22,"turns":4}],"seed_played":"7435399841627909887","potions_obtained":[{"floor":5,"key":"Weak Potion"},{"floor":13,"key":"Swift Potion"},{"floor":16,"key":"BloodPotion"}],"is_trial":false,"path_per_floor":["M","?","?","$","M","R","M","E","T","?","$","R","M","E","R","B",null,"M","T","$","M","M"],"character_chosen":"IRONCLAD","items_purchased":["Corruption","Body Slam","Flex"],"campfire_rested":0,"item_purchase_floors":[4,20,20],"current_hp_per_floor":[72,60,60,60,56,56,62,43,43,67,67,67,65,47,47,31,64,48,48,48,24,0],"gold":311,"neow_bonus":"THREE_RARE_CARDS","is_prod":false,"is_daily":false,"chose_seed":false,"campfire_upgraded":3,"win_rate":0,"timestamp":1554220456,"path_taken":["M","?","?","$","M","R","?","E","T","?","?","R","M","E","R","BOSS","M","?","$","?","M"],"build_version":"2019-01-23","purchased_purges":1,"victory":false,"max_hp_per_floor":[72,72,72,72,72,72,72,72,72,72,72,72,72,72,72,75,75,78,78,78,81,84],"card_choices":[{"not_picked":["Barricade","Dark Embrace"],"picked":"Immolate","floor":0},{"not_picked":["Power Through","Anger"],"picked":"Pommel Strike","floor":1},{"not_picked":["Spot Weakness","Rupture"],"picked":"Ghostly Armor","floor":5},{"not_picked":["Havoc","Spot Weakness"],"picked":"Iron Wave","floor":7},{"not_picked":["Uppercut","Sword Boomerang"],"picked":"Shrug It Off","floor":8},{"not_picked":["Rupture","Heavy Blade"],"picked":"Feed","floor":13},{"not_picked":["Heavy Blade","Fiend Fire"],"picked":"Shrug It Off","floor":14},{"not_picked":["Offering","Feed"],"picked":"Barricade","floor":16},{"not_picked":["Cleave+1","Reckless Charge+1"],"picked":"Shrug It Off","floor":18},{"not_picked":["Corruption","Sword Boomerang"],"picked":"True Grit+1","floor":21}],"player_experience":557939,"relics_obtained":[{"floor":8,"key":"Tiny Chest"},{"floor":9,"key":"Singing Bowl"},{"floor":14,"key":"War Paint"}],"event_choices":[{"damage_healed":0,"gold_gain":0,"player_choice":"Success","damage_taken":12,"relics_obtained":["Omamori"],"max_hp_gain":0,"max_hp_loss":0,"event_name":"Scrap Ooze","floor":2,"gold_loss":0},{"damage_healed":0,"gold_gain":0,"cards_transformed":["Defend_R"],"player_choice":"Transformed","damage_taken":0,"max_hp_gain":0,"max_hp_loss":0,"event_name":"Transmorgrifier","floor":3,"gold_loss":0,"cards_obtained":["Thunderclap"]},{"damage_healed":24,"gold_gain":0,"player_choice":"Banana","damage_taken":0,"max_hp_gain":0,"max_hp_loss":0,"event_name":"Big Fish","floor":10,"gold_loss":0}],"is_beta":false,"boss_relics":[{"not_picked":["Black Star","Coffee Dripper"],"picked":"Runic Pyramid"}],"items_purged_floors":[4],"is_endless":false,"potions_floor_spawned":[5,13,16],"killed_by":"Shelled Parasite and Fungi","ascension_level":11}