{"gold_per_floor":[110,128,128,128,141,141,173,173,219,252,269,269,269,285,285,389,389,402,402,3,17,28,28,28],"floor_reached":24,"playtime":1667,"items_purged":[],"score":330,"play_id":"261e3875-cbc3-4d6e-9df7-a1c3a0097737","local_time":"20190627182409","is_ascension_mode":true,"campfire_choices":[{"data":"Bash","floor":6,"key":"SMITH"},{"floor":8,"key":"REST"},{"floor":13,"key":"REST"},{"floor":15,"key":"REST"},{"floor":23,"key":"REST"}],"neow_cost":"NONE","seed_source_timestamp":1338153069279140,"circlet_count":0,"master_deck":["AscendersBane","Strike_R+1","Strike_R","Strike_R","Strike_R","Strike_R","Defend_R","Defend_R","Defend_R","Defend_R","Bash+1","Fire Breathing","Iron Wave+1","Clothesline","Inflame","Warcry","Rampage","Fiend Fire","Headbutt","Fiend Fire","Disarm","Feel No Pain","Dual Wield"],"relics":["Black Star","Darkstone Periapt","Paper Frog","Bottled Tornado","Bag of Preparation","Anchor","StoneCalendar","Blue Candle","Velvet Choker","Sundial"],"potions_floor_usage":[14,14,21],"damage_taken":[{"damage":0,"enemies":"Small Slimes","floor":1,"turns":3},{"damage":18,"enemies":"Jaw Worm","floor":2,"turns":4},{"damage":0,"enemies":"Cultist","floor":5,"turns":3},{"damage":17,"enemies":"Gremlin Nob","floor":7,"turns":4},{"damage":26,"enemies":"3 Sentries","floor":10,"turns":6},{"damage":11,"enemies":"3 Louse","floor":11,"turns":4},{"damage":8,"enemies":"Lots of Slimes","floor":14,"turns":5},{"damage":33,"enemies":"The Guardian","floor":16,"turns":8},{"damage":4,"enemies":"Spheric Guardian","floor":18,"turns":3},{"damage":14,"enemies":"3 Byrds","floor":21,"turns":6},{"damage":29,"enemies":"3 Cultists","floor":22,"turns":7},{"damage":44,"enemies":"Sentry and Sphere","floor":24,"turns":5}],"seed_played":"5594466490242541438","potions_obtained":[{"floor":1,"key":"Swift Potion"},{"floor":11,"key":"EssenceOfSteel"},{"floor":14,"key":"Energy Potion"},{"floor":18,"key":"EssenceOfSteel"},{"floor":21,"key":"Dexterity Potion"}],"is_trial":false,"path_per_floor":["M","M","?","T","M","R","E","R","T","E","M","?","R","M","R","B",null,"M","?","$","M","M","R","M"],"character_chosen":"IRONCLAD","items_purchased":["Sundial","Disarm","Feel No Pain"],"campfire_rested":4,"item_purchase_floors":[20,20,20],"current_hp_per_floor":[72,54,38,38,38,38,21,45,45,19,8,8,32,24,48,15,64,60,60,60,46,17,41,0],"gold":28,"neow_bonus":"BOSS_RELIC","is_prod":false,"is_daily":false,"chose_seed":false,"campfire_upgraded":1,"win_rate":0,"timestamp":1561685049,"path_taken":["M","M","?","?","M","R","E","R","T","E","M","?","R","M","R","BOSS","M","?","$","M","?","R","M"],"build_version":"2019-01-23","purchased_purges":0,"victory":false,"max_hp_per_floor":[80,80,80,80,80,80,80,80,80,80,80,80,80,80,80,80,80,80,80,80,80,80,80,80],"card_choices":[{"not_picked":["Dual Wield","Perfected Strike"],"picked":"Fire Breathing","floor":1},{"not_picked":["Headbutt","Searing Blow"],"picked":"Iron Wave","floor":2},{"not_picked":["Inflame","Carnage"],"picked":"Clothesline","floor":5},{"not_picked":["Battle Trance","Pummel"],"picked":"Inflame","floor":7},{"not_picked":["Clash","Iron Wave"],"picked":"Warcry","floor":10},{"not_picked":["Anger","Cleave","Inflame"],"picked":"SKIP","floor":11},{"not_picked":["Shockwave","Rage"],"picked":"Rampage","floor":14},{"not_picked":["Reaper","Feed"],"picked":"Fiend Fire","floor":16},{"not_picked":["Sever Soul","Heavy Blade"],"picked":"Headbutt","floor":18},{"not_picked":["Twin Strike","Sword Boomerang","Brutality"],"picked":"SKIP","floor":21},{"not_picked":["Second Wind","Sword Boomerang"],"picked":"Dual Wield","floor":22}],"player_experience":683364,"relics_obtained":[{"floor":4,"key":"Darkstone Periapt"},{"floor":7,"key":"Paper Frog"},{"floor":7,"key":"Bottled Tornado"},{"floor":9,"key":"Bag of Preparation"},{"floor":10,"key":"Anchor"},{"floor":10,"key":"StoneCalendar"}],"event_choices":[{"damage_healed":0,"gold_gain":0,"player_choice":"Entered Light","damage_taken":16,"max_hp_gain":0,"max_hp_loss":0,"event_name":"Shining Light","floor":3,"gold_loss":0,"cards_upgraded":["Iron Wave","Strike_R"]},{"damage_healed":0,"gold_gain":0,"player_choice":"Searched \u00271\u0027 times","damage_taken":0,"relics_obtained":["Blue Candle"],"max_hp_gain":0,"max_hp_loss":0,"event_name":"Dead Adventurer","floor":12,"gold_loss":0},{"damage_healed":0,"gold_gain":0,"player_choice":"Copied","damage_taken":0,"max_hp_gain":0,"max_hp_loss":0,"event_name":"Duplicator","floor":19,"gold_loss":0,"cards_obtained":["Fiend Fire"]}],"is_beta":false,"boss_relics":[{"not_picked":["Ectoplasm","Philosopher\u0027s Stone"],"picked":"Velvet Choker"}],"items_purged_floors":[],"is_endless":false,"potions_floor_spawned":[1,11,14,18,21],"killed_by":"Sentry and Sphere","ascension_level":12}