{"gold_per_floor":[113,188,208,222,172,172,198,198,198,231,231,231,231,252,252,376,376,395,310,310,38,54,54,94,113,160,174,189,189],"floor_reached":29,"playtime":1272,"items_purged":["Strike_R"],"score":253,"play_id":"a5fa448e-9c85-40b2-8651-ecfc57683bbc","local_time":"20190127135310","is_ascension_mode":false,"campfire_choices":[{"data":"Uppercut","floor":6,"key":"SMITH"},{"data":"True Grit","floor":8,"key":"SMITH"},{"data":"Demon Form","floor":12,"key":"SMITH"},{"data":"Shrug It Off","floor":15,"key":"SMITH"},{"data":"Dropkick","floor":23,"key":"SMITH"}],"neow_cost":"TEN_PERCENT_HP_LOSS","seed_source_timestamp":134213322158058,"circlet_count":0,"master_deck":["Strike_R","Strike_R","Strike_R","Defend_R","Defend_R","Defend_R","Defend_R","Demon Form+1","True Grit+1","Uppercut+1","Dropkick","Shrug It Off+1","Dropkick+1"],"relics":["Burning Blood","Singing Bowl","Omamori","Golden Idol","Coffee Dripper","Red Skull","Bottled Tornado","DollysMirror","Boot","Bronze Scales"],"potions_floor_usage":[16,24,24,29],"damage_taken":[{"damage":1,"enemies":"Cultist","floor":1,"turns":4},{"damage":0,"enemies":"2 Louse","floor":3,"turns":3},{"damage":8,"enemies":"Jaw Worm","floor":4,"turns":5},{"damage":9,"enemies":"Lagavulin","floor":7,"turns":6},{"damage":26,"enemies":"3 Sentries","floor":10,"turns":9},{"damage":0,"enemies":"Large Slime","floor":14,"turns":3},{"damage":8,"enemies":"The Guardian","floor":16,"turns":7},{"damage":4,"enemies":"Spheric Guardian","floor":18,"turns":6},{"damage":24,"enemies":"2 Thieves","floor":22,"turns":5},{"damage":30,"enemies":"Gremlin Leader","floor":24,"turns":6},{"damage":0,"enemies":"Centurion and Healer","floor":25,"turns":4},{"damage":9,"enemies":"Shelled Parasite and Fungi","floor":27,"turns":4},{"damage":21,"enemies":"Snake Plant","floor":28,"turns":3},{"damage":45,"enemies":"Slavers","floor":29,"turns":3}],"seed_played":"8357403823703993814","potions_obtained":[{"floor":3,"key":"Poison Potion"},{"floor":4,"key":"Swift Potion"},{"floor":7,"key":"Ancient Potion"},{"floor":18,"key":"Dexterity Potion"},{"floor":22,"key":"Poison Potion"}],"is_trial":false,"path_per_floor":["M","?","M","M","?","R","E","R","T","E","?","R","?","M","R","B",null,"M","?","T","$","M","R","E","M","T","M","M","E"],"character_chosen":"IRONCLAD","items_purchased":["DollysMirror"],"campfire_rested":0,"item_purchase_floors":[21],"current_hp_per_floor":[72,65,71,69,69,69,66,66,66,48,30,30,30,38,38,38,78,80,80,80,80,64,64,42,50,50,49,36,0],"gold":189,"neow_bonus":"THREE_RARE_CARDS","is_prod":false,"is_daily":false,"chose_seed":false,"campfire_upgraded":5,"win_rate":0,"timestamp":1548622390,"path_taken":["M","?","?","M","?","R","E","R","T","E","?","R","?","M","R","BOSS","M","?","?","$","?","R","E","M","T","M","M","E"],"build_version":"2019-01-23","purchased_purges":1,"victory":false,"max_hp_per_floor":[72,72,72,72,72,72,72,72,72,74,74,74,74,76,76,78,78,80,80,80,80,82,82,84,86,86,88,90,90],"card_choices":[{"not_picked":["Bludgeon","Reaper"],"picked":"Demon Form","floor":0},{"not_picked":["Pommel Strike","Clothesline"],"picked":"True Grit","floor":1},{"not_picked":["Pommel Strike","Iron Wave"],"picked":"Uppercut","floor":3},{"not_picked":["Ghostly Armor","Hemokinesis"],"picked":"Dropkick","floor":4},{"not_picked":["Sword Boomerang","Pummel"],"picked":"Shrug It Off","floor":7},{"not_picked":["Clothesline","Seeing Red","Shrug It Off"],"picked":"Singing Bowl","floor":10},{"not_picked":["Twin Strike","Impervious","Reckless Charge"],"picked":"Singing Bowl","floor":14},{"not_picked":["Offering","Immolate","Double Tap"],"picked":"Singing Bowl","floor":16},{"not_picked":["Flex","Reckless Charge","Infernal Blade"],"picked":"Singing Bowl","floor":18},{"not_picked":["Wild Strike","Entrench+1","Flame Barrier+1"],"picked":"Singing Bowl","floor":22},{"not_picked":["Armaments+1","Dropkick+1","Sword Boomerang"],"picked":"Singing Bowl","floor":24},{"not_picked":["Uppercut","Seeing Red","Thunderclap"],"picked":"Singing Bowl","floor":25},{"not_picked":["Clash","Metallicize+1","Exhume"],"picked":"Singing Bowl","floor":27},{"not_picked":["Headbutt+1","Body Slam+1","Perfected Strike"],"picked":"Singing Bowl","floor":28}],"player_experience":327123,"relics_obtained":[{"floor":7,"key":"Singing Bowl"},{"floor":10,"key":"Omamori"},{"floor":20,"key":"Bottled Tornado"},{"floor":24,"key":"Boot"},{"floor":26,"key":"Bronze Scales"}],"event_choices":[{"damage_healed":0,"gold_gain":75,"player_choice":"Touch","damage_taken":7,"max_hp_gain":0,"max_hp_loss":0,"event_name":"FaceTrader","floor":2,"gold_loss":0},{"cards_removed":["Bash"],"damage_healed":0,"gold_gain":0,"player_choice":"Card Removal","damage_taken":0,"max_hp_gain":0,"max_hp_loss":0,"event_name":"The Cleric","floor":5,"gold_loss":50},{"damage_healed":0,"gold_gain":0,"player_choice":"Take Damage","damage_taken":18,"relics_obtained":["Golden Idol"],"max_hp_gain":0,"max_hp_loss":0,"event_name":"Golden Idol","floor":11,"gold_loss":0},{"cards_removed":["Strike_R"],"damage_healed":0,"gold_gain":0,"player_choice":"Forget","damage_taken":0,"max_hp_gain":0,"max_hp_loss":0,"event_name":"Living Wall","floor":13,"gold_loss":0},{"damage_healed":0,"gold_gain":0,"player_choice":"Obtained Relic","damage_taken":0,"relics_obtained":["Red Skull"],"max_hp_gain":0,"max_hp_loss":0,"event_name":"Addict","floor":19,"gold_loss":85}],"is_beta":false,"boss_relics":[{"not_picked":["Runic Dome","Fusion Hammer"],"picked":"Coffee Dripper"}],"items_purged_floors":[21],"is_endless":false,"potions_floor_spawned":[3,4,7,18,22],"killed_by":"Slavers","ascension_level":0}