{"gold_per_floor":[118,135,145,162,162,162,191,191,191,100,112,125,125,153,153,250,250,267,277,202,202,222,222,222],"floor_reached":24,"playtime":2478,"items_purged":["Defend_B"],"score":208,"play_id":"e404a9a0-36f1-4acd-9df5-18f5fb1353da","local_time":"20190813172109","is_ascension_mode":true,"campfire_choices":[{"data":"Sweeping Beam","floor":6.0,"key":"SMITH"},{"data":"Self Repair","floor":8,"key":"SMITH"},{"data":"Turbo","floor":15,"key":"SMITH"},{"floor":23,"key":"RECALL"}],"neow_cost":"NONE","seed_source_timestamp":207875746675947,"circlet_count":0,"master_deck":["Strike_B","Strike_B","Defend_B","Defend_B","Defend_B","Zap","Dualcast","Self Repair+1","Coolheaded","Sweeping Beam+1","Turbo+1","Melter","Glacier","Conserve Battery","Creative AI","Core Surge","Conserve Battery"],"special_seed":0,"relics":["Cracked Core","Pantograph","The Courier","Pocketwatch","Odd Mushroom","Inserter","CultistMask"],"potions_floor_usage":[14,18,22],"damage_taken":[{"damage":2.0,"enemies":"2 Louse","floor":1.0,"turns":4.0},{"damage":1.0,"enemies":"Jaw Worm","floor":2.0,"turns":3.0},{"damage":0.0,"enemies":"Small Slimes","floor":3.0,"turns":3.0},{"damage":1.0,"enemies":"2 Fungi Beasts","floor":4.0,"turns":4.0},{"damage":44,"enemies":"Gremlin Nob","floor":7,"turns":5},{"damage":10,"enemies":"Lots of Slimes","floor":11,"turns":3},{"damage":0,"enemies":"Large Slime","floor":12,"turns":6},{"damage":0,"enemies":"The Mushroom Lair","floor":14,"turns":3},{"damage":48,"enemies":"Hexaghost","floor":16,"turns":12},{"damage":4,"enemies":"3 Byrds","floor":18,"turns":3},{"damage":12,"enemies":"Chosen","floor":19,"turns":7},{"damage":0,"enemies":"Sentry and Sphere","floor":22,"turns":4},{"damage":76,"enemies":"Gremlin Leader","floor":24,"turns":8}],"seed_played":"2863768754699633418","potions_obtained":[{"floor":2.0,"key":"SpeedPotion"},{"floor":11,"key":"Strength Potion"},{"floor":14,"key":"Explosive Potion"},{"floor":16,"key":"SkillPotion"}],"is_trial":false,"path_per_floor":["M","M","M","M","?","R","E","R","T","$","M","M","?","?","R","B",null,"M","M","?","?","M","R","E"],"character_chosen":"DEFECT","items_purchased":["Glacier"],"campfire_rested":0,"item_purchase_floors":[10],"current_hp_per_floor":[73,75,75,74,74,74,37,37,37,37,37,47,47,57,57,27,75,75,73,73,73,73,73,0],"gold":222,"neow_bonus":"REMOVE_CARD","is_prod":false,"is_daily":false,"chose_seed":false,"campfire_upgraded":3,"win_rate":0,"timestamp":1565734869,"path_taken":["M","M","M","M","?","R","E","R","T","$","M","M","?","?","R","BOSS","M","M","?","?","?","R","E"],"build_version":"2019-07-17","purchased_purges":1,"victory":false,"max_hp_per_floor":[75,75,75,75,75,75,75,75,75,75,75,75,75,75,75,75,75,75,75,75,75,75,75,75],"card_choices":[{"not_picked":["Steam","Streamline"],"picked":"Self Repair","floor":1.0},{"not_picked":["Consume","Double Energy"],"picked":"Coolheaded","floor":2.0},{"not_picked":["Chaos","Storm"],"picked":"Sweeping Beam","floor":3.0},{"not_picked":["Barrage","BootSequence"],"picked":"Turbo","floor":4.0},{"not_picked":["Sweeping Beam","Turbo"],"picked":"Melter","floor":7},{"not_picked":["Darkness","Turbo"],"picked":"Conserve Battery","floor":11},{"not_picked":["Beam Cell","Turbo"],"picked":"Creative AI","floor":12},{"not_picked":["Biased Cognition","Electrodynamics"],"picked":"Core Surge","floor":16},{"not_picked":["Compile Driver","Cold Snap"],"picked":"Conserve Battery","floor":18},{"not_picked":["Compile Driver+1","Ball Lightning","Streamline"],"picked":"SKIP","floor":19},{"not_picked":["Turbo+1","Steam","Go for the Eyes"],"picked":"SKIP","floor":22}],"player_experience":125952,"relics_obtained":[{"floor":7,"key":"Pantograph"},{"floor":9,"key":"The Courier"},{"floor":14,"key":"Odd Mushroom"}],"event_choices":[{"damage_healed":0.0,"max_hp_gain":0.0,"max_hp_loss":0.0,"gold_gain":0.0,"event_name":"Scrap Ooze","player_choice":"Fled","floor":5.0,"gold_loss":0.0,"damage_taken":0.0},{"damage_healed":0,"gold_gain":0,"player_choice":"Searched \u00272\u0027 times","damage_taken":0,"relics_obtained":["Pocketwatch"],"max_hp_gain":0,"max_hp_loss":0,"event_name":"Dead Adventurer","floor":13,"gold_loss":0},{"damage_healed":0,"gold_gain":0,"player_choice":"Fought Mushrooms","damage_taken":0,"max_hp_gain":0,"max_hp_loss":0,"event_name":"Mushrooms","floor":14,"gold_loss":0},{"cards_removed":["Strike_B"],"damage_healed":0,"gold_gain":0,"player_choice":"Gave Gold","damage_taken":0,"max_hp_gain":0,"max_hp_loss":0,"event_name":"Beggar","floor":20,"gold_loss":75},{"damage_healed":0,"gold_gain":0,"player_choice":"Trade","damage_taken":0,"relics_obtained":["CultistMask"],"max_hp_gain":0,"max_hp_loss":0,"event_name":"FaceTrader","floor":21,"gold_loss":0}],"is_beta":false,"boss_relics":[{"not_picked":["Pandora\u0027s Box","Astrolabe"],"picked":"Inserter"}],"items_purged_floors":[10],"is_endless":false,"potions_floor_spawned":[2,11,14,16],"killed_by":"Gremlin Leader","ascension_level":1}