{"gold_per_floor":[110,39,39,52,106,139,139,153,153,153,187,199,233,243,243,341,341,357,29,44,44,61,61,87,87,114,114,130,130],"floor_reached":29,"playtime":1454,"items_purged":[],"score":389,"play_id":"0d66053a-304a-45f4-a5cb-aa24523d53b2","local_time":"20190410120857","is_ascension_mode":true,"campfire_choices":[{"floor":7,"key":"REST"},{"data":"Uppercut","floor":10,"key":"SMITH"},{"floor":15,"key":"REST"},{"data":"Searing Blow","floor":23,"key":"SMITH"},{"data":"Searing Blow+1","floor":25,"key":"SMITH"},{"data":"Searing Blow+2","floor":27,"key":"SMITH"}],"neow_cost":"NONE","seed_source_timestamp":5726532488267,"circlet_count":0,"master_deck":["AscendersBane","Strike_R","Strike_R","Strike_R","Strike_R","Strike_R","Defend_R","Defend_R","Defend_R","Defend_R","Bash","Feel No Pain","Headbutt","Uppercut+1","True Grit","Inflame","Rampage","Brutality","Iron Wave","Shrug It Off","Searing Blow+3","Dropkick","Shame","Decay","Parasite"],"relics":["Burning Blood","Lantern","Tiny Chest","Singing Bowl","Orichalcum","Blue Candle","Cursed Key","Bottled Flame","Mummified Hand","Regal Pillow","PreservedInsect"],"potions_floor_usage":[13,14,29,29],"damage_taken":[{"damage":1,"enemies":"Cultist","floor":1,"turns":4},{"damage":7,"enemies":"Jaw Worm","floor":4,"turns":3},{"damage":51,"enemies":"Lagavulin","floor":6,"turns":8},{"damage":5,"enemies":"Small Slimes","floor":8,"turns":3},{"damage":22,"enemies":"Gremlin Nob","floor":11,"turns":4},{"damage":14,"enemies":"Looter","floor":12,"turns":4},{"damage":23,"enemies":"Lagavulin","floor":13,"turns":7},{"damage":9,"enemies":"2 Fungi Beasts","floor":14,"turns":3},{"damage":53,"enemies":"The Guardian","floor":16,"turns":10},{"damage":16,"enemies":"2 Thieves","floor":18,"turns":4},{"damage":20,"enemies":"Shell Parasite","floor":20,"turns":6},{"damage":8,"enemies":"Snecko","floor":22,"turns":4},{"damage":24,"enemies":"Centurion and Healer","floor":28,"turns":6},{"damage":38,"enemies":"Gremlin Leader","floor":29,"turns":4}],"seed_played":"-8670946830785887738","potions_obtained":[{"floor":4,"key":"SpeedPotion"},{"floor":6,"key":"Swift Potion"},{"floor":8,"key":"Fire Potion"},{"floor":12,"key":"Regen Potion"},{"floor":22,"key":"Strength Potion"},{"floor":28,"key":"SkillPotion"}],"is_trial":false,"path_per_floor":["M","$","?","M","T","E","R","M","T","R","E","M","E","M","R","B",null,"M","$","M","?","M","R","T","R","T","R","M","E"],"character_chosen":"IRONCLAD","items_purchased":["Feel No Pain","Searing Blow","Bottled Flame"],"campfire_rested":2,"item_purchase_floors":[2,19,19],"current_hp_per_floor":[77,77,82,81,81,36,61,62,62,62,46,38,36,33,58,13,69,59,59,45,45,45,45,45,45,45,45,29,0],"gold":130,"neow_bonus":"RANDOM_COMMON_RELIC","is_prod":false,"is_daily":false,"chose_seed":false,"campfire_upgraded":4,"win_rate":0,"timestamp":1554923337,"path_taken":["M","$","?","M","?","E","R","?","T","R","E","M","E","M","R","BOSS","M","$","M","?","M","R","?","R","T","R","?","E"],"build_version":"2019-01-23","purchased_purges":0,"victory":false,"max_hp_per_floor":[80,80,85,85,85,85,85,85,85,85,85,85,85,85,85,87,87,87,87,87,87,89,89,89,89,89,89,91,91],"card_choices":[{"not_picked":["True Grit","Infernal Blade","Twin Strike"],"picked":"SKIP","floor":1},{"not_picked":["Perfected Strike","True Grit"],"picked":"Headbutt","floor":4},{"not_picked":["Evolve","Headbutt"],"picked":"Uppercut","floor":6},{"not_picked":["Havoc","Thunderclap"],"picked":"True Grit","floor":8},{"not_picked":["Heavy Blade","Thunderclap"],"picked":"Inflame","floor":11},{"not_picked":["Feel No Pain","Thunderclap"],"picked":"Rampage","floor":12},{"not_picked":["Corruption","Intimidate"],"picked":"Brutality","floor":13},{"not_picked":["Fire Breathing","Havoc"],"picked":"Iron Wave","floor":14},{"not_picked":["Dark Embrace","Immolate","Brutality"],"picked":"Singing Bowl","floor":16},{"not_picked":["Clash","Sentinel"],"picked":"Shrug It Off","floor":18},{"not_picked":["Seeing Red","Rampage"],"picked":"Dropkick","floor":20},{"not_picked":["True Grit","Clothesline","Havoc"],"picked":"Singing Bowl","floor":22},{"not_picked":["Perfected Strike","Warcry+1","Heavy Blade"],"picked":"Singing Bowl","floor":28}],"player_experience":632840,"relics_obtained":[{"floor":5,"key":"Tiny Chest"},{"floor":9,"key":"Singing Bowl"},{"floor":11,"key":"Orichalcum"},{"floor":13,"key":"Blue Candle"},{"floor":24,"key":"Regal Pillow"},{"floor":26,"key":"PreservedInsect"}],"event_choices":[{"damage_healed":0,"gold_gain":0,"player_choice":"Donut","damage_taken":0,"max_hp_gain":5,"max_hp_loss":0,"event_name":"Big Fish","floor":3,"gold_loss":0},{"damage_healed":0,"gold_gain":0,"player_choice":"Stole Relic","damage_taken":0,"relics_obtained":["Mummified Hand"],"max_hp_gain":0,"max_hp_loss":0,"event_name":"Addict","floor":21,"gold_loss":0,"cards_obtained":["Shame"]}],"is_beta":false,"boss_relics":[{"not_picked":["Philosopher\u0027s Stone","Fusion Hammer"],"picked":"Cursed Key"}],"items_purged_floors":[],"is_endless":false,"potions_floor_spawned":[4,6,8,12,22,28],"killed_by":"Gremlin Leader","ascension_level":12}