{"gold_per_floor":[109,122,132,112,130,130,160,174,201,218,293,309,309,338,338,338],"floor_reached":16,"playtime":752,"items_purged":[],"score":104,"play_id":"fcc8a32d-eb12-4dd1-8a6d-1be5111860cc","local_time":"20190201205411","is_ascension_mode":false,"campfire_choices":[{"data":"Armaments","floor":6,"key":"SMITH"},{"data":"Second Wind","floor":13,"key":"SMITH"},{"data":"Bash","floor":15,"key":"SMITH"}],"neow_cost":"NONE","seed_source_timestamp":406921712480114,"circlet_count":0,"master_deck":["Strike_R","Strike_R","Strike_R","Strike_R","Strike_R","Defend_R","Defend_R","Defend_R","Defend_R","Bash+1","Armaments+1","Second Wind+1","Immolate"],"relics":["Burning Blood","Regal Pillow","Centennial Puzzle","Bronze Scales","Odd Mushroom"],"potions_floor_usage":[5,5,7,14,16,16],"damage_taken":[{"damage":6,"enemies":"Small Slimes","floor":1,"turns":4},{"damage":10,"enemies":"Cultist","floor":2,"turns":4},{"damage":0,"enemies":"2 Louse","floor":3,"turns":3},{"damage":5,"enemies":"Gremlin Gang","floor":5,"turns":4},{"damage":28,"enemies":"3 Sentries","floor":7,"turns":12},{"damage":0,"enemies":"3 Louse","floor":8,"turns":1},{"damage":3,"enemies":"Exordium Thugs","floor":10,"turns":4},{"damage":8,"enemies":"2 Fungi Beasts","floor":12,"turns":3},{"damage":18,"enemies":"The Mushroom Lair","floor":14,"turns":2},{"damage":49,"enemies":"Slime Boss","floor":16,"turns":11}],"seed_played":"8402929674347818490","potions_obtained":[{"floor":2,"key":"Weak Potion"},{"floor":3,"key":"Explosive Potion"},{"floor":4,"key":"SneckoOil"},{"floor":5,"key":"EssenceOfSteel"},{"floor":8,"key":"Regen Potion"},{"floor":10,"key":"Poison Potion"}],"is_trial":false,"path_per_floor":["M","M","M","?","M","R","E","M","T","M","?","M","R","?","R","B"],"character_chosen":"IRONCLAD","items_purchased":[],"campfire_rested":0,"item_purchase_floors":[],"current_hp_per_floor":[80,76,80,80,80,80,58,64,64,67,56,54,54,47,47,0],"gold":338,"neow_bonus":"RANDOM_COMMON_RELIC","is_prod":false,"is_daily":false,"chose_seed":false,"campfire_upgraded":3,"win_rate":0,"timestamp":1549079651,"path_taken":["M","M","M","?","M","R","E","M","T","?","?","M","R","?","R","BOSS"],"build_version":"2019-01-23","purchased_purges":0,"victory":false,"max_hp_per_floor":[80,80,80,80,80,80,80,80,80,80,80,80,80,80,80,80],"card_choices":[{"not_picked":["Wild Strike","Bloodletting","Heavy Blade"],"picked":"SKIP","floor":1},{"not_picked":["Blood for Blood","Shrug It Off","Twin Strike"],"picked":"SKIP","floor":2},{"not_picked":["Twin Strike","Infernal Blade"],"picked":"Armaments","floor":3},{"not_picked":["Sever Soul","Warcry"],"picked":"Second Wind","floor":5},{"not_picked":["Armaments","Burning Pact"],"picked":"Immolate","floor":7},{"not_picked":["Hemokinesis","Body Slam","True Grit"],"picked":"SKIP","floor":8},{"not_picked":["Hemokinesis","Body Slam","True Grit"],"picked":"SKIP","floor":8},{"not_picked":["Hemokinesis","Body Slam","True Grit"],"picked":"SKIP","floor":8},{"not_picked":["Pommel Strike","Fire Breathing","Ghostly Armor"],"picked":"SKIP","floor":10},{"not_picked":["Flex","Perfected Strike","Wild Strike"],"picked":"SKIP","floor":12}],"player_experience":356811,"relics_obtained":[{"floor":7,"key":"Centennial Puzzle"},{"floor":9,"key":"Bronze Scales"},{"floor":14,"key":"Odd Mushroom"}],"event_choices":[{"damage_healed":0,"gold_gain":0,"player_choice":"Bought 1 Potion","damage_taken":0,"max_hp_gain":0,"max_hp_loss":0,"event_name":"The Woman in Blue","floor":4,"gold_loss":0},{"damage_healed":0,"gold_gain":75,"player_choice":"Gather Gold","damage_taken":11,"max_hp_gain":0,"max_hp_loss":0,"event_name":"World of Goop","floor":11,"gold_loss":0},{"damage_healed":0,"gold_gain":0,"player_choice":"Fought Mushrooms","damage_taken":0,"max_hp_gain":0,"max_hp_loss":0,"event_name":"Mushrooms","floor":14,"gold_loss":0}],"is_beta":false,"boss_relics":[],"items_purged_floors":[],"is_endless":false,"potions_floor_spawned":[2,3,5,8,10],"killed_by":"Slime Boss","ascension_level":0}