{"gold_per_floor":[118,193,80,255,255,285,300,300,300,318,349,20,55,55],"floor_reached":14,"playtime":730,"items_purged":["Strike_R","Defend_R"],"score":164,"play_id":"e87ed7e5-461a-490d-a43b-68db8f3d4492","local_time":"20190110194719","is_ascension_mode":true,"campfire_choices":[],"neow_cost":"NONE","seed_source_timestamp":3516037704019,"circlet_count":0,"master_deck":["Strike_R","Strike_R","Strike_R","Strike_R+1","Defend_R+1","Defend_R","Defend_R","Bash","Pommel Strike","Dual Wield","Sever Soul","Heavy Blade"],"relics":["Burning Blood","NeowsBlessing","Bottled Lightning","Champion Belt","Paper Frog","Centennial Puzzle","Red Skull"],"potions_floor_usage":[11],"damage_taken":[{"damage":0,"enemies":"Small Slimes","floor":1,"turns":1},{"damage":0,"enemies":"Gremlin Nob","floor":6,"turns":1},{"damage":0,"enemies":"Jaw Worm","floor":7,"turns":1},{"damage":0,"enemies":"2 Louse","floor":10,"turns":3},{"damage":46,"enemies":"3 Sentries","floor":11,"turns":13},{"damage":22,"enemies":"Lagavulin","floor":13,"turns":6},{"damage":15,"enemies":"Gremlin Gang","floor":14,"turns":3}],"seed_played":"6482417957362596890","potions_obtained":[{"floor":1,"key":"PowerPotion"}],"is_trial":false,"path_per_floor":["M","?","$","?","?","E","M","?","T","M","E","$","E","M"],"character_chosen":"IRONCLAD","items_purchased":["Dual Wield","Sever Soul","Centennial Puzzle"],"campfire_rested":0,"item_purchase_floors":[3,12,12],"current_hp_per_floor":[80,69,69,69,53,59,65,65,65,71,31,31,15,0],"gold":55,"neow_bonus":"THREE_ENEMY_KILL","is_prod":false,"is_daily":false,"chose_seed":false,"campfire_upgraded":0,"win_rate":0,"timestamp":1547174839,"path_taken":["M","?","$","?","?","E","M","?","T","?","E","$","E","M"],"build_version":"2019-01-10","purchased_purges":2,"victory":false,"max_hp_per_floor":[80,80,80,80,80,80,80,80,80,80,80,80,80,80],"card_choices":[{"not_picked":["Infernal Blade","Clothesline"],"picked":"Pommel Strike","floor":1},{"not_picked":["Power Through","Warcry","Perfected Strike"],"picked":"SKIP","floor":6},{"not_picked":["Anger","Reckless Charge","Havoc"],"picked":"SKIP","floor":7},{"not_picked":["Body Slam","Ghostly Armor","Feel No Pain"],"picked":"SKIP","floor":10},{"not_picked":["Wild Strike","Fire Breathing","Clash"],"picked":"SKIP","floor":11},{"not_picked":["Battle Trance","Dark Embrace"],"picked":"Heavy Blade","floor":13}],"player_experience":285104,"relics_obtained":[{"floor":6,"key":"Bottled Lightning"},{"floor":9,"key":"Champion Belt"},{"floor":11,"key":"Paper Frog"},{"floor":13,"key":"Red Skull"}],"event_choices":[{"damage_healed":0,"gold_gain":75,"player_choice":"Gather Gold","damage_taken":11,"max_hp_gain":0,"max_hp_loss":0,"event_name":"World of Goop","floor":2,"gold_loss":0},{"damage_healed":0,"gold_gain":175,"player_choice":"AGREE","damage_taken":0,"max_hp_gain":0,"max_hp_loss":0,"event_name":"Liars Game","floor":4,"gold_loss":0,"cards_obtained":["Doubt"]},{"damage_healed":0,"gold_gain":0,"player_choice":"Entered Light","damage_taken":16,"max_hp_gain":0,"max_hp_loss":0,"event_name":"Shining Light","floor":5,"gold_loss":0,"cards_upgraded":["Strike_R","Defend_R"]},{"cards_removed":["Doubt"],"damage_healed":0,"gold_gain":0,"player_choice":"Purged","damage_taken":0,"max_hp_gain":0,"max_hp_loss":0,"event_name":"Purifier","floor":8,"gold_loss":0}],"is_beta":false,"boss_relics":[],"items_purged_floors":[3,12],"is_endless":false,"potions_floor_spawned":[1],"killed_by":"Gremlin Gang","ascension_level":5}