{"gold_per_floor":[116,66,66,141,152,152,182,182,205,205,130,149,179,193,193,193],"floor_reached":16,"playtime":510,"items_purged":["Defend_R"],"score":98,"play_id":"af860164-a3f6-41bc-b92c-c9cca9d4daed","local_time":"20190127170325","is_ascension_mode":false,"campfire_choices":[{"data":"Rage","floor":6,"key":"SMITH"},{"data":"1","floor":8,"key":"LIFT"},{"data":"2","floor":10,"key":"LIFT"},{"data":"3","floor":15,"key":"LIFT"}],"neow_cost":"TEN_PERCENT_HP_LOSS","seed_source_timestamp":146389828929680,"circlet_count":0,"master_deck":["Strike_R","Strike_R","Strike_R","Strike_R","Strike_R","Defend_R","Defend_R","Bash","Rage+1","Entrench","Pommel Strike"],"relics":["Burning Blood","Girya","Gremlin Horn","Odd Mushroom"],"potions_floor_usage":[7,16,16],"damage_taken":[{"damage":2,"enemies":"Small Slimes","floor":1,"turns":4},{"damage":1,"enemies":"2 Louse","floor":5,"turns":4},{"damage":28,"enemies":"Gremlin Nob","floor":7,"turns":4},{"damage":0,"enemies":"Jaw Worm","floor":12,"turns":2},{"damage":24,"enemies":"The Mushroom Lair","floor":13,"turns":3},{"damage":8,"enemies":"Large Slime","floor":14,"turns":5},{"damage":33,"enemies":"The Guardian","floor":16,"turns":7}],"seed_played":"-6728881458089341161","potions_obtained":[{"floor":1,"key":"AttackPotion"},{"floor":12,"key":"Strength Potion"},{"floor":14,"key":"AttackPotion"}],"is_trial":false,"path_per_floor":["M","?","$","?","M","R","E","R","T","R","$","M","?","M","R","B"],"character_chosen":"IRONCLAD","items_purchased":[],"campfire_rested":0,"item_purchase_floors":[],"current_hp_per_floor":[72,72,72,61,66,66,44,44,44,44,44,50,32,30,30,0],"gold":193,"neow_bonus":"ONE_RARE_RELIC","is_prod":false,"is_daily":false,"chose_seed":false,"campfire_upgraded":1,"win_rate":0,"timestamp":1548633805,"path_taken":["M","?","$","?","M","R","E","R","T","R","?","M","?","M","R","BOSS"],"build_version":"2019-01-23","purchased_purges":1,"victory":false,"max_hp_per_floor":[72,72,72,72,72,72,72,72,72,72,72,72,72,72,72,72],"card_choices":[{"not_picked":["Disarm","Anger"],"picked":"Rage","floor":1},{"not_picked":["Iron Wave","Inflame","Evolve"],"picked":"SKIP","floor":5},{"not_picked":["Carnage","Blood for Blood"],"picked":"Entrench","floor":7},{"not_picked":["Body Slam","Intimidate","Rampage"],"picked":"SKIP","floor":12},{"not_picked":["Feel No Pain","Thunderclap"],"picked":"Pommel Strike","floor":13},{"not_picked":["Power Through","Armaments","Seeing Red"],"picked":"SKIP","floor":14}],"player_experience":339179,"relics_obtained":[{"floor":7,"key":"Gremlin Horn"},{"floor":13,"key":"Odd Mushroom"}],"event_choices":[{"cards_removed":["Defend_R"],"damage_healed":0,"gold_gain":0,"player_choice":"Card Removal","damage_taken":0,"max_hp_gain":0,"max_hp_loss":0,"event_name":"The Cleric","floor":2,"gold_loss":50},{"damage_healed":0,"gold_gain":75,"player_choice":"Gather Gold","damage_taken":11,"max_hp_gain":0,"max_hp_loss":0,"event_name":"World of Goop","floor":4,"gold_loss":0},{"damage_healed":0,"gold_gain":0,"player_choice":"Fought Mushrooms","damage_taken":0,"max_hp_gain":0,"max_hp_loss":0,"event_name":"Mushrooms","floor":13,"gold_loss":0}],"is_beta":false,"boss_relics":[],"items_purged_floors":[11],"is_endless":false,"potions_floor_spawned":[1,12,14],"killed_by":"The Guardian","ascension_level":0}