{"gold_per_floor":[115,115,133,151,1,36,36,55,135,135,135,155,55,69,69,173,173,184,200,210,309,334,334],"floor_reached":23,"playtime":1439,"items_purged":["Strike_R","Strike_R"],"score":241,"play_id":"06f26daa-69a4-4e18-83b7-55c21e51ff75","local_time":"20190126215528","is_ascension_mode":true,"campfire_choices":[{"data":"Strike_R","floor":7,"key":"PURGE"},{"data":"Rampage","floor":11,"key":"SMITH"},{"data":"Strike_R","floor":15,"key":"PURGE"}],"neow_cost":"PERCENT_DAMAGE","seed_source_timestamp":76575011784445,"circlet_count":0,"master_deck":["Defend_R","Defend_R","Defend_R","Defend_R","Bash","Cleave","Rampage+1","Whirlwind","Shrug It Off","Dual Wield","Limit Break","Inflame+1","Armaments+1","True Grit"],"relics":["Burning Blood","Peace Pipe","Thread and Needle","Coffee Dripper","Red Mask"],"potions_floor_usage":[6,16,16,19,23],"damage_taken":[{"damage":5,"enemies":"2 Louse","floor":1,"turns":3},{"damage":1,"enemies":"Cultist","floor":3,"turns":3},{"damage":4,"enemies":"Jaw Worm","floor":4,"turns":5},{"damage":18,"enemies":"Lagavulin","floor":6,"turns":7},{"damage":0,"enemies":"Blue Slaver","floor":8,"turns":4},{"damage":0,"enemies":"Exordium Wildlife","floor":12,"turns":4},{"damage":0,"enemies":"3 Louse","floor":14,"turns":3},{"damage":20,"enemies":"The Guardian","floor":16,"turns":11},{"damage":0,"enemies":"Shell Parasite","floor":18,"turns":7},{"damage":4,"enemies":"3 Byrds","floor":19,"turns":3},{"damage":35,"enemies":"Snake Plant","floor":20,"turns":3},{"damage":39,"enemies":"Masked Bandits","floor":22,"turns":4},{"damage":21,"enemies":"3 Cultists","floor":23,"turns":4}],"seed_played":"1903548667329692924","potions_obtained":[{"floor":1,"key":"SkillPotion"},{"floor":3,"key":"Block Potion"},{"floor":8,"key":"Poison Potion"},{"floor":14,"key":"SpeedPotion"},{"floor":22,"key":"PowerPotion"}],"is_trial":false,"path_per_floor":["M","?","M","M","$","E","R","M","T","?","R","M","$","M","R","B",null,"M","M","M","?","?","M"],"character_chosen":"IRONCLAD","items_purchased":["Rampage"],"campfire_rested":0,"item_purchase_floors":[5],"current_hp_per_floor":[57,57,62,64,64,52,52,58,58,50,50,56,56,62,62,48,72,78,80,51,51,18,0],"gold":334,"neow_bonus":"ONE_RARE_RELIC","is_prod":false,"is_daily":false,"chose_seed":false,"campfire_upgraded":1,"win_rate":0,"timestamp":1548564928,"path_taken":["M","?","M","M","$","E","R","M","T","?","R","M","$","?","R","BOSS","M","M","?","?","?","M"],"build_version":"2019-01-23","purchased_purges":2,"victory":false,"max_hp_per_floor":[80,80,80,80,80,80,80,80,80,80,80,80,80,80,80,80,80,80,80,80,80,80,80],"card_choices":[{"not_picked":["Burning Pact","Combust","Disarm"],"picked":"SKIP","floor":1},{"not_picked":["Corruption","Headbutt"],"picked":"Cleave","floor":3},{"not_picked":["Heavy Blade","Evolve","Body Slam"],"picked":"SKIP","floor":4},{"not_picked":["Perfected Strike","Body Slam"],"picked":"Whirlwind","floor":6},{"not_picked":["Corruption","Sword Boomerang","Body Slam"],"picked":"SKIP","floor":8},{"not_picked":["Iron Wave","Reaper"],"picked":"Shrug It Off","floor":12},{"not_picked":["Sword Boomerang","Battle Trance"],"picked":"Dual Wield","floor":14},{"not_picked":["Impervious","Bludgeon"],"picked":"Limit Break","floor":16},{"not_picked":["Dual Wield+1","Seeing Red"],"picked":"Inflame+1","floor":18},{"not_picked":["Intimidate","Warcry+1","Burning Pact"],"picked":"SKIP","floor":19},{"not_picked":["Headbutt+1","Rampage","Armaments+1"],"picked":"SKIP","floor":20},{"not_picked":["Headbutt+1","Rampage"],"picked":"Armaments+1","floor":20},{"not_picked":["Pommel Strike","Anger+1"],"picked":"True Grit","floor":22}],"player_experience":319648,"relics_obtained":[{"floor":6,"key":"Thread and Needle"},{"floor":22,"key":"Red Mask"}],"event_choices":[{"cards_removed":["Strike_R"],"damage_healed":0,"gold_gain":0,"player_choice":"Forget","damage_taken":0,"max_hp_gain":0,"max_hp_loss":0,"event_name":"Living Wall","floor":2,"gold_loss":0},{"damage_healed":0,"gold_gain":0,"player_choice":"Damaged","damage_taken":8,"max_hp_gain":0,"max_hp_loss":0,"event_name":"Wheel of Change","floor":10,"gold_loss":0},{"damage_healed":0,"gold_gain":99,"player_choice":"Stole From Cult","damage_taken":0,"max_hp_gain":0,"max_hp_loss":0,"event_name":"Nest","floor":21,"gold_loss":0},{"damage_healed":0,"gold_gain":0,"player_choice":"Fought Bandits","damage_taken":0,"max_hp_gain":0,"max_hp_loss":0,"event_name":"Masked Bandits","floor":22,"gold_loss":0}],"is_beta":false,"boss_relics":[{"not_picked":["Empty Cage","Runic Dome"],"picked":"Coffee Dripper"}],"items_purged_floors":[5,13],"is_endless":false,"potions_floor_spawned":[1,3,8,14,22],"killed_by":"3 Cultists","ascension_level":5}