{"gold_per_floor":[115,115,38,48,65,65,84,104,104,179,195,208,208,226,226,321,321,331,319,319],"floor_reached":20,"playtime":1376,"items_purged":[],"score":170,"play_id":"ad2efe07-0426-47f8-9577-37b2096df211","local_time":"20190704223717","is_ascension_mode":false,"campfire_choices":[{"data":"Anger","floor":6,"key":"SMITH"},{"floor":13,"key":"REST"},{"floor":15,"key":"REST"}],"neow_cost":"NONE","seed_source_timestamp":657549675679561,"circlet_count":0,"master_deck":["Strike_R","Strike_R","Strike_R","Strike_R","Strike_R","Defend_R","Defend_R","Defend_R","Defend_R","Bash","Limit Break","Infernal Blade","Inflame","Anger+1","Heavy Blade","Demon Form","Metallicize","Blood for Blood","Perfected Strike","Infernal Blade","Fiend Fire","Power Through","Searing Blow"],"relics":["Burning Blood","Paper Frog","Black Star"],"potions_floor_usage":[14,16,18,19,20],"damage_taken":[{"damage":8,"enemies":"Small Slimes","floor":1,"turns":4},{"damage":11,"enemies":"Jaw Worm","floor":4,"turns":2},{"damage":0,"enemies":"Cultist","floor":5,"turns":2},{"damage":0,"enemies":"Large Slime","floor":7,"turns":2},{"damage":25,"enemies":"3 Louse","floor":8,"turns":3},{"damage":13,"enemies":"Exordium Thugs","floor":11,"turns":3},{"damage":9,"enemies":"Looter","floor":12,"turns":3},{"damage":17,"enemies":"Exordium Wildlife","floor":14,"turns":3},{"damage":47,"enemies":"Hexaghost","floor":16,"turns":7},{"damage":30,"enemies":"Spheric Guardian","floor":18,"turns":4},{"damage":20,"enemies":"2 Thieves","floor":19,"turns":4},{"damage":43,"enemies":"3 Cultists","floor":20,"turns":5}],"seed_played":"-3073652050120287443","potions_obtained":[{"floor":1,"key":"Poison Potion"},{"floor":5,"key":"Dexterity Potion"},{"floor":11,"key":"Block Potion"},{"floor":14,"key":"Fire Potion"},{"floor":18,"key":"Energy Potion"}],"is_trial":false,"path_per_floor":["M","?","$","M","M","R","M","M","T","?","M","M","R","M","R","B",null,"M","M","M"],"character_chosen":"IRONCLAD","items_purchased":["Inflame"],"campfire_rested":2,"item_purchase_floors":[3],"current_hp_per_floor":[78,78,78,73,79,79,80,61,61,53,46,43,67,56,80,39,80,56,42,0],"gold":319,"neow_bonus":"ONE_RANDOM_RARE_CARD","is_prod":false,"is_daily":false,"chose_seed":false,"campfire_upgraded":1,"win_rate":0.0,"timestamp":1562276237,"path_taken":["M","?","?","M","M","R","M","M","T","?","M","M","R","M","R","BOSS","M","M","M"],"build_version":"2019-07-01","purchased_purges":0,"victory":false,"max_hp_per_floor":[80,80,80,80,80,80,80,80,80,80,80,80,80,80,80,80,80,80,80,80],"card_choices":[{"not_picked":["Thunderclap","Sword Boomerang"],"picked":"Infernal Blade","floor":1},{"not_picked":["Metallicize","Infernal Blade"],"picked":"Anger","floor":4},{"not_picked":["Cleave","Ghostly Armor"],"picked":"Heavy Blade","floor":5},{"not_picked":["Feel No Pain","Heavy Blade"],"picked":"Demon Form","floor":7},{"not_picked":["Feel No Pain","Body Slam"],"picked":"Metallicize","floor":8},{"not_picked":["Reckless Charge","Entrench"],"picked":"Blood for Blood","floor":11},{"not_picked":["Shockwave","Dual Wield"],"picked":"Perfected Strike","floor":12},{"not_picked":["Thunderclap","Cleave"],"picked":"Infernal Blade","floor":14},{"not_picked":["Offering","Brutality"],"picked":"Fiend Fire","floor":16},{"not_picked":["Rupture","Thunderclap"],"picked":"Power Through","floor":18},{"not_picked":["Pommel Strike","True Grit"],"picked":"Searing Blow","floor":19}],"player_experience":9701,"relics_obtained":[{"floor":9,"key":"Paper Frog"}],"event_choices":[{"damage_healed":0,"gold_gain":0,"player_choice":"Ignored","damage_taken":0,"max_hp_gain":0,"max_hp_loss":0,"event_name":"Golden Wing","floor":2,"gold_loss":0},{"damage_healed":0,"gold_gain":75,"player_choice":"Touch","damage_taken":8,"max_hp_gain":0,"max_hp_loss":0,"event_name":"FaceTrader","floor":10,"gold_loss":0}],"is_beta":false,"boss_relics":[{"not_picked":["Sozu","Empty Cage"],"picked":"Black Star"}],"items_purged_floors":[],"is_endless":false,"potions_floor_spawned":[1,5,11,14,18],"killed_by":"3 Cultists","ascension_level":0}