{"gold_per_floor":[110,110,8,27,102,102,122,122,122,122,140,140,88,88,88,189,189,199,199,199],"floor_reached":20,"playtime":1041,"items_purged":["Strike_R"],"score":265,"play_id":"f59734b5-547f-459b-985d-bda4ce939b87","local_time":"20190324202427","is_ascension_mode":true,"campfire_choices":[{"data":"Armaments","floor":6,"key":"SMITH"},{"floor":8,"key":"REST"},{"data":"Brutality","floor":10,"key":"SMITH"},{"data":"Body Slam","floor":12,"key":"SMITH"},{"data":"Bash","floor":15,"key":"SMITH"}],"neow_cost":"NONE","seed_source_timestamp":81990614077768,"circlet_count":0,"master_deck":["AscendersBane","Defend_R","Defend_R","Defend_R","Defend_R","Bash+1","Brutality+1","Second Wind","Flex","Armaments+1","Body Slam+1","Wild Strike+1","Parasite","Berserk","Dual Wield+1","Bite+1","Bite+1","Bite+1","Bite+1","Bite+1"],"relics":["Burning Blood","Molten Egg 2","Runic Pyramid"],"potions_floor_usage":[16,16,16],"damage_taken":[{"damage":12,"enemies":"2 Louse","floor":1,"turns":2},{"damage":11,"enemies":"Jaw Worm","floor":4,"turns":4},{"damage":16,"enemies":"Small Slimes","floor":7,"turns":4},{"damage":18,"enemies":"Blue Slaver","floor":11,"turns":3},{"damage":61,"enemies":"Hexaghost","floor":16,"turns":13},{"damage":23,"enemies":"Shell Parasite","floor":18,"turns":4},{"damage":73,"enemies":"Masked Bandits","floor":20,"turns":3}],"seed_played":"3320096333585860315","potions_obtained":[{"floor":4,"key":"SteroidPotion"},{"floor":11,"key":"EssenceOfSteel"}],"is_trial":false,"path_per_floor":["M","?","$","M","?","R","M","R","T","R","M","R","$","?","R","B",null,"M","?","?"],"character_chosen":"IRONCLAD","items_purchased":["Flex","SpeedPotion"],"campfire_rested":1,"item_purchase_floors":[3,13],"current_hp_per_floor":[66,59,59,54,43,43,33,57,57,57,45,45,45,65,65,10,63,46,46,0],"gold":199,"neow_bonus":"ONE_RANDOM_RARE_CARD","is_prod":false,"is_daily":false,"chose_seed":false,"campfire_upgraded":4,"win_rate":0,"timestamp":1553484267,"path_taken":["M","?","$","M","?","R","M","R","T","R","M","R","?","?","R","BOSS","M","?","?"],"build_version":"2019-01-23","purchased_purges":1,"victory":false,"max_hp_per_floor":[80,80,80,80,80,80,80,80,80,80,80,80,80,80,80,80,80,80,56,56],"card_choices":[{"not_picked":["Headbutt","Wild Strike"],"picked":"Second Wind","floor":1},{"not_picked":["Ghostly Armor","Whirlwind"],"picked":"Armaments","floor":4},{"not_picked":["Ghostly Armor","Headbutt"],"picked":"Body Slam","floor":7},{"not_picked":["Havoc","Sword Boomerang+1"],"picked":"Wild Strike+1","floor":11},{"not_picked":["Double Tap","Juggernaut"],"picked":"Berserk","floor":16},{"not_picked":["Iron Wave+1","Cleave+1"],"picked":"Dual Wield+1","floor":18}],"player_experience":527372,"relics_obtained":[{"floor":9,"key":"Molten Egg 2"}],"event_choices":[{"cards_removed":["Strike_R"],"damage_healed":0,"gold_gain":0,"player_choice":"Card Removal","damage_taken":7,"max_hp_gain":0,"max_hp_loss":0,"event_name":"Golden Wing","floor":2,"gold_loss":0},{"damage_healed":0,"gold_gain":75,"player_choice":"Gather Gold","damage_taken":11,"max_hp_gain":0,"max_hp_loss":0,"event_name":"World of Goop","floor":5,"gold_loss":0},{"damage_healed":20,"gold_gain":0,"player_choice":"Healed and dodged fight","damage_taken":0,"max_hp_gain":0,"max_hp_loss":0,"event_name":"Mushrooms","floor":14,"gold_loss":0,"cards_obtained":["Parasite"]},{"damage_healed":0,"gold_gain":0,"player_choice":"Became a vampire","damage_taken":0,"max_hp_gain":0,"max_hp_loss":24,"event_name":"Vampires","floor":19,"gold_loss":0,"cards_obtained":["Bite","Bite","Bite","Bite","Bite"]},{"damage_healed":0,"gold_gain":0,"player_choice":"Fought Bandits","damage_taken":0,"max_hp_gain":0,"max_hp_loss":0,"event_name":"Masked Bandits","floor":20,"gold_loss":0}],"is_beta":false,"boss_relics":[{"not_picked":["Fusion Hammer","Tiny House"],"picked":"Runic Pyramid"}],"items_purged_floors":[3],"is_endless":false,"potions_floor_spawned":[4,11],"killed_by":"Masked Bandits","ascension_level":10}