{"gold_per_floor":[117,117,135,235,251,251,269,269,321,321,336,409,409,8,8,8],"floor_reached":16,"playtime":784,"items_purged":["Parasite"],"score":90,"play_id":"be31801d-3614-4712-b6e2-3b2a42ef591a","local_time":"20181209182609","is_ascension_mode":false,"campfire_choices":[{"data":"Searing Blow","floor":6,"key":"SMITH"},{"data":"Berserk","floor":8,"key":"SMITH"},{"data":"Searing Blow+1","floor":15,"key":"SMITH"}],"neow_cost":"CURSE","seed_source_timestamp":428939231101112,"circlet_count":0,"master_deck":["Strike_R","Strike_R","Strike_R","Strike_R","Strike_R","Defend_R+1","Defend_R","Defend_R","Defend_R","Bash","Berserk+1","Searing Blow+2","Armaments+1","Burning Pact","Spot Weakness"],"relics":["Burning Blood","Golden Idol","Anchor","Bag of Marbles","War Paint","Kunai"],"potions_floor_usage":[7,12,12],"damage_taken":[{"damage":6,"enemies":"Jaw Worm","floor":1,"turns":3},{"damage":12,"enemies":"2 Louse","floor":3,"turns":2},{"damage":6,"enemies":"Cultist","floor":5,"turns":3},{"damage":10,"enemies":"Looter","floor":7,"turns":2},{"damage":0,"enemies":"3 Louse","floor":11,"turns":4},{"damage":41,"enemies":"Lagavulin Event","floor":12,"turns":5},{"damage":36,"enemies":"Hexaghost","floor":16,"turns":7}],"seed_played":"523322344648176850","potions_obtained":[{"floor":3,"key":"BloodPotion"},{"floor":5,"key":"Fire Potion"},{"floor":7,"key":"Regen Potion"}],"is_trial":false,"path_per_floor":["M","?","M","?","M","R","M","R","T","?","M","?","?","$","R","B"],"character_chosen":"IRONCLAD","items_purchased":["Kunai","Spot Weakness"],"campfire_rested":0,"item_purchase_floors":[14,14],"current_hp_per_floor":[80,60,54,54,54,54,58,58,58,58,64,43,36,36,36,0],"gold":8,"neow_bonus":"THREE_RARE_CARDS","is_prod":false,"is_daily":false,"chose_seed":false,"campfire_upgraded":3,"win_rate":0.0,"timestamp":1544405169,"path_taken":["M","?","M","?","?","R","M","R","T","?","M","?","?","$","R","BOSS"],"build_version":"2018-12-06","purchased_purges":1,"victory":false,"max_hp_per_floor":[80,80,80,80,80,80,80,80,80,80,80,80,80,77,77,77],"card_choices":[{"not_picked":["Impervious","Reaper"],"picked":"Berserk","floor":0},{"not_picked":["Second Wind","Clash"],"picked":"Searing Blow","floor":1},{"not_picked":["Clothesline","Flex","Anger"],"picked":"SKIP","floor":3},{"not_picked":["Heavy Blade","Sever Soul","Corruption"],"picked":"SKIP","floor":5},{"not_picked":["Dropkick","Flame Barrier","Clash"],"picked":"SKIP","floor":7},{"not_picked":["Intimidate","Body Slam"],"picked":"Armaments","floor":11},{"not_picked":["Juggernaut","Power Through"],"picked":"Burning Pact","floor":12}],"player_experience":42285,"relics_obtained":[{"floor":9,"key":"Anchor"}],"event_choices":[{"damage_healed":0,"gold_gain":0,"player_choice":"Take Damage","damage_taken":20,"relics_obtained":["Golden Idol"],"max_hp_gain":0,"max_hp_loss":0,"event_name":"Golden Idol","floor":2,"gold_loss":0},{"damage_healed":0,"gold_gain":100,"player_choice":"Pray","damage_taken":0,"max_hp_gain":0,"max_hp_loss":0,"event_name":"Golden Shrine","floor":4,"gold_loss":0},{"damage_healed":0,"gold_gain":0,"player_choice":"Ignored","damage_taken":0,"max_hp_gain":0,"max_hp_loss":0,"event_name":"Liars Game","floor":10,"gold_loss":0},{"damage_healed":0,"gold_gain":30,"player_choice":"Searched \u00273\u0027 times","damage_taken":0,"relics_obtained":["Bag of Marbles"],"max_hp_gain":0,"max_hp_loss":0,"event_name":"Dead Adventurer","floor":12,"gold_loss":0},{"damage_healed":0,"gold_gain":0,"player_choice":"Success","damage_taken":7,"relics_obtained":["War Paint"],"max_hp_gain":0,"max_hp_loss":0,"event_name":"Scrap Ooze","floor":13,"gold_loss":0}],"is_beta":false,"boss_relics":[],"items_purged_floors":[14],"is_endless":false,"potions_floor_spawned":[3,5,7],"killed_by":"Hexaghost","ascension_level":0}