{"gold_per_floor":[115,127,51,67,142,142,197,10,59,59,34,46,61,75,75,75],"floor_reached":16,"playtime":711,"items_purged":[],"score":153,"play_id":"8aa83dd3-84df-42f4-82ce-c71187cedd75","local_time":"20190317170507","is_ascension_mode":true,"campfire_choices":[{"data":"Body Slam","floor":6,"key":"SMITH"},{"floor":10,"key":"REST"},{"floor":15,"key":"REST"}],"neow_cost":"NONE","seed_source_timestamp":324744259236345,"circlet_count":0,"master_deck":["AscendersBane","Strike_R","Strike_R","Strike_R","Strike_R","Strike_R","Defend_R","Defend_R","Defend_R","Defend_R","Bash","Pommel Strike","Second Wind","Body Slam+1","Shrug It Off","Evolve","Warcry","Impervious","Rampage","Iron Wave","True Grit","Impervious","Perfected Strike"],"relics":["Runic Dome","Tiny Chest","Bag of Preparation"],"potions_floor_usage":[16],"damage_taken":[{"damage":13,"enemies":"Jaw Worm","floor":1,"turns":4},{"damage":0,"enemies":"Cultist","floor":2,"turns":2},{"damage":0,"enemies":"Small Slimes","floor":4,"turns":3},{"damage":42,"enemies":"Gremlin Nob","floor":7,"turns":5},{"damage":0,"enemies":"Red Slaver","floor":12,"turns":4},{"damage":10,"enemies":"Large Slime","floor":13,"turns":6},{"damage":8,"enemies":"Blue Slaver","floor":14,"turns":3},{"damage":41,"enemies":"The Guardian","floor":16,"turns":11}],"seed_played":"-5185524298546054473","potions_obtained":[{"floor":2,"key":"Explosive Potion"},{"floor":4,"key":"Strength Potion"},{"floor":14,"key":"Dexterity Potion"}],"is_trial":false,"path_per_floor":["M","M","$","M","?","R","E","$","T","R","$","M","M","M","R","B"],"character_chosen":"IRONCLAD","items_purchased":["Body Slam","Shrug It Off","Impervious","Rampage","Iron Wave","True Grit"],"campfire_rested":2,"item_purchase_floors":[3,3,8,8,8,11],"current_hp_per_floor":[59,59,59,59,51,51,9,9,9,33,33,33,23,15,39,0],"gold":75,"neow_bonus":"BOSS_RELIC","is_prod":false,"is_daily":false,"chose_seed":false,"campfire_upgraded":1,"win_rate":0,"timestamp":1552863907,"path_taken":["M","M","$","M","?","R","E","$","T","R","$","M","M","M","R","BOSS"],"build_version":"2019-01-23","purchased_purges":0,"victory":false,"max_hp_per_floor":[80,80,80,80,80,80,80,80,80,80,80,80,80,80,80,80],"card_choices":[{"not_picked":["Wild Strike","Feel No Pain"],"picked":"Pommel Strike","floor":1},{"not_picked":["Havoc","True Grit"],"picked":"Second Wind","floor":2},{"not_picked":["Wild Strike","Bloodletting"],"picked":"Evolve","floor":4},{"not_picked":["Searing Blow","Thunderclap"],"picked":"Warcry","floor":7},{"not_picked":["Sword Boomerang","Burning Pact","Hemokinesis"],"picked":"SKIP","floor":12},{"not_picked":["Wild Strike","Burning Pact"],"picked":"Impervious","floor":13},{"not_picked":["Wild Strike","Evolve"],"picked":"Perfected Strike","floor":14}],"player_experience":512199,"relics_obtained":[{"floor":7,"key":"Tiny Chest"},{"floor":9,"key":"Bag of Preparation"}],"event_choices":[{"damage_healed":0,"gold_gain":75,"player_choice":"Touch","damage_taken":8,"max_hp_gain":0,"max_hp_loss":0,"event_name":"FaceTrader","floor":5,"gold_loss":0}],"is_beta":false,"boss_relics":[],"items_purged_floors":[],"is_endless":false,"potions_floor_spawned":[2,4,14],"killed_by":"The Guardian","ascension_level":10}