{"gold_per_floor":[111,111,111,126,126,126,159,169,169,204,204,221,221],"floor_reached":13,"playtime":499,"items_purged":[],"score":189,"play_id":"0923ebe5-38e6-4c99-b33e-76a0e760ca68","local_time":"20190505143001","is_ascension_mode":true,"campfire_choices":[{"data":"Flame Barrier","floor":6,"key":"SMITH"},{"data":"Pommel Strike","floor":11,"key":"SMITH"}],"neow_cost":"NONE","seed_source_timestamp":461201408869254,"circlet_count":0,"master_deck":["AscendersBane","Strike_R","Strike_R","Strike_R","Strike_R","Defend_R","Defend_R","Defend_R","Defend_R","Bash","Flame Barrier+1","Thunderclap","Pommel Strike+1","Evolve","Demon Form","Body Slam"],"relics":["Burning Blood","NeowsBlessing","Kunai","Prayer Wheel","The Courier"],"potions_floor_usage":[10,12,12],"damage_taken":[{"damage":0,"enemies":"2 Louse","floor":1,"turns":1},{"damage":0,"enemies":"Cultist","floor":4,"turns":1},{"damage":0,"enemies":"Lagavulin","floor":7,"turns":1},{"damage":0,"enemies":"Jaw Worm","floor":8,"turns":4},{"damage":42,"enemies":"Gremlin Nob","floor":10,"turns":5},{"damage":24,"enemies":"Gremlin Gang","floor":12,"turns":4},{"damage":45,"enemies":"3 Sentries","floor":13,"turns":6}],"seed_played":"5311475428552120054","potions_obtained":[{"floor":3,"key":"Strength Potion"},{"floor":3,"key":"BloodPotion"},{"floor":10,"key":"FearPotion"}],"is_trial":false,"path_per_floor":["M","?","?","M","?","R","E","M","T","E","R","M","E"],"character_chosen":"IRONCLAD","items_purchased":[],"campfire_rested":0,"item_purchase_floors":[],"current_hp_per_floor":[78,83,83,85,85,85,85,85,85,57,57,39,0],"gold":221,"neow_bonus":"THREE_ENEMY_KILL","is_prod":false,"is_daily":false,"chose_seed":false,"campfire_upgraded":2,"win_rate":0,"timestamp":1557091801,"path_taken":["M","?","?","?","?","R","E","M","T","E","R","?","E"],"build_version":"2019-01-23","purchased_purges":0,"victory":false,"max_hp_per_floor":[80,85,85,85,85,85,85,85,85,85,85,85,85],"card_choices":[{"not_picked":["Anger","Sword Boomerang"],"picked":"Flame Barrier","floor":1},{"not_picked":["Shockwave","Seeing Red","Shrug It Off"],"picked":"SKIP","floor":4},{"not_picked":["Clash","Thunderclap"],"picked":"Pommel Strike","floor":7},{"not_picked":["Thunderclap","Wild Strike","Flex"],"picked":"SKIP","floor":8},{"not_picked":["Offering","Iron Wave"],"picked":"Evolve","floor":10},{"not_picked":["Wild Strike","Body Slam"],"picked":"Demon Form","floor":12},{"not_picked":["Cleave","Clothesline"],"picked":"Body Slam","floor":12}],"player_experience":672037,"relics_obtained":[{"floor":7,"key":"Kunai"},{"floor":9,"key":"Prayer Wheel"},{"floor":10,"key":"The Courier"}],"event_choices":[{"damage_healed":0,"gold_gain":0,"player_choice":"Donut","damage_taken":0,"max_hp_gain":5,"max_hp_loss":0,"event_name":"Big Fish","floor":2,"gold_loss":0},{"damage_healed":0,"gold_gain":0,"player_choice":"Got Potions","damage_taken":0,"max_hp_gain":0,"max_hp_loss":0,"event_name":"Lab","floor":3,"gold_loss":0},{"damage_healed":0,"gold_gain":0,"cards_transformed":["Strike_R"],"player_choice":"Transformed","damage_taken":0,"max_hp_gain":0,"max_hp_loss":0,"event_name":"Transmorgrifier","floor":5,"gold_loss":0,"cards_obtained":["Thunderclap"]}],"is_beta":false,"boss_relics":[],"items_purged_floors":[],"is_endless":false,"potions_floor_spawned":[8,10],"killed_by":"3 Sentries","ascension_level":12}