{"gold_per_floor":[115,290,302,65,80,80,96,109,133,133,133,133,145,156,156,259,259,279,293,293,124,124,124,151,151,177,187,199,36,69,84,84,84],"floor_reached":33,"playtime":1940,"items_purged":["Zap","Doubt","Strike_B"],"score":293,"play_id":"d342d2f2-b06c-4e18-b2e3-573b93c121e3","local_time":"20181221001354","is_ascension_mode":true,"campfire_choices":[{"data":"Electrodynamics","floor":6,"key":"SMITH"},{"data":"Lockon","floor":11,"key":"SMITH"},{"data":"Hologram","floor":15,"key":"SMITH"},{"data":"Thunder Strike","floor":23,"key":"SMITH"},{"floor":32,"key":"REST"}],"neow_cost":"PERCENT_DAMAGE","seed_source_timestamp":138436140867408,"circlet_count":0,"master_deck":["Strike_B","Strike_B+1","Defend_B","Defend_B","Defend_B","Defend_B","Ball Lightning","Redo+1","Electrodynamics+1","Lockon+1","BootSequence+1","Hologram+1","Thunder Strike+1","Self Repair","Capacitor","Defragment","Ball Lightning+1","Hologram","Aggregate","Hologram+1","Stack+1"],"relics":["Cracked Core","War Paint","Lantern","Nloth\u0027s Gift","Nilry\u0027s Codex","PreservedInsect","Omamori","Whetstone"],"potions_floor_usage":[16,16,16,18,28,33],"damage_taken":[{"damage":1,"enemies":"2 Louse","floor":1,"turns":4},{"damage":1,"enemies":"Jaw Worm","floor":3,"turns":3},{"damage":0,"enemies":"Small Slimes","floor":5,"turns":3},{"damage":0,"enemies":"Exordium Thugs","floor":7,"turns":2},{"damage":14,"enemies":"2 Fungi Beasts","floor":8,"turns":3},{"damage":0,"enemies":"Looter","floor":13,"turns":2},{"damage":0,"enemies":"Exordium Thugs","floor":14,"turns":2},{"damage":29,"enemies":"The Guardian","floor":16,"turns":9},{"damage":7,"enemies":"Shell Parasite","floor":18,"turns":3},{"damage":5,"enemies":"Spheric Guardian","floor":19,"turns":3},{"damage":8,"enemies":"Book of Stabbing","floor":24,"turns":3},{"damage":8,"enemies":"Snecko","floor":27,"turns":3},{"damage":19,"enemies":"Snake Plant","floor":28,"turns":3},{"damage":14,"enemies":"Slavers","floor":30,"turns":2},{"damage":0,"enemies":"Chosen and Byrds","floor":31,"turns":4},{"damage":52,"enemies":"Collector","floor":33,"turns":7}],"seed_played":"8038360141779389882","potions_obtained":[{"floor":1,"key":"Fire Potion"},{"floor":8,"key":"SkillPotion"},{"floor":12,"key":"SkillPotion"},{"floor":12,"key":"Fire Potion"},{"floor":16,"key":"GamblersBrew"},{"floor":18,"key":"SmokeBomb"},{"floor":19,"key":"Explosive Potion"},{"floor":27,"key":"Energy Potion"},{"floor":31,"key":"Swift Potion"}],"is_trial":false,"path_per_floor":["M","?","M","$","M","R","M","M","T","?","R","?","M","M","R","B",null,"M","M","?","$","?","R","E","?","T","M","M","$","E","M","R","B"],"character_chosen":"DEFECT","items_purchased":["Electrodynamics","Defragment","Aggregate"],"campfire_rested":1,"item_purchase_floors":[4,21,29],"current_hp_per_floor":[53,53,52,52,52,52,52,38,38,31,31,31,31,31,31,2,75,68,70,70,70,54,54,46,46,46,38,26,26,12,19,41,0],"gold":84,"neow_bonus":"REMOVE_TWO","is_prod":false,"is_daily":false,"chose_seed":false,"campfire_upgraded":4,"win_rate":0,"timestamp":1545376434,"path_taken":["M","?","M","$","M","R","M","M","T","?","R","?","M","?","R","BOSS","M","M","?","$","?","R","E","?","T","M","M","$","E","M","R","BOSS"],"build_version":"2018-12-20","purchased_purges":3,"victory":false,"max_hp_per_floor":[75,75,75,75,75,75,75,75,75,75,75,75,75,75,75,75,75,75,75,75,75,75,75,75,75,75,75,75,75,75,75,75,75],"card_choices":[{"not_picked":["FTL","Stack"],"picked":"Ball Lightning","floor":1},{"not_picked":["Steam","Glacier"],"picked":"Redo","floor":3},{"not_picked":["Gash","White Noise"],"picked":"Lockon","floor":5},{"not_picked":["Coolheaded","Capacitor","Redo"],"picked":"SKIP","floor":7},{"not_picked":["Sweeping Beam","Core Surge"],"picked":"BootSequence","floor":8},{"not_picked":["Double Energy","Gash"],"picked":"Hologram","floor":13},{"not_picked":["Stack","Beam Cell","Gash"],"picked":"SKIP","floor":14},{"not_picked":["Creative AI","Rainbow"],"picked":"Thunder Strike","floor":16},{"not_picked":["Undo","Redo"],"picked":"Self Repair","floor":18},{"not_picked":["Streamline","Gash+1"],"picked":"Capacitor","floor":19},{"not_picked":["Coolheaded","Chill","Turbo+1"],"picked":"SKIP","floor":24},{"not_picked":["Heatsinks","Sweeping Beam+1"],"picked":"Ball Lightning","floor":27},{"not_picked":["Gash","Streamline"],"picked":"Hologram","floor":28},{"not_picked":["Coolheaded+1","Core Surge"],"picked":"Hologram+1","floor":30},{"not_picked":["Ball Lightning+1","Rebound"],"picked":"Stack+1","floor":31}],"player_experience":129159,"relics_obtained":[{"floor":9,"key":"War Paint"},{"floor":22,"key":"Nilry\u0027s Codex"},{"floor":24,"key":"PreservedInsect"},{"floor":30,"key":"Whetstone"}],"event_choices":[{"damage_healed":0,"gold_gain":175,"player_choice":"AGREE","damage_taken":0,"max_hp_gain":0,"max_hp_loss":0,"event_name":"Liars Game","floor":2,"gold_loss":0,"cards_obtained":["Doubt"]},{"damage_healed":0,"gold_gain":0,"player_choice":"Success","damage_taken":7,"relics_obtained":["Lantern"],"max_hp_gain":0,"max_hp_loss":0,"event_name":"Scrap Ooze","floor":10,"gold_loss":0},{"damage_healed":0,"gold_gain":0,"player_choice":"Got Potions","damage_taken":0,"max_hp_gain":0,"max_hp_loss":0,"event_name":"Lab","floor":12,"gold_loss":0},{"damage_healed":0,"gold_gain":0,"player_choice":"Traded Relic","damage_taken":0,"relics_obtained":["Nloth\u0027s Gift"],"max_hp_gain":0,"max_hp_loss":0,"event_name":"N\u0027loth","floor":20,"relics_lost":["Coffee Dripper"],"gold_loss":0},{"damage_healed":0,"gold_gain":0,"player_choice":"Obtained Book","damage_taken":16,"max_hp_gain":0,"max_hp_loss":0,"event_name":"Cursed Tome","floor":22,"gold_loss":0},{"damage_healed":0,"gold_gain":0,"player_choice":"Gave Potion","damage_taken":0,"relics_obtained":["Omamori"],"max_hp_gain":0,"max_hp_loss":0,"event_name":"WeMeetAgain","floor":25,"gold_loss":0}],"is_beta":false,"boss_relics":[{"not_picked":["Velvet Choker","Calling Bell"],"picked":"Coffee Dripper"}],"items_purged_floors":[4,21,29],"is_endless":false,"potions_floor_spawned":[1,8,13,14,16,18,19,27,31],"killed_by":"Collector","ascension_level":1}