{"gold_per_floor":[117,117,132,132,150,150,165,165,165,165,9,40,40,81,81,201,201,219,219,318,58,79,79],"floor_reached":23,"playtime":1280,"items_purged":[],"score":217,"play_id":"76b5067b-708a-4769-8017-82eb4b68a769","local_time":"20190707095224","is_ascension_mode":true,"campfire_choices":[{"data":"Armaments","floor":6,"key":"SMITH"},{"floor":8,"key":"REST"},{"data":"Double Tap","floor":13,"key":"SMITH"},{"floor":15,"key":"REST"}],"neow_cost":"NONE","seed_source_timestamp":783605576641729,"circlet_count":0,"master_deck":["Strike_R","Strike_R","Strike_R+1","Strike_R+1","Defend_R","Defend_R","Bash+1","Warcry","Anger","Armaments+1","Heavy Blade","Double Tap+1","Uppercut","Inflame","Limit Break","Brutality+1","Inflame+1","Sentinel+1","Ghostly Armor","Whirlwind","Thunderclap+1"],"relics":["Burning Blood","Golden Idol","Darkstone Periapt","Singing Bowl","Vajra","Astrolabe","Lantern"],"potions_floor_usage":[12,18],"damage_taken":[{"damage":5,"enemies":"Small Slimes","floor":1,"turns":4},{"damage":2,"enemies":"Jaw Worm","floor":3,"turns":3},{"damage":7,"enemies":"2 Louse","floor":5,"turns":2},{"damage":16,"enemies":"Blue Slaver","floor":7,"turns":3},{"damage":10,"enemies":"Gremlin Nob","floor":12,"turns":3},{"damage":26,"enemies":"Lagavulin","floor":14,"turns":5},{"damage":18,"enemies":"Slime Boss","floor":16,"turns":10},{"damage":32,"enemies":"Shell Parasite","floor":18,"turns":4},{"damage":14,"enemies":"Chosen","floor":22,"turns":4},{"damage":58,"enemies":"Book of Stabbing","floor":23,"turns":4}],"seed_played":"4550633598205007694","potions_obtained":[{"floor":1,"key":"Swift Potion"},{"floor":5,"key":"Regen Potion"},{"floor":7,"key":"Weak Potion"},{"floor":22,"key":"LiquidBronze"}],"is_trial":false,"path_per_floor":["M","?","M","?","M","R","M","R","T","?","$","E","R","E","R","B",null,"M","?","?","$","M","E"],"character_chosen":"IRONCLAD","items_purchased":["Double Tap","Lantern","Ghostly Armor","Whirlwind"],"campfire_rested":2,"item_purchase_floors":[11,21,21,21],"current_hp_per_floor":[80,64,68,68,67,67,57,80,80,80,80,76,76,56,80,68,80,65,65,65,65,57,0],"gold":79,"neow_bonus":"UPGRADE_CARD","is_prod":false,"is_daily":false,"chose_seed":false,"campfire_upgraded":2,"win_rate":0,"timestamp":1562489544,"path_taken":["M","?","M","?","M","R","M","R","T","?","?","E","R","E","R","BOSS","M","?","?","$","M","E"],"build_version":"2019-07-05","purchased_purges":0,"victory":false,"max_hp_per_floor":[80,80,80,80,80,80,80,80,80,80,80,80,80,80,80,80,80,82,82,82,82,82,82],"card_choices":[{"not_picked":["Burning Pact","True Grit"],"picked":"Warcry","floor":1},{"not_picked":["True Grit","Combust"],"picked":"Anger","floor":3},{"not_picked":["Havoc","Shrug It Off"],"picked":"Armaments","floor":5},{"not_picked":["Battle Trance","Anger"],"picked":"Heavy Blade","floor":7},{"not_picked":["Sword Boomerang","Juggernaut"],"picked":"Uppercut","floor":12},{"not_picked":["Perfected Strike","Power Through"],"picked":"Inflame","floor":14},{"not_picked":["Barricade","Fiend Fire"],"picked":"Limit Break","floor":16},{"not_picked":["Corruption","Armaments","Bloodletting"],"picked":"Singing Bowl","floor":18},{"not_picked":["Rupture+1","Flex"],"picked":"Thunderclap+1","floor":22}],"player_experience":54823,"relics_obtained":[{"floor":9,"key":"Darkstone Periapt"},{"floor":12,"key":"Singing Bowl"},{"floor":14,"key":"Vajra"}],"event_choices":[{"damage_healed":0,"gold_gain":0,"player_choice":"Entered Light","damage_taken":16,"max_hp_gain":0,"max_hp_loss":0,"event_name":"Shining Light","floor":2,"gold_loss":0,"cards_upgraded":["Strike_R","Strike_R"]},{"damage_healed":0,"gold_gain":0,"player_choice":"Take Wound","damage_taken":0,"relics_obtained":["Golden Idol"],"max_hp_gain":0,"max_hp_loss":0,"event_name":"Golden Idol","floor":4,"gold_loss":0,"cards_obtained":["Injury"]},{"cards_removed":["Injury"],"damage_healed":0,"gold_gain":0,"player_choice":"Forget","damage_taken":0,"max_hp_gain":0,"max_hp_loss":0,"event_name":"Living Wall","floor":10,"gold_loss":0},{"damage_healed":0,"gold_gain":0,"player_choice":"Ignored","damage_taken":0,"max_hp_gain":0,"max_hp_loss":0,"event_name":"Vampires","floor":19,"gold_loss":0},{"damage_healed":0,"gold_gain":99,"player_choice":"Stole From Cult","damage_taken":0,"max_hp_gain":0,"max_hp_loss":0,"event_name":"Nest","floor":20,"gold_loss":0}],"is_beta":false,"boss_relics":[{"not_picked":["Snecko Eye","Fusion Hammer"],"picked":"Astrolabe"}],"items_purged_floors":[],"is_endless":false,"potions_floor_spawned":[1,5,7,22],"killed_by":"Book of Stabbing","ascension_level":2}