{"gold_per_floor":[117,130,145,160,170,170,182,182,228,247,267,284,284,294,294,395,395,409,427,442,442,461,479,496,496,521,534,549,549,568,588,588,688,688,705,716,733,751,766,766,782,800,800,851,25,37,53,66,66,66],"floor_reached":51,"playtime":6576,"items_purged":[],"score":765,"play_id":"aaeba6e3-dff0-4307-ba97-7ddf5ff5f504","local_time":"20190809213453","is_ascension_mode":false,"campfire_choices":[{"data":"Rage","floor":6.0,"key":"SMITH"},{"data":"Demon Form","floor":8.0,"key":"SMITH"},{"data":"Rage","floor":13.0,"key":"SMITH"},{"data":"Armaments","floor":15.0,"key":"SMITH"},{"data":"Ghostly","floor":29,"key":"SMITH"},{"data":"Ghostly","floor":32,"key":"SMITH"},{"data":"Ghostly","floor":40,"key":"SMITH"},{"data":"Heavy Blade","floor":49,"key":"SMITH"}],"neow_cost":"NONE","seed_source_timestamp":2508802707113500,"circlet_count":0,"master_deck":["Strike_R+1","Strike_R","Strike_R","Strike_R","Strike_R","Defend_R","Defend_R","Defend_R","Defend_R","Bash+1","Reaper","Rage+1","Second Wind","Seeing Red","Inflame","Demon Form+1","Armaments+1","Bloodletting","Pommel Strike","Rage+1","Power Through","Demon Form","Dual Wield","Shrug It Off","Battle Trance","Dual Wield","Entrench","Rupture","Ghostly+1","Ghostly+1","Ghostly+1","Ghostly","Ghostly","Blood for Blood+1","Power Through+1","Flex+1","Heavy Blade","Dark Embrace","Heavy Blade+1","Feel No Pain+1","Blood for Blood+1","Power Through+1","Bludgeon","Evolve","Heavy Blade","Entrench+1","Corruption","Shrug It Off","Blood for Blood","Fiend Fire","Metallicize+1","Rage","Evolve"],"special_seed":0,"relics":["Burning Blood","Whetstone","Philosopher\u0027s Stone","Pen Nib","Snecko Eye","Vajra","Calipers","Pear","Paper Frog"],"potions_floor_usage":[33,38,42,46,50,50],"damage_taken":[{"damage":5.0,"enemies":"Small Slimes","floor":1.0,"turns":4.0},{"damage":0.0,"enemies":"2 Louse","floor":2.0,"turns":3.0},{"damage":10.0,"enemies":"Jaw Worm","floor":3.0,"turns":4.0},{"damage":8.0,"enemies":"Blue Slaver","floor":4.0,"turns":5.0},{"damage":10.0,"enemies":"Red Slaver","floor":5.0,"turns":4.0},{"damage":1.0,"enemies":"Looter","floor":7.0,"turns":4.0},{"damage":21.0,"enemies":"Large Slime","floor":10.0,"turns":6.0},{"damage":35.0,"enemies":"Lots of Slimes","floor":11.0,"turns":6.0},{"damage":20.0,"enemies":"Looter","floor":12.0,"turns":3.0},{"damage":12.0,"enemies":"Blue Slaver","floor":14.0,"turns":5.0},{"damage":72.0,"enemies":"Slime Boss","floor":16.0,"turns":11.0},{"damage":15.0,"enemies":"Shell Parasite","floor":18.0,"turns":5.0},{"damage":41.0,"enemies":"2 Thieves","floor":19.0,"turns":5.0},{"damage":25.0,"enemies":"3 Cultists","floor":20.0,"turns":6.0},{"damage":30.0,"enemies":"Cultist and Chosen","floor":22.0,"turns":9.0},{"damage":12.0,"enemies":"Snecko","floor":23.0,"turns":4.0},{"damage":46.0,"enemies":"Snake Plant","floor":24.0,"turns":9.0},{"damage":14,"enemies":"Shelled Parasite and Fungi","floor":27,"turns":8},{"damage":22,"enemies":"3 Cultists","floor":28,"turns":7},{"damage":1,"enemies":"Snecko","floor":30,"turns":4},{"damage":2,"enemies":"Centurion and Healer","floor":31,"turns":6},{"damage":56,"enemies":"Collector","floor":33,"turns":11},{"damage":6,"enemies":"Orb Walker","floor":35,"turns":7},{"damage":9,"enemies":"3 Shapes","floor":36,"turns":4},{"damage":6,"enemies":"Jaw Worm Horde","floor":37,"turns":4},{"damage":6,"enemies":"Spire Growth","floor":38,"turns":5},{"damage":2,"enemies":"4 Shapes","floor":39,"turns":4},{"damage":0,"enemies":"Maw","floor":41,"turns":6},{"damage":0,"enemies":"Transient","floor":42,"turns":5},{"damage":1,"enemies":"2 Orb Walkers","floor":44,"turns":7},{"damage":5,"enemies":"Jaw Worm Horde","floor":46,"turns":4},{"damage":0,"enemies":"4 Shapes","floor":47,"turns":7},{"damage":2,"enemies":"Transient","floor":48,"turns":5},{"damage":1,"enemies":"Donu and Deca","floor":50,"turns":8}],"seed_played":"8649223195035552512","potions_obtained":[{"floor":3.0,"key":"BloodPotion"},{"floor":4.0,"key":"Ancient Potion"},{"floor":5.0,"key":"EssenceOfSteel"},{"floor":14.0,"key":"Fire Potion"},{"floor":16.0,"key":"GamblersBrew"},{"floor":18.0,"key":"PowerPotion"},{"floor":20.0,"key":"Dexterity Potion"},{"floor":24.0,"key":"PowerPotion"},{"floor":31,"key":"Energy Potion"},{"floor":36,"key":"SkillPotion"},{"floor":39,"key":"SpeedPotion"},{"floor":41,"key":"AttackPotion"},{"floor":44,"key":"Ancient Potion"},{"floor":47,"key":"Swift Potion"}],"is_trial":false,"path_per_floor":["M","M","M","M","M","R","M","R","T","M","M","M","R","M","R","B",null,"M","M","M","?","M","M","M","?","T","M","M","R","M","M","R","B",null,"M","M","M","M","M","R","M","M","T","?","$","M","M","M","R","B",null],"character_chosen":"IRONCLAD","items_purchased":["Pear","Corruption","Shrug It Off","Blood for Blood","Paper Frog","Fiend Fire"],"campfire_rested":0,"item_purchase_floors":[45,45,45,45,45,45],"current_hp_per_floor":[80,80,76,74,76,76,80,80,80,80,80,66,66,73,73,42,80,80,58,56,41,29,63,57,42,42,42,29,29,34,38,38,9,42,42,39,39,42,42,42,42,42,42,42,52,52,52,52,52,52],"gold":66,"neow_bonus":"ONE_RANDOM_RARE_CARD","is_prod":false,"is_daily":false,"chose_seed":false,"campfire_upgraded":8,"win_rate":0.0,"timestamp":1565404493,"path_taken":["M","M","M","M","M","R","M","R","T","M","M","M","R","M","R","BOSS","M","M","M","?","M","M","M","?","T","M","M","R","M","M","R","BOSS","M","M","M","M","M","R","M","M","T","?","$","M","M","M","R","BOSS"],"build_version":"2019-07-17","purchased_purges":0,"victory":true,"max_hp_per_floor":[80,80,80,80,80,80,80,80,80,80,80,80,80,80,80,80,80,80,80,80,85,85,85,85,42,42,42,42,42,42,42,42,42,42,42,42,42,42,42,42,42,42,42,42,52,52,52,52,52,52],"card_choices":[{"not_picked":["Cleave","Armaments"],"picked":"Rage","floor":1.0},{"not_picked":["Body Slam","Warcry"],"picked":"Second Wind","floor":2.0},{"not_picked":["Clothesline","Pommel Strike"],"picked":"Seeing Red","floor":3.0},{"not_picked":["Twin Strike","Whirlwind"],"picked":"Inflame","floor":4.0},{"not_picked":["Anger","Cleave"],"picked":"Demon Form","floor":5.0},{"not_picked":["Cleave","Clash"],"picked":"Armaments","floor":7.0},{"not_picked":["Cleave","Anger"],"picked":"Bloodletting","floor":10.0},{"not_picked":["Cleave","Iron Wave"],"picked":"Pommel Strike","floor":11.0},{"not_picked":["Rupture","Iron Wave"],"picked":"Rage","floor":12.0},{"not_picked":["Cleave","Dropkick"],"picked":"Power Through","floor":14.0},{"not_picked":["Berserk","Double Tap"],"picked":"Demon Form","floor":16.0},{"not_picked":["Body Slam","Anger"],"picked":"Dual Wield","floor":18.0},{"not_picked":["Searing Blow","Carnage"],"picked":"Shrug It Off","floor":19.0},{"not_picked":["Burning Pact+1","Perfected Strike"],"picked":"Battle Trance","floor":20.0},{"not_picked":["Immolate","Whirlwind"],"picked":"Dual Wield","floor":22.0},{"not_picked":["Shockwave","Iron Wave"],"picked":"Entrench","floor":23.0},{"not_picked":["Anger","Reckless Charge"],"picked":"Rupture","floor":24.0},{"not_picked":["Body Slam","Reckless Charge"],"picked":"Blood for Blood+1","floor":27},{"not_picked":["Battle Trance+1","Perfected Strike+1"],"picked":"Power Through+1","floor":28},{"not_picked":["Perfected Strike","Headbutt"],"picked":"Flex+1","floor":30},{"not_picked":["Pommel Strike","Twin Strike"],"picked":"Heavy Blade","floor":31},{"not_picked":["Berserk","Feed"],"picked":"Dark Embrace","floor":33},{"not_picked":["Seeing Red+1","Flex"],"picked":"Heavy Blade","floor":35},{"not_picked":["Carnage","Perfected Strike"],"picked":"Feel No Pain+1","floor":36},{"not_picked":["Dropkick","Combust"],"picked":"Blood for Blood+1","floor":37},{"not_picked":["Armaments+1","Clothesline"],"picked":"Power Through+1","floor":38},{"not_picked":["Headbutt","Ghostly Armor"],"picked":"Bludgeon","floor":39},{"not_picked":["Entrench","Headbutt+1"],"picked":"Evolve","floor":41},{"not_picked":["Inflame+1","Cleave+1"],"picked":"Heavy Blade","floor":42},{"not_picked":["True Grit+1","Heavy Blade"],"picked":"Entrench+1","floor":44},{"not_picked":["Thunderclap+1","Searing Blow+1"],"picked":"Metallicize+1","floor":46},{"not_picked":["Perfected Strike+1","Uppercut"],"picked":"Rage","floor":47},{"not_picked":["True Grit+1","Ghostly Armor+1"],"picked":"Evolve","floor":48}],"player_experience":75273,"relics_obtained":[{"floor":9.0,"key":"Whetstone"},{"floor":26.0,"key":"Pen Nib"},{"floor":43,"key":"Vajra"},{"floor":44,"key":"Calipers"}],"event_choices":[{"damage_healed":0.0,"max_hp_gain":5.0,"max_hp_loss":0.0,"gold_gain":0.0,"event_name":"Forgotten Altar","player_choice":"Shed Blood","floor":21.0,"gold_loss":0.0,"damage_taken":20.0},{"damage_healed":0.0,"max_hp_gain":0.0,"max_hp_loss":43.0,"gold_gain":0.0,"event_name":"Ghosts","player_choice":"Became a Ghost","floor":25.0,"gold_loss":0.0,"damage_taken":0.0,"cards_obtained":["Ghostly","Ghostly","Ghostly","Ghostly","Ghostly"]},{"damage_healed":0,"gold_gain":0,"player_choice":"Fight","damage_taken":0,"max_hp_gain":0,"max_hp_loss":0,"event_name":"Mysterious Sphere","floor":44,"gold_loss":0}],"is_beta":false,"boss_relics":[{"not_picked":["Black Blood","Ectoplasm"],"picked":"Philosopher\u0027s Stone"},{"not_picked":["Runic Dome","Fusion Hammer"],"picked":"Snecko Eye"}],"items_purged_floors":[],"is_endless":false,"potions_floor_spawned":[3,4,5,14,16,18,20,24,31,36,39,41,44,47],"ascension_level":0}