{"path_per_floor":["M","?","$","M","?","R","M","M","T","R","$","R","E","M","R","B",null,"M","?","?","?","?","R","E","R","T","E"],"character_chosen":"DEFECT","items_purchased":[],"gold_per_floor":[10,85,10,23,23,23,36,47,77,77,77,77,110,123,123,222,222,234,234,214,129,129,129,162,162,162,194,194],"floor_reached":28,"campfire_rested":3,"playtime":845,"current_hp_per_floor":[57,46,46,37,34,56,56,51,51,51,51,51,43,40,40,7,58,30,16,16,16,16,55,16,55,55,16,0],"items_purged":["Strike_B"],"gold":194,"score":328,"play_id":"110956ca-f016-4bb3-af05-db3b12d4f4f8","local_time":"20180513181726","is_prod":false,"is_daily":false,"chose_seed":false,"is_ascension_mode":true,"campfire_upgraded":3,"timestamp":1526228246,"path_taken":["M","?","$","?","?","R","M","M","T","R","?","R","E","M","R","BOSS","M","?","?","?","?","R","E","R","T","E","M"],"build_version":"2018-05-12v2","seed_source_timestamp":9532331667148,"purchased_purges":1,"victory":false,"master_deck":["Strike_B","Defend_B","Defend_B","Defend_B","Defend_B","Zap+1","Dualcast+1","Beam Cell","Gash","Beam Cell","Gash+1","All For One","Beam Cell","Pain"],"max_hp_per_floor":[75,75,75,75,75,75,75,75,75,75,75,75,75,75,75,75,75,75,80,80,80,80,80,80,80,80,80,80],"relics":["Cracked Core","Cables","Tiny Chest","Regal Pillow","Cursed Key","Vajra","Matryoshka","Ornamental Fan","Toolbox","Lantern"],"card_choices":[{"not_picked":["Skim","Static Discharge"],"picked":"Beam Cell","floor":1},{"not_picked":["Hologram","Double Energy","Blizzard"],"picked":"SKIP","floor":4},{"not_picked":["Skim","Leap"],"picked":"Gash","floor":7},{"not_picked":["Skim","Leap"],"picked":"Beam Cell","floor":8},{"not_picked":["Ball Lightning","Skim","Rebound"],"picked":"SKIP","floor":13},{"not_picked":["Steam","Buffer"],"picked":"Gash","floor":14},{"not_picked":["Buffer","Machine Learning"],"picked":"All For One","floor":16},{"not_picked":["Cold Snap","Hologram"],"picked":"Beam Cell","floor":18},{"not_picked":["Meteor Strike","Cold Snap","Capacitor"],"picked":"SKIP","floor":24},{"not_picked":["Capacitor","Auto Shields","Redo+1"],"picked":"SKIP","floor":27}],"player_experience":445873,"potions_floor_usage":[14,18],"damage_taken":[{"damage":11,"enemies":"Small Slimes","floor":1,"turns":3},{"damage":9,"enemies":"Jaw Worm","floor":4,"turns":3},{"damage":0,"enemies":"Cultist","floor":7,"turns":3},{"damage":5,"enemies":"2 Fungi Beasts","floor":8,"turns":3},{"damage":8,"enemies":"3 Sentries","floor":13,"turns":6},{"damage":6,"enemies":"3 Louse","floor":14,"turns":2},{"damage":33,"enemies":"The Guardian","floor":16,"turns":9},{"damage":28,"enemies":"Shell Parasite","floor":18,"turns":4},{"damage":39,"enemies":"Slavers","floor":24,"turns":4},{"damage":39,"enemies":"Book of Stabbing","floor":27,"turns":5},{"damage":24,"enemies":"3 Byrds","floor":28,"turns":4}],"event_choices":[{"event_name":"World of Goop","player_choice":"Gather Gold","floor":2,"damage_taken":0},{"event_name":"Scrap Ooze","player_choice":"success","floor":5,"damage_taken":3},{"event_name":"Forgotten Altar","player_choice":"Shed Blood","floor":19,"damage_taken":0},{"event_name":"The Woman in Blue","player_choice":"Bought 1 Potion","floor":20,"damage_taken":0},{"event_name":"Addict","player_choice":"Obtained Relic","floor":21,"damage_taken":0},{"event_name":"Vampires","player_choice":"Ignored","floor":22,"damage_taken":0}],"boss_relics":[{"not_picked":["Ectoplasm","Snecko Eye"],"picked":"Cursed Key"}],"potions_floor_spawned":[4,7,8,13,18,27],"seed_played":"-202559262809926696","killed_by":"3 Byrds","ascension_level":6,"is_trial":false}