{"gold_per_floor":[115,135,38,48,48,48,73,73,73,73,86,101,129,185,185,286,286,286,286,75,0,0,0,0,0,0,0,0,0,0,0,0,0,0,0,0,0,0,0,0,0,0,0,0,0,0,0,0,0,0],"floor_reached":51,"playtime":3798,"items_purged":["Defend_R"],"score":790,"play_id":"375c40ef-016e-4d35-81ad-1f6fa64a88b9","local_time":"20190707001752","is_ascension_mode":true,"campfire_choices":[{"data":"Flex","floor":6,"key":"SMITH"},{"floor":8,"key":"REST"},{"data":"Whirlwind","floor":10,"key":"SMITH"},{"floor":15,"key":"REST"},{"data":"Shrug It Off","floor":23,"key":"SMITH"},{"floor":27,"key":"REST"},{"floor":32,"key":"REST"},{"data":"Limit Break","floor":40,"key":"SMITH"},{"floor":42,"key":"REST"},{"floor":47,"key":"REST"},{"floor":49,"key":"REST"}],"neow_cost":"NONE","seed_source_timestamp":772050180209560,"circlet_count":0,"master_deck":["Strike_R","Strike_R","Strike_R","Strike_R","Defend_R","Defend_R","Bash","Armaments+1","Flex+1","Dramatic Entrance","Whirlwind+1","Cleave","Impervious","Uppercut","Berserk","Thunderclap","Demon Form","Shrug It Off","Shrug It Off+1","Limit Break","Pommel Strike","Wild Strike+1","Seeing Red+1","Flex+1","Reaper","Pommel Strike","Infernal Blade+1","Dropkick+1","Heavy Blade","Heavy Blade","Pommel Strike+1","Limit Break+1","Inflame+1","Perfected Strike","Seeing Red+1","Headbutt+1","Flex+1","Demon Form","Perfected Strike+1"],"relics":["Burning Blood","Gremlin Horn","Pear","Bag of Preparation","PreservedInsect","Ectoplasm","Question Card","Bronze Scales","Bottled Lightning","Orrery","Letter Opener","Ornamental Fan","Gambling Chip","Ice Cream"],"potions_floor_usage":[16,16,33,41,44,50],"damage_taken":[{"damage":9,"enemies":"Jaw Worm","floor":1,"turns":4},{"damage":3,"enemies":"2 Louse","floor":2,"turns":3},{"damage":5,"enemies":"Cultist","floor":4,"turns":5},{"damage":23,"enemies":"Lagavulin","floor":7,"turns":5},{"damage":7,"enemies":"2 Fungi Beasts","floor":11,"turns":2},{"damage":5,"enemies":"Exordium Thugs","floor":12,"turns":3},{"damage":14,"enemies":"3 Sentries","floor":13,"turns":3},{"damage":22,"enemies":"3 Sentries","floor":14,"turns":3},{"damage":55,"enemies":"Hexaghost","floor":16,"turns":8},{"damage":7,"enemies":"Shell Parasite","floor":18,"turns":3},{"damage":0,"enemies":"2 Thieves","floor":19,"turns":1},{"damage":22,"enemies":"Snecko","floor":22,"turns":6},{"damage":38,"enemies":"Book of Stabbing","floor":24,"turns":5},{"damage":13,"enemies":"Cultist and Chosen","floor":28,"turns":3},{"damage":14,"enemies":"Slavers","floor":29,"turns":2},{"damage":13,"enemies":"Shelled Parasite and Fungi","floor":31,"turns":2},{"damage":56,"enemies":"Collector","floor":33,"turns":6},{"damage":30,"enemies":"3 Darklings","floor":35,"turns":4},{"damage":0,"enemies":"3 Shapes","floor":37,"turns":2},{"damage":20,"enemies":"3 Darklings","floor":39,"turns":4},{"damage":35,"enemies":"Reptomancer","floor":41,"turns":3},{"damage":13,"enemies":"Maw","floor":44,"turns":7},{"damage":24,"enemies":"Mind Bloom Boss Battle","floor":45,"turns":4},{"damage":8,"enemies":"Nemesis","floor":46,"turns":5},{"damage":24,"enemies":"Jaw Worm Horde","floor":48,"turns":3},{"damage":79,"enemies":"Donu and Deca","floor":50,"turns":6}],"seed_played":"3638112715849844652","potions_obtained":[{"floor":12,"key":"Dexterity Potion"},{"floor":13,"key":"AttackPotion"},{"floor":14,"key":"FearPotion"},{"floor":16,"key":"AttackPotion"},{"floor":28,"key":"Ancient Potion"},{"floor":33,"key":"SpeedPotion"},{"floor":35,"key":"Fruit Juice"},{"floor":41,"key":"GamblersBrew"},{"floor":44,"key":"FearPotion"}],"is_trial":false,"path_per_floor":["M","M","$","M","?","R","E","R","T","R","M","M","E","?","R","B",null,"M","M","$","?","M","R","E","?","T","R","M","E","?","M","R","B",null,"M","?","M","$","M","R","E","R","T","M","?","E","R","M","R","B",null],"character_chosen":"IRONCLAD","items_purchased":["Dramatic Entrance","Limit Break"],"campfire_rested":7,"item_purchase_floors":[3,20],"current_hp_per_floor":[77,80,80,80,80,80,63,80,90,90,89,90,82,66,90,41,90,89,90,90,90,74,74,42,42,42,69,62,54,54,47,74,24,90,78,78,84,84,78,78,49,76,76,83,65,72,95,77,95,43],"gold":0,"neow_bonus":"REMOVE_CARD","is_prod":false,"is_daily":false,"chose_seed":false,"campfire_upgraded":4,"win_rate":0,"timestamp":1562455072,"path_taken":["M","M","$","M","?","R","E","R","T","R","M","M","E","?","R","BOSS","M","M","$","?","M","R","E","?","T","R","?","E","?","M","R","BOSS","M","?","M","?","?","R","E","R","T","M","?","E","R","M","R","BOSS"],"build_version":"2019-07-05","purchased_purges":1,"victory":true,"max_hp_per_floor":[80,80,80,80,80,80,80,80,90,90,90,90,90,90,90,90,90,90,90,90,90,90,90,90,90,90,90,90,90,90,90,90,90,90,90,90,90,90,90,90,90,90,90,95,95,95,95,95,95,95],"card_choices":[{"not_picked":["Clothesline","Clash"],"picked":"Armaments","floor":1},{"not_picked":["Warcry","Seeing Red"],"picked":"Flex","floor":2},{"not_picked":["Clothesline","Armaments"],"picked":"Whirlwind","floor":4},{"not_picked":["Pommel Strike","Twin Strike"],"picked":"Cleave","floor":7},{"not_picked":["Twin Strike","Heavy Blade"],"picked":"Impervious","floor":11},{"not_picked":["Evolve","Carnage"],"picked":"Uppercut","floor":12},{"not_picked":["Perfected Strike","Armaments"],"picked":"Berserk","floor":13},{"not_picked":["Whirlwind","Rage"],"picked":"Thunderclap","floor":14},{"not_picked":["Juggernaut","Immolate"],"picked":"Demon Form","floor":16},{"not_picked":["Fire Breathing+1","Intimidate"],"picked":"Shrug It Off","floor":18},{"not_picked":["Twin Strike","Thunderclap"],"picked":"Shrug It Off","floor":19},{"not_picked":["Blood for Blood","Feel No Pain"],"picked":"Pommel Strike","floor":22},{"not_picked":["Fiend Fire","Body Slam"],"picked":"Wild Strike+1","floor":24},{"not_picked":["Ghostly Armor+1","Iron Wave","Cleave+1"],"picked":"Seeing Red+1","floor":28},{"not_picked":["Intimidate","Evolve","True Grit"],"picked":"Flex+1","floor":29},{"not_picked":["True Grit","Dropkick","Armaments","Thunderclap+1"],"picked":"SKIP","floor":31},{"not_picked":["Fiend Fire","Immolate","Bludgeon"],"picked":"Reaper","floor":33},{"not_picked":["Hemokinesis","Wild Strike","Warcry"],"picked":"Pommel Strike","floor":34},{"not_picked":["Clothesline+1","Rampage","Burning Pact+1"],"picked":"Infernal Blade+1","floor":34},{"not_picked":["Whirlwind","Searing Blow","True Grit"],"picked":"Dropkick+1","floor":34},{"not_picked":["Sword Boomerang","Twin Strike","Flex"],"picked":"Heavy Blade","floor":34},{"not_picked":["Metallicize","Thunderclap","Juggernaut"],"picked":"Heavy Blade","floor":34},{"not_picked":["Second Wind","Dropkick+1","Shrug It Off"],"picked":"Pommel Strike+1","floor":35},{"not_picked":["Warcry","Perfected Strike+1","Disarm"],"picked":"Inflame+1","floor":37},{"not_picked":["Body Slam","Sword Boomerang","Feel No Pain"],"picked":"Perfected Strike","floor":39},{"not_picked":["Pummel","Pommel Strike+1","Juggernaut"],"picked":"Seeing Red+1","floor":41},{"not_picked":["Havoc","Second Wind","Seeing Red"],"picked":"Headbutt+1","floor":44},{"not_picked":["Sword Boomerang+1","Pummel","Wild Strike+1"],"picked":"Flex+1","floor":45},{"not_picked":["Warcry+1","Headbutt+1","Havoc"],"picked":"Demon Form","floor":46},{"not_picked":["Iron Wave","Thunderclap","Twin Strike"],"picked":"Perfected Strike+1","floor":48}],"player_experience":48312,"relics_obtained":[{"floor":7,"key":"Gremlin Horn"},{"floor":9,"key":"Pear"},{"floor":13,"key":"Bag of Preparation"},{"floor":14,"key":"PreservedInsect"},{"floor":24,"key":"Question Card"},{"floor":26,"key":"Bronze Scales"},{"floor":29,"key":"Bottled Lightning"},{"floor":41,"key":"Letter Opener"},{"floor":43,"key":"Ornamental Fan"},{"floor":45,"key":"Gambling Chip"},{"floor":46,"key":"Ice Cream"}],"event_choices":[{"damage_healed":0,"gold_gain":0,"player_choice":"Grow","damage_taken":0,"max_hp_gain":0,"max_hp_loss":0,"event_name":"Living Wall","floor":5,"gold_loss":0,"cards_upgraded":["Armaments"]},{"damage_healed":0,"gold_gain":0,"player_choice":"Searched \u00272\u0027 times","damage_taken":0,"max_hp_gain":0,"max_hp_loss":0,"event_name":"Dead Adventurer","floor":14,"gold_loss":0},{"cards_removed":["Strike_R"],"damage_healed":0,"gold_gain":0,"player_choice":"Gave Gold","damage_taken":0,"max_hp_gain":0,"max_hp_loss":0,"event_name":"Beggar","floor":21,"gold_loss":75},{"damage_healed":0,"gold_gain":275,"player_choice":"Desecrate","damage_taken":0,"max_hp_gain":0,"max_hp_loss":0,"event_name":"Golden Shrine","floor":25,"gold_loss":0,"cards_obtained":["Regret"]},{"cards_removed":["Regret"],"damage_healed":0,"gold_gain":0,"player_choice":"Elegance","damage_taken":0,"max_hp_gain":0,"max_hp_loss":0,"event_name":"Back to Basics","floor":30,"gold_loss":0},{"damage_healed":0,"gold_gain":0,"player_choice":"Copied","damage_taken":0,"max_hp_gain":0,"max_hp_loss":0,"event_name":"Duplicator","floor":36,"gold_loss":0,"cards_obtained":["Limit Break"]},{"damage_healed":0,"gold_gain":0,"player_choice":"Fight","damage_taken":0,"max_hp_gain":0,"max_hp_loss":0,"event_name":"MindBloom","floor":45,"gold_loss":0}],"is_beta":false,"boss_relics":[{"not_picked":["Empty Cage","Runic Pyramid"],"picked":"Ectoplasm"},{"not_picked":["Tiny House","Eternal Feather"],"picked":"Orrery"}],"items_purged_floors":[20],"is_endless":false,"potions_floor_spawned":[12,13,14,16,28,29,31,33,35,41,44,45],"ascension_level":1}