{"gold_per_floor":[118,118,131,149,149,149,180,198,198,198,217,217,227,245,245,245],"floor_reached":16,"playtime":857,"items_purged":[],"score":161,"play_id":"77c99a31-8a5a-4c85-826d-172752fc290c","local_time":"20190325212143","is_ascension_mode":true,"campfire_choices":[{"data":"Armaments","floor":6,"key":"SMITH"},{"data":"Searing Blow","floor":10,"key":"SMITH"},{"data":"Searing Blow+1","floor":12,"key":"SMITH"},{"floor":15,"key":"REST"}],"neow_cost":"NONE","seed_source_timestamp":172024244614258,"circlet_count":0,"master_deck":["AscendersBane","Strike_R","Strike_R","Strike_R","Strike_R","Strike_R","Defend_R","Defend_R","Defend_R","Defend_R","Bash","Flex","Pain","Armaments+1","Searing Blow+2","Battle Trance","Whirlwind","Shockwave","Reaper","Dual Wield"],"relics":["Burning Blood","WarpedTongs","Smiling Mask","Potion Belt"],"potions_floor_usage":[13,16,16],"damage_taken":[{"damage":14,"enemies":"Jaw Worm","floor":1,"turns":5},{"damage":7,"enemies":"Cultist","floor":3,"turns":3},{"damage":5,"enemies":"2 Louse","floor":4,"turns":3},{"damage":52,"enemies":"3 Sentries","floor":7,"turns":11},{"damage":11,"enemies":"Blue Slaver","floor":8,"turns":4},{"damage":2,"enemies":"Large Slime","floor":11,"turns":4},{"damage":8,"enemies":"Red Slaver","floor":13,"turns":4},{"damage":22,"enemies":"2 Fungi Beasts","floor":14,"turns":4},{"damage":60,"enemies":"Slime Boss","floor":16,"turns":8}],"seed_played":"-5086177718380405703","potions_obtained":[{"floor":1,"key":"BloodPotion"},{"floor":7,"key":"SkillPotion"},{"floor":13,"key":"Weak Potion"}],"is_trial":false,"path_per_floor":["M","?","M","M","$","R","E","M","T","R","M","R","M","M","R","B"],"character_chosen":"IRONCLAD","items_purchased":[],"campfire_rested":1,"item_purchase_floors":[],"current_hp_per_floor":[72,72,71,72,72,72,26,21,21,21,25,25,31,23,49,0],"gold":245,"neow_bonus":"TEN_PERCENT_HP_BONUS","is_prod":false,"is_daily":false,"chose_seed":false,"campfire_upgraded":3,"win_rate":0,"timestamp":1553574103,"path_taken":["M","?","M","M","?","R","E","M","T","R","M","R","M","M","R","BOSS"],"build_version":"2019-01-23","purchased_purges":0,"victory":false,"max_hp_per_floor":[88,88,88,88,88,88,88,88,88,88,88,88,88,88,88,88],"card_choices":[{"not_picked":["Bloodletting","Havoc"],"picked":"Flex","floor":1},{"not_picked":["Carnage","Iron Wave"],"picked":"Armaments","floor":3},{"not_picked":["Sever Soul","Perfected Strike"],"picked":"Searing Blow","floor":4},{"not_picked":["Infernal Blade","Anger"],"picked":"Battle Trance","floor":7},{"not_picked":["Thunderclap","Twin Strike"],"picked":"Whirlwind","floor":8},{"not_picked":["Rampage","Body Slam"],"picked":"Shockwave","floor":11},{"not_picked":["Havoc","Thunderclap"],"picked":"Reaper","floor":13},{"not_picked":["Seeing Red","Warcry"],"picked":"Dual Wield","floor":14}],"player_experience":544004,"relics_obtained":[{"floor":7,"key":"Smiling Mask"},{"floor":9,"key":"Potion Belt"}],"event_choices":[{"damage_healed":0,"gold_gain":0,"player_choice":"Rummage","damage_taken":0,"relics_obtained":["WarpedTongs"],"max_hp_gain":0,"max_hp_loss":0,"event_name":"Accursed Blacksmith","floor":2,"gold_loss":0,"cards_obtained":["Pain"]}],"is_beta":false,"boss_relics":[],"items_purged_floors":[],"is_endless":false,"potions_floor_spawned":[1,7,8,13],"killed_by":"Slime Boss","ascension_level":11}