{"gold_per_floor":[116,86,98,98,23,36,46,46,93,113,130,130,144,44,44,145,145,164,175,250,21,32,32,32],"floor_reached":24,"playtime":1211,"items_purged":["Defend_R","Strike_R","Strike_R"],"score":190,"play_id":"834dcba6-294c-4c2b-b687-a3b22b84fb3a","local_time":"20190127133147","is_ascension_mode":false,"campfire_choices":[{"data":"Pommel Strike","floor":8,"key":"SMITH"},{"data":"Pommel Strike","floor":12,"key":"SMITH"},{"floor":15,"key":"REST"},{"floor":23,"key":"REST"}],"neow_cost":"PERCENT_DAMAGE","seed_source_timestamp":132990788909210,"circlet_count":0,"master_deck":["Strike_R","Strike_R","Defend_R","Defend_R","Bash","Impervious","Pommel Strike+1","Pommel Strike+1","Limit Break","Metallicize","Shrug It Off","Dropkick"],"relics":["Burning Blood","Red Skull","Black Star"],"potions_floor_usage":[13,16,16,22,22,22],"damage_taken":[{"damage":4,"enemies":"2 Louse","floor":1,"turns":3},{"damage":6,"enemies":"Cultist","floor":3,"turns":3},{"damage":8,"enemies":"Jaw Worm","floor":6,"turns":3},{"damage":10,"enemies":"Lots of Slimes","floor":7,"turns":5},{"damage":16,"enemies":"Gremlin Gang","floor":10,"turns":4},{"damage":12,"enemies":"Blue Slaver","floor":11,"turns":2},{"damage":10,"enemies":"Exordium Thugs","floor":13,"turns":2},{"damage":43,"enemies":"Hexaghost","floor":16,"turns":9},{"damage":42,"enemies":"Shell Parasite","floor":18,"turns":5},{"damage":27,"enemies":"2 Thieves","floor":19,"turns":4},{"damage":5,"enemies":"Snake Plant","floor":22,"turns":4},{"damage":45,"enemies":"Book of Stabbing","floor":24,"turns":5}],"seed_played":"4267292355951904702","potions_obtained":[{"floor":1,"key":"SpeedPotion"},{"floor":2,"key":"Explosive Potion"},{"floor":2,"key":"SmokeBomb"},{"floor":7,"key":"Poison Potion"},{"floor":13,"key":"LiquidBronze"},{"floor":19,"key":"LiquidBronze"},{"floor":22,"key":"SteroidPotion"}],"is_trial":false,"path_per_floor":["M","?","M","?","$","M","M","R","T","M","M","R","M","$","R","B",null,"M","M","?","$","M","R","E"],"character_chosen":"IRONCLAD","items_purchased":["Shrug It Off","PowerPotion"],"campfire_rested":2,"item_purchase_floors":[21,21],"current_hp_per_floor":[58,58,58,58,58,56,52,52,52,42,36,36,32,32,56,19,80,44,23,15,15,16,40,0],"gold":32,"neow_bonus":"REMOVE_TWO","is_prod":false,"is_daily":false,"chose_seed":false,"campfire_upgraded":2,"win_rate":0,"timestamp":1548621107,"path_taken":["M","?","?","?","$","M","?","R","T","M","M","R","?","$","R","BOSS","M","M","?","?","M","R","E"],"build_version":"2019-01-23","purchased_purges":3,"victory":false,"max_hp_per_floor":[80,80,80,80,80,80,80,80,80,80,80,80,80,80,80,80,80,80,80,80,80,80,80,80],"card_choices":[{"not_picked":["Sentinel","Armaments","Clothesline"],"picked":"SKIP","floor":1},{"not_picked":["Hemokinesis","Body Slam","Warcry"],"picked":"SKIP","floor":3},{"not_picked":["Perfected Strike","Havoc"],"picked":"Pommel Strike","floor":6},{"not_picked":["Thunderclap","Evolve"],"picked":"Pommel Strike","floor":7},{"not_picked":["Pommel Strike","Headbutt","Anger"],"picked":"SKIP","floor":10},{"not_picked":["Pommel Strike","Headbutt","Anger"],"picked":"SKIP","floor":10},{"not_picked":["Shockwave","Spot Weakness","Sentinel"],"picked":"SKIP","floor":11},{"not_picked":["Hemokinesis","Sword Boomerang","Shockwave"],"picked":"SKIP","floor":13},{"not_picked":["Feed","Exhume"],"picked":"Limit Break","floor":16},{"not_picked":["Warcry","Metallicize+1","Heavy Blade"],"picked":"SKIP","floor":18},{"not_picked":["Warcry","Anger"],"picked":"Metallicize","floor":19},{"not_picked":["Wild Strike","True Grit"],"picked":"Dropkick","floor":22}],"player_experience":325912,"relics_obtained":[{"floor":9,"key":"Red Skull"}],"event_choices":[{"damage_healed":0,"gold_gain":0,"player_choice":"Bought 2 Potions","damage_taken":0,"max_hp_gain":0,"max_hp_loss":0,"event_name":"The Woman in Blue","floor":2,"gold_loss":0},{"damage_healed":0,"gold_gain":0,"player_choice":"1 cards matched","damage_taken":0,"max_hp_gain":0,"max_hp_loss":0,"event_name":"Match and Keep!","floor":4,"gold_loss":0,"cards_obtained":["Impervious"]},{"damage_healed":0,"gold_gain":75,"player_choice":"Touch","damage_taken":8,"max_hp_gain":0,"max_hp_loss":0,"event_name":"FaceTrader","floor":20,"gold_loss":0}],"is_beta":false,"boss_relics":[{"not_picked":["White Beast Statue","Black Blood"],"picked":"Black Star"}],"items_purged_floors":[5,14,21],"is_endless":false,"potions_floor_spawned":[1,7,13,19,22],"killed_by":"Book of Stabbing","ascension_level":0}