{"path_per_floor":["M","?","?","M","M","$","R","M","T","M","E","R","E","?","R"],"character_chosen":"DEFECT","items_purchased":["Regal Pillow"],"gold_per_floor":[119,119,194,212,230,6,6,20,20,40,68,68,100,275,275,275],"floor_reached":16,"campfire_rested":1,"playtime":433,"current_hp_per_floor":[63,49,38,33,33,33,68,67,67,61,53,53,43,43,43,0],"items_purged":["Strike_B"],"gold":275,"score":143,"play_id":"766cca12-65eb-42c3-8c8f-7a5fcd42687f","local_time":"20180516184933","is_prod":false,"is_daily":false,"chose_seed":false,"is_ascension_mode":true,"campfire_upgraded":2,"timestamp":1526489373,"path_taken":["M","?","?","M","M","$","R","M","T","?","E","R","E","?","R","BOSS"],"build_version":"2018-05-15","seed_source_timestamp":74655281871063,"purchased_purges":1,"victory":false,"master_deck":["Strike_B+1","Defend_B","Defend_B","Defend_B","Defend_B","Zap+1","Dualcast+1","Gash","Scrape+1","Axe Kick","Axe Kick","Doubt"],"max_hp_per_floor":[68,68,68,68,68,68,68,68,68,68,68,68,68,68,68,68],"relics":["Cracked Core","Regal Pillow","Letter Opener","Anchor","Prayer Wheel"],"card_choices":[{"not_picked":["Rebound","Sunder","Capacitor"],"picked":"SKIP","floor":1},{"not_picked":["Blizzard","Melter"],"picked":"Gash","floor":4},{"not_picked":["Beam Cell","Rebound"],"picked":"Scrape","floor":5},{"not_picked":["Force Field","Sunder"],"picked":"Axe Kick","floor":8},{"not_picked":["Lockon","BootSequence","Barrage"],"picked":"SKIP","floor":10},{"not_picked":["BootSequence","Stack"],"picked":"Axe Kick","floor":11},{"not_picked":["Cold Snap","Capacitor","BootSequence"],"picked":"SKIP","floor":13}],"player_experience":451429,"potions_floor_usage":[13,16],"damage_taken":[{"damage":5,"enemies":"Cultist","floor":1,"turns":4},{"damage":5,"enemies":"Small Slimes","floor":4,"turns":3},{"damage":0,"enemies":"2 Louse","floor":5,"turns":2},{"damage":1,"enemies":"2 Fungi Beasts","floor":8,"turns":2},{"damage":6,"enemies":"Exordium Wildlife","floor":10,"turns":2},{"damage":8,"enemies":"3 Sentries","floor":11,"turns":6},{"damage":10,"enemies":"Gremlin Nob","floor":13,"turns":3},{"damage":43,"enemies":"Hexaghost","floor":16,"turns":9}],"relics_obtained":[{"floor":9,"key":"Letter Opener"},{"floor":11,"key":"Anchor"},{"floor":13,"key":"Prayer Wheel"}],"event_choices":[{"event_name":"Shining Light","player_choice":"Entered Light","floor":2,"damage_taken":0},{"event_name":"World of Goop","player_choice":"Gather Gold","floor":3,"damage_taken":0},{"event_name":"Liars Game","player_choice":"agreed","floor":14,"damage_taken":0}],"boss_relics":[],"potions_floor_spawned":[1,4,11],"seed_played":"-3911676376189234284","killed_by":"Hexaghost","ascension_level":6,"potions_obtained":[{"floor":1,"key":"Explosive Potion"},{"floor":4,"key":"EssenceOfSteel"},{"floor":11,"key":"Poison Potion"}],"is_trial":false}