{"gold_per_floor":[112,112,0,75,250,250,276,276,326,326,355,365,378,395,395,490,540,554,13,29,29,49,49,80,80,80,115,115,125,125,137,137,137],"floor_reached":33,"playtime":2608,"items_purged":["Strike_G","Strike_G"],"score":308,"play_id":"a31a4903-4387-40bb-8846-8adb9d5ddc5d","local_time":"20181219173623","is_ascension_mode":true,"campfire_choices":[{"data":"Neutralize","floor":6,"key":"SMITH"},{"floor":8,"key":"REST"},{"data":"Footwork","floor":10,"key":"SMITH"},{"data":"Caltrops","floor":15,"key":"SMITH"},{"data":"1","floor":23,"key":"LIFT"},{"floor":25,"key":"REST"},{"data":"2","floor":28,"key":"LIFT"},{"floor":32,"key":"REST"}],"neow_cost":"NONE","seed_source_timestamp":27510270259135,"circlet_count":0,"master_deck":["Defend_G+1","Defend_G","Defend_G","Defend_G+1","Defend_G","Strike_G+1","Strike_G","Strike_G","Survivor","Neutralize+1","Blade Dance","Footwork+1","Doubt","Heel Hook","Dodge and Roll","Caltrops+1","Well Laid Plans","Dagger Throw","Corpse Explosion","Deadly Poison","Dagger Throw","Tactician","Caltrops","Tactician","Footwork","Outmaneuver+1","Backflip+1","Infinite Blades+1","Dagger Throw","Bullet Time"],"relics":["Ancient Tea Set","Snake Skull","Art of War","Tiny House","Girya","Happy Flower","Ice Cream","Blood Vial","Nloth\u0027s Gift"],"potions_floor_usage":[12,12,12,16,16,24,24,24,31,33],"damage_taken":[{"damage":5,"enemies":"Small Slimes","floor":1,"turns":5},{"damage":31,"enemies":"3 Sentries","floor":7,"turns":14},{"damage":36,"enemies":"Gremlin Nob","floor":11,"turns":5},{"damage":1,"enemies":"2 Louse","floor":12,"turns":12},{"damage":0,"enemies":"Jaw Worm","floor":13,"turns":4},{"damage":0,"enemies":"Blue Slaver","floor":14,"turns":5},{"damage":25,"enemies":"The Guardian","floor":16,"turns":13},{"damage":1,"enemies":"Chosen","floor":18,"turns":6},{"damage":9,"enemies":"Shell Parasite","floor":20,"turns":5},{"damage":26,"enemies":"Snake Plant","floor":22,"turns":4},{"damage":28,"enemies":"Book of Stabbing","floor":24,"turns":5},{"damage":11,"enemies":"Gremlin Leader","floor":27,"turns":5},{"damage":0,"enemies":"Sentry and Sphere","floor":29,"turns":4},{"damage":18,"enemies":"Cultist and Chosen","floor":31,"turns":8},{"damage":43,"enemies":"Champ","floor":33,"turns":10}],"seed_played":"-2147613621903097112","potions_obtained":[{"floor":11,"key":"EntropicBrew"},{"floor":14,"key":"Dexterity Potion"},{"floor":16,"key":"Dexterity Potion"},{"floor":17,"key":"Strength Potion"},{"floor":22,"key":"FearPotion"},{"floor":27,"key":"EssenceOfSteel"},{"floor":31,"key":"FearPotion"}],"is_trial":false,"path_per_floor":["M","?","$","?","?","R","E","R","T","R","E","M","M","M","R","B",null,"M","$","M","?","M","R","E","R","T","E","R","M","?","M","R","B"],"character_chosen":"THE_SILENT","items_purchased":["Footwork","Girya","Tactician","Caltrops"],"campfire_rested":3,"item_purchase_floors":[3,19,19,19],"current_hp_per_floor":[72,57,57,46,46,46,15,38,38,38,2,56,56,56,56,31,82,81,81,72,72,46,46,18,42,42,31,31,33,33,17,41,0],"gold":137,"neow_bonus":"TEN_PERCENT_HP_BONUS","is_prod":false,"is_daily":false,"chose_seed":false,"campfire_upgraded":3,"win_rate":0,"timestamp":1545266183,"path_taken":["M","?","$","?","?","R","E","R","T","R","E","?","M","M","R","BOSS","M","$","M","?","M","R","E","R","T","E","R","M","?","M","R","BOSS"],"build_version":"2018-12-13","purchased_purges":2,"victory":false,"max_hp_per_floor":[77,77,77,77,77,77,77,77,77,77,77,77,77,77,77,77,82,82,82,82,82,82,82,82,82,82,82,82,82,82,82,82,82],"card_choices":[{"not_picked":["Dodge and Roll","Flechettes"],"picked":"Blade Dance","floor":1},{"not_picked":["Finisher","Bouncing Flask"],"picked":"Heel Hook","floor":7},{"not_picked":["Bane","A Thousand Cuts"],"picked":"Dodge and Roll","floor":11},{"not_picked":["Backstab","Sucker Punch"],"picked":"Caltrops","floor":12},{"not_picked":["Underhanded Strike","Blade Dance"],"picked":"Well Laid Plans","floor":13},{"not_picked":["Sucker Punch","Deflect"],"picked":"Dagger Throw","floor":14},{"not_picked":["Malaise","Adrenaline"],"picked":"Corpse Explosion","floor":16},{"not_picked":["Escape Plan","Deflect"],"picked":"Deadly Poison","floor":17},{"not_picked":["Deflect","Backstab"],"picked":"Dagger Throw","floor":18},{"not_picked":["Escape Plan","Blade Dance"],"picked":"Tactician","floor":20},{"not_picked":["Flechettes","Eviscerate"],"picked":"Outmaneuver+1","floor":22},{"not_picked":["Dagger Spray","Predator+1"],"picked":"Backflip+1","floor":24},{"not_picked":["Heel Hook","Deadly Poison+1"],"picked":"Infinite Blades+1","floor":27},{"not_picked":["Riddle With Holes","Dash"],"picked":"Dagger Throw","floor":29},{"not_picked":["Underhanded Strike","Quick Slash"],"picked":"Bullet Time","floor":31}],"player_experience":107749,"relics_obtained":[{"floor":7,"key":"Ancient Tea Set"},{"floor":9,"key":"Snake Skull"},{"floor":11,"key":"Art of War"},{"floor":24,"key":"Happy Flower"},{"floor":26,"key":"Ice Cream"},{"floor":27,"key":"Blood Vial"}],"event_choices":[{"damage_healed":0,"gold_gain":0,"player_choice":"Entered Light","damage_taken":15,"max_hp_gain":0,"max_hp_loss":0,"event_name":"Shining Light","floor":2,"gold_loss":0,"cards_upgraded":["Defend_G","Strike_G"]},{"damage_healed":0,"gold_gain":75,"player_choice":"Gather Gold","damage_taken":11,"max_hp_gain":0,"max_hp_loss":0,"event_name":"World of Goop","floor":4,"gold_loss":0},{"damage_healed":0,"gold_gain":175,"player_choice":"AGREE","damage_taken":0,"max_hp_gain":0,"max_hp_loss":0,"event_name":"Liars Game","floor":5,"gold_loss":0,"cards_obtained":["Doubt"]},{"damage_healed":0,"gold_gain":0,"player_choice":"Read","damage_taken":0,"max_hp_gain":0,"max_hp_loss":0,"event_name":"The Library","floor":21,"gold_loss":0,"cards_obtained":["Footwork"]},{"damage_healed":0,"gold_gain":0,"player_choice":"Traded Relic","damage_taken":0,"relics_obtained":["Nloth\u0027s Gift"],"max_hp_gain":0,"max_hp_loss":0,"event_name":"N\u0027loth","floor":30,"relics_lost":["Ring of the Snake"],"gold_loss":0}],"is_beta":false,"boss_relics":[{"not_picked":["Ectoplasm","Lizard Tail"],"picked":"Tiny House"}],"items_purged_floors":[3,19],"is_endless":false,"potions_floor_spawned":[11,14,16,22,27,31],"killed_by":"Champ","ascension_level":1}