{"gold_per_floor":[110,35,47,57,73,73,107,127,152,152,152,162,39,64,64,64],"floor_reached":16,"playtime":816,"items_purged":["Defend_R","Strike_R"],"score":159,"play_id":"266febee-2b44-4f81-ac31-f8ab62d5ff7e","local_time":"20181230224944","is_ascension_mode":true,"campfire_choices":[{"data":"Inflame","floor":6,"key":"SMITH"},{"data":"Bash","floor":10,"key":"SMITH"},{"data":"Cleave","floor":15,"key":"SMITH"}],"neow_cost":"NONE","seed_source_timestamp":47729584578996,"circlet_count":0,"master_deck":["Strike_R","Strike_R","Strike_R","Strike_R","Defend_R","Defend_R","Defend_R","Bash+1","Cleave+1","Burning Pact","Inflame+1","Disarm","Ghostly Armor","Shrug It Off","Barricade"],"relics":["Burning Blood","Pear","Juzu Bracelet"],"potions_floor_usage":[4,12],"damage_taken":[{"damage":7,"enemies":"2 Louse","floor":1,"turns":3},{"damage":3,"enemies":"Small Slimes","floor":3,"turns":3},{"damage":6,"enemies":"Cultist","floor":4,"turns":3},{"damage":22,"enemies":"Looter","floor":5,"turns":3},{"damage":40,"enemies":"Lagavulin","floor":7,"turns":6},{"damage":9,"enemies":"Blue Slaver","floor":8,"turns":4},{"damage":9,"enemies":"2 Fungi Beasts","floor":12,"turns":4},{"damage":33,"enemies":"3 Sentries","floor":14,"turns":9},{"damage":37,"enemies":"Slime Boss","floor":16,"turns":10}],"seed_played":"1224836026769369233","potions_obtained":[{"floor":1,"key":"SteroidPotion"},{"floor":4,"key":"BloodPotion"},{"floor":5,"key":"Ancient Potion"},{"floor":8,"key":"GamblersBrew"}],"is_trial":false,"path_per_floor":["M","$","M","M","M","R","E","M","T","R","?","M","$","E","R","B"],"character_chosen":"IRONCLAD","items_purchased":["Shrug It Off"],"campfire_rested":0,"item_purchase_floors":[13],"current_hp_per_floor":[87,87,88,88,72,72,48,45,45,45,50,57,57,30,30,0],"gold":64,"neow_bonus":"TEN_PERCENT_HP_BONUS","is_prod":false,"is_daily":false,"chose_seed":false,"campfire_upgraded":3,"win_rate":0,"timestamp":1546235384,"path_taken":["M","$","M","M","M","R","E","M","T","R","?","M","$","E","R","BOSS"],"build_version":"2018-12-20","purchased_purges":2,"victory":false,"max_hp_per_floor":[88,88,88,88,88,88,98,98,98,98,103,103,103,103,103,103],"card_choices":[{"not_picked":["Ghostly Armor","Anger"],"picked":"Cleave","floor":1},{"not_picked":["Havoc","Body Slam"],"picked":"Burning Pact","floor":3},{"not_picked":["Pommel Strike","Sword Boomerang","Heavy Blade"],"picked":"SKIP","floor":4},{"not_picked":["Heavy Blade","Havoc"],"picked":"Inflame","floor":5},{"not_picked":["Clash","Reckless Charge","Cleave"],"picked":"SKIP","floor":7},{"not_picked":["Warcry","Pommel Strike"],"picked":"Disarm","floor":8},{"not_picked":["Cleave","Combust"],"picked":"Ghostly Armor","floor":12},{"not_picked":["Body Slam","Clash"],"picked":"Barricade","floor":14}],"player_experience":215044,"relics_obtained":[{"floor":7,"key":"Pear"},{"floor":14,"key":"Juzu Bracelet"}],"event_choices":[{"damage_healed":0,"gold_gain":0,"player_choice":"Donut","damage_taken":0,"max_hp_gain":5,"max_hp_loss":0,"event_name":"Big Fish","floor":11,"gold_loss":0}],"is_beta":false,"boss_relics":[],"items_purged_floors":[2,13],"is_endless":false,"potions_floor_spawned":[1,4,5,8],"killed_by":"Slime Boss","ascension_level":4}