{"gold_per_floor":[117,134,153,179,35,35,35,66,90,119,119,119,137,87,87,87],"floor_reached":16,"playtime":705,"items_purged":[],"score":173,"play_id":"62590c96-99d2-4dc7-ba3e-0792871afb81","local_time":"20190407081623","is_ascension_mode":true,"campfire_choices":[{"data":"Bash","floor":7,"key":"SMITH"},{"floor":12,"key":"REST"},{"data":"Rage","floor":15,"key":"SMITH"}],"neow_cost":"PERCENT_DAMAGE","seed_source_timestamp":93397469513398,"circlet_count":0,"master_deck":["AscendersBane","Strike_R","Strike_R","Strike_R+1","Strike_R+1","Defend_R","Defend_R","Defend_R","Defend_R","Bash+1","Pummel","Thunderclap","Pain","Rage+1"],"relics":["Burning Blood","WingedGreaves","Bag of Preparation","PreservedInsect","Whetstone","Juzu Bracelet","Blood Vial","WarpedTongs"],"potions_floor_usage":[8,10],"damage_taken":[{"damage":11,"enemies":"Cultist","floor":1,"turns":4},{"damage":19,"enemies":"Jaw Worm","floor":2,"turns":5},{"damage":7,"enemies":"2 Louse","floor":3,"turns":3},{"damage":8,"enemies":"Gremlin Nob","floor":8,"turns":3},{"damage":27,"enemies":"Lagavulin","floor":10,"turns":6},{"damage":14,"enemies":"Looter","floor":13,"turns":3},{"damage":56,"enemies":"Hexaghost","floor":16,"turns":9}],"seed_played":"2355799367223513903","potions_obtained":[{"floor":2,"key":"EssenceOfSteel"},{"floor":3,"key":"Poison Potion"}],"is_trial":false,"path_per_floor":["M","M","M","T","$","?","R","E","T","E","?","R","M","?","R","B"],"character_chosen":"IRONCLAD","items_purchased":["PreservedInsect"],"campfire_rested":1,"item_purchase_floors":[5],"current_hp_per_floor":[46,33,32,32,32,58,58,56,56,35,35,59,53,53,53,0],"gold":87,"neow_bonus":"ONE_RARE_RELIC","is_prod":false,"is_daily":false,"chose_seed":false,"campfire_upgraded":2,"win_rate":0,"timestamp":1554650183,"path_taken":["M","M","M","?","$","?","R","E","T","E","?","R","M","?","R","BOSS"],"build_version":"2019-01-23","purchased_purges":0,"victory":false,"max_hp_per_floor":[80,80,80,80,80,80,80,80,80,80,80,80,80,80,80,80],"card_choices":[{"not_picked":["Warcry","Havoc"],"picked":"Pummel","floor":1},{"not_picked":["Pummel","Heavy Blade"],"picked":"Thunderclap","floor":2},{"not_picked":["Heavy Blade","Perfected Strike","Thunderclap"],"picked":"SKIP","floor":3},{"not_picked":["Flex","Perfected Strike","Thunderclap"],"picked":"SKIP","floor":8},{"not_picked":["Clash","Reckless Charge","Havoc"],"picked":"SKIP","floor":10},{"not_picked":["Flex","Blood for Blood"],"picked":"Rage","floor":13}],"player_experience":616525,"relics_obtained":[{"floor":4,"key":"Bag of Preparation"},{"floor":8,"key":"Whetstone"},{"floor":9,"key":"Juzu Bracelet"},{"floor":10,"key":"Blood Vial"}],"event_choices":[{"damage_healed":26,"gold_gain":0,"player_choice":"Banana","damage_taken":0,"max_hp_gain":0,"max_hp_loss":0,"event_name":"Big Fish","floor":6,"gold_loss":0},{"damage_healed":0,"gold_gain":0,"player_choice":"Rummage","damage_taken":0,"relics_obtained":["WarpedTongs"],"max_hp_gain":0,"max_hp_loss":0,"event_name":"Accursed Blacksmith","floor":11,"gold_loss":0,"cards_obtained":["Pain"]},{"cards_removed":["Strike_R"],"damage_healed":0,"gold_gain":0,"player_choice":"Card Removal","damage_taken":0,"max_hp_gain":0,"max_hp_loss":0,"event_name":"The Cleric","floor":14,"gold_loss":50}],"is_beta":false,"boss_relics":[],"items_purged_floors":[],"is_endless":false,"potions_floor_spawned":[2,3],"killed_by":"Hexaghost","ascension_level":12}