{"gold_per_floor":[119,44,44,44,55,55,115,115,115,129,141,141,151,163,163,266,266],"floor_reached":17,"playtime":558,"items_purged":["Normality"],"score":157,"play_id":"7aef3a9f-5d76-406b-8c47-c800ce10b196","local_time":"20190201211532","is_ascension_mode":false,"campfire_choices":[{"data":"Whirlwind","floor":6,"key":"SMITH"},{"data":"Shrug It Off","floor":8,"key":"SMITH"},{"data":"Bash","floor":12,"key":"SMITH"},{"data":"Havoc","floor":15,"key":"SMITH"}],"neow_cost":"CURSE","seed_source_timestamp":408396257097077,"circlet_count":0,"master_deck":["Strike_R+1","Strike_R","Strike_R","Strike_R","Strike_R","Defend_R+1","Defend_R","Defend_R","Defend_R","Bash+1","Shrug It Off+1","Whirlwind+1","Bandage Up","Havoc+1","Sever Soul","Corruption","Clash","Shrug It Off","Spot Weakness"],"relics":["Burning Blood","Incense Burner","Tiny Chest","Thread and Needle","Orrery"],"potions_floor_usage":[16,16],"damage_taken":[{"damage":10,"enemies":"Cultist","floor":1,"turns":4},{"damage":6,"enemies":"2 Louse","floor":5,"turns":2},{"damage":22,"enemies":"Gremlin Nob","floor":7,"turns":4},{"damage":0,"enemies":"Small Slimes","floor":10,"turns":3},{"damage":1,"enemies":"Looter","floor":11,"turns":4},{"damage":0,"enemies":"Gremlin Gang","floor":13,"turns":1},{"damage":0,"enemies":"3 Louse","floor":14,"turns":1},{"damage":32,"enemies":"The Guardian","floor":16,"turns":9}],"seed_played":"-8051073995713156813","potions_obtained":[{"floor":1,"key":"SmokeBomb"},{"floor":7,"key":"GamblersBrew"},{"floor":10,"key":"AttackPotion"},{"floor":14,"key":"Block Potion"}],"is_trial":false,"path_per_floor":["M","$","?","?","M","R","E","R","T","M","M","R","M","M","R","B",null],"character_chosen":"IRONCLAD","items_purchased":[],"campfire_rested":0,"item_purchase_floors":[],"current_hp_per_floor":[76,76,60,60,64,64,48,48,48,58,67,67,73,79,79,54,80],"gold":266,"neow_bonus":"ONE_RARE_RELIC","is_prod":false,"is_daily":false,"chose_seed":false,"campfire_upgraded":4,"win_rate":0,"timestamp":1549080932,"path_taken":["M","$","?","?","M","R","E","R","T","M","M","R","?","?","R","BOSS"],"build_version":"2019-01-23","purchased_purges":1,"victory":false,"max_hp_per_floor":[80,80,80,80,80,80,80,80,80,80,80,80,80,80,80,80,80],"card_choices":[{"not_picked":["Havoc","Wild Strike"],"picked":"Shrug It Off","floor":1},{"not_picked":["Sword Boomerang","Havoc","Sentinel"],"picked":"SKIP","floor":5},{"not_picked":["Shockwave","Anger","Armaments"],"picked":"SKIP","floor":7},{"not_picked":["Clash","True Grit","Evolve"],"picked":"SKIP","floor":10},{"not_picked":["Reaper","Havoc","Anger"],"picked":"SKIP","floor":11},{"not_picked":["Pommel Strike","Shrug It Off","Clash"],"picked":"SKIP","floor":13},{"not_picked":["Spot Weakness","Shrug It Off"],"picked":"Havoc","floor":14},{"not_picked":["Wild Strike","Anger"],"picked":"Sever Soul","floor":17},{"not_picked":["Body Slam","Havoc"],"picked":"Corruption","floor":17},{"not_picked":["Blood for Blood","Thunderclap"],"picked":"Clash","floor":17},{"not_picked":["Corruption","Wild Strike"],"picked":"Shrug It Off","floor":17},{"not_picked":["Warcry","Body Slam"],"picked":"Spot Weakness","floor":17}],"player_experience":358266,"relics_obtained":[{"floor":7,"key":"Tiny Chest"},{"floor":9,"key":"Thread and Needle"}],"event_choices":[{"damage_healed":0,"gold_gain":0,"player_choice":"Entered Light","damage_taken":16,"max_hp_gain":0,"max_hp_loss":0,"event_name":"Shining Light","floor":3,"gold_loss":0,"cards_upgraded":["Defend_R","Strike_R"]},{"damage_healed":0,"gold_gain":0,"player_choice":"2 cards matched","damage_taken":0,"max_hp_gain":0,"max_hp_loss":0,"event_name":"Match and Keep!","floor":4,"gold_loss":0,"cards_obtained":["Whirlwind","Bandage Up"]}],"is_beta":false,"boss_relics":[{"not_picked":["Tiny House","Astrolabe"],"picked":"Orrery"}],"items_purged_floors":[2],"is_endless":false,"potions_floor_spawned":[1,7,10,14],"ascension_level":0}