{"gold_per_floor":[115,65,65,84,9,34,49,83,83,93,104,104,4,35,35,136,136,154,694,708,719,739,770,781,811,888,109,127,127],"floor_reached":29,"playtime":1504,"items_purged":["Defend_R","Defend_R","Strike_R"],"score":484,"play_id":"fbdd4b88-ddf4-422c-acac-4322ec8ae330","local_time":"20190104224014","is_ascension_mode":true,"campfire_choices":[{"data":"Flex","floor":12,"key":"SMITH"},{"data":"Heavy Blade","floor":15,"key":"SMITH"}],"neow_cost":"NONE","seed_source_timestamp":9855350394568,"circlet_count":0,"master_deck":["Strike_R","Strike_R","Strike_R","Strike_R","Bash","Heavy Blade+1","Whirlwind","Flex+1","Thunderclap","Sever Soul","Pommel Strike+1","Pommel Strike","Shame","Double Tap"],"relics":["Burning Blood","NeowsBlessing","Anchor","Pear","Bag of Preparation","Cursed Key","WingedGreaves","Strawberry","Letter Opener","Shuriken","Paper Frog"],"potions_floor_usage":[8,16,20,21,21,22,25],"damage_taken":[{"damage":0,"enemies":"Jaw Worm","floor":1,"turns":1},{"damage":0,"enemies":"Cultist","floor":4,"turns":1},{"damage":0,"enemies":"Gremlin Nob","floor":6,"turns":1},{"damage":0,"enemies":"2 Louse","floor":7,"turns":2},{"damage":25,"enemies":"3 Sentries","floor":8,"turns":6},{"damage":0,"enemies":"Gremlin Gang","floor":10,"turns":4},{"damage":1,"enemies":"Looter","floor":11,"turns":2},{"damage":18,"enemies":"Gremlin Nob","floor":14,"turns":3},{"damage":0,"enemies":"Slime Boss","floor":16,"turns":6},{"damage":2,"enemies":"Chosen","floor":18,"turns":3},{"damage":0,"enemies":"Spheric Guardian","floor":20,"turns":2},{"damage":0,"enemies":"Snake Plant","floor":21,"turns":2},{"damage":9,"enemies":"Centurion and Healer","floor":22,"turns":3},{"damage":30,"enemies":"Slavers","floor":23,"turns":3},{"damage":2,"enemies":"Cultist and Chosen","floor":24,"turns":3},{"damage":8,"enemies":"Gremlin Leader","floor":25,"turns":3},{"damage":18,"enemies":"Snecko","floor":28,"turns":3},{"damage":18,"enemies":"Book of Stabbing","floor":29,"turns":2}],"seed_played":"-353289572981048128","potions_obtained":[{"floor":4,"key":"Swift Potion"},{"floor":6,"key":"BloodPotion"},{"floor":11,"key":"SkillPotion"},{"floor":14,"key":"SteroidPotion"},{"floor":16,"key":"GamblersBrew"},{"floor":21,"key":"Weak Potion"},{"floor":22,"key":"SpeedPotion"},{"floor":23,"key":"Strength Potion"}],"is_trial":false,"path_per_floor":["M","?","?","M","$","E","M","E","T","M","M","R","$","E","R","B",null,"M","?","M","M","M","E","M","E","T","$","M","E"],"character_chosen":"IRONCLAD","items_purchased":["Shuriken","Paper Frog","Double Tap"],"campfire_rested":0,"item_purchase_floors":[27,27,27],"current_hp_per_floor":[80,80,80,80,80,80,80,71,71,77,82,82,82,70,70,76,90,90,27,33,48,45,21,25,30,30,30,18,0],"gold":127,"neow_bonus":"THREE_ENEMY_KILL","is_prod":false,"is_daily":false,"chose_seed":false,"campfire_upgraded":2,"win_rate":0,"timestamp":1546666814,"path_taken":["M","?","?","M","$","E","M","E","T","M","M","R","$","E","R","BOSS","M","?","M","?","M","E","M","E","T","$","M","E"],"build_version":"2019-01-03v4","purchased_purges":3,"victory":false,"max_hp_per_floor":[80,80,80,80,80,80,80,90,90,90,90,90,90,90,90,90,90,90,90,90,90,90,90,90,97,97,97,97,97],"card_choices":[{"not_picked":["Wild Strike","Intimidate","Havoc"],"picked":"SKIP","floor":1},{"not_picked":["Infernal Blade","Iron Wave"],"picked":"Heavy Blade","floor":4},{"not_picked":["Entrench","Fire Breathing"],"picked":"Whirlwind","floor":6},{"not_picked":["Heavy Blade","Combust"],"picked":"Flex","floor":7},{"not_picked":["Iron Wave","Warcry"],"picked":"Thunderclap","floor":8},{"not_picked":["Warcry","Headbutt","True Grit"],"picked":"SKIP","floor":10},{"not_picked":["Wild Strike","Entrench","True Grit"],"picked":"SKIP","floor":11},{"not_picked":["Sword Boomerang","Reckless Charge","Clothesline"],"picked":"SKIP","floor":14},{"not_picked":["Body Slam","Wild Strike","Sword Boomerang"],"picked":"SKIP","floor":18},{"not_picked":["Havoc","Evolve"],"picked":"Sever Soul","floor":20},{"not_picked":["Rampage+1","Perfected Strike+1"],"picked":"Pommel Strike+1","floor":21},{"not_picked":["Anger","Warcry","True Grit"],"picked":"SKIP","floor":22},{"not_picked":["Immolate","Combust","Warcry+1"],"picked":"SKIP","floor":23},{"not_picked":["Twin Strike+1","Cleave"],"picked":"Pommel Strike","floor":24},{"not_picked":["Armaments","Pummel","Uppercut"],"picked":"SKIP","floor":25},{"not_picked":["Headbutt","Cleave","Iron Wave+1"],"picked":"SKIP","floor":28}],"player_experience":245561,"relics_obtained":[{"floor":6,"key":"Anchor"},{"floor":8,"key":"Pear"},{"floor":14,"key":"Bag of Preparation"},{"floor":23,"key":"WingedGreaves"},{"floor":25,"key":"Strawberry"},{"floor":26,"key":"Letter Opener"}],"event_choices":[{"cards_removed":["Defend_R"],"damage_healed":0,"gold_gain":0,"player_choice":"Card Removal","damage_taken":0,"max_hp_gain":0,"max_hp_loss":0,"event_name":"The Cleric","floor":2,"gold_loss":50},{"cards_removed":["Defend_R"],"damage_healed":0,"gold_gain":0,"player_choice":"Offered Basic","damage_taken":0,"max_hp_gain":0,"max_hp_loss":0,"event_name":"Bonfire Elementals","floor":3,"gold_loss":0},{"damage_healed":0,"gold_gain":540,"player_choice":"GOLD GOLD GOLD GOLD GOLD GOLD ","damage_taken":63,"max_hp_gain":0,"max_hp_loss":0,"event_name":"Knowing Skull","floor":19,"potions_obtained":[],"gold_loss":0,"cards_obtained":[]}],"is_beta":false,"boss_relics":[{"not_picked":["Runic Pyramid","Runic Cube"],"picked":"Cursed Key"}],"items_purged_floors":[5,13,27],"is_endless":false,"potions_floor_spawned":[4,6,11,14,16,21,22,23],"killed_by":"Book of Stabbing","ascension_level":4}