{"gold_per_floor":[367,386,404,46,46,81,96,111,111,111,130,161,15,15,15,118,118,118],"floor_reached":18,"playtime":1380,"items_purged":["Strike_R"],"score":215,"play_id":"01c260b3-a82d-4381-9a5b-969cba539ea0","local_time":"20190124175905","is_ascension_mode":true,"campfire_choices":[{"floor":10,"key":"REST"},{"data":"Evolve","floor":15,"key":"SMITH"}],"neow_cost":"TEN_PERCENT_HP_LOSS","seed_source_timestamp":1171079889195786,"circlet_count":0,"master_deck":["Strike_R","Strike_R","Strike_R","Strike_R","Defend_R","Defend_R","Defend_R","Defend_R","Bash","Thunderclap","Hemokinesis","Armaments","Limit Break","Inflame","Pommel Strike","Headbutt","Cleave","Burning Pact","Evolve+1","Uppercut"],"relics":["Black Blood","PreservedInsect","Smiling Mask","Dodecahedron","MawBank","Peace Pipe"],"potions_floor_usage":[11],"damage_taken":[{"damage":6,"enemies":"Cultist","floor":1,"turns":4},{"damage":0,"enemies":"Small Slimes","floor":2,"turns":4},{"damage":7,"enemies":"Jaw Worm","floor":3,"turns":3},{"damage":21,"enemies":"3 Sentries","floor":6,"turns":7},{"damage":5,"enemies":"3 Louse","floor":7,"turns":4},{"damage":8,"enemies":"2 Fungi Beasts","floor":8,"turns":4},{"damage":17,"enemies":"Large Slime","floor":11,"turns":4},{"damage":21,"enemies":"Gremlin Nob","floor":12,"turns":3},{"damage":45,"enemies":"Slime Boss","floor":16,"turns":10},{"damage":60,"enemies":"Shell Parasite","floor":18,"turns":6}],"seed_played":"7950587160427329927","potions_obtained":[{"floor":1,"key":"SneckoOil"},{"floor":6,"key":"LiquidBronze"},{"floor":12,"key":"Block Potion"}],"is_trial":false,"path_per_floor":["M","M","M","$","$","E","M","M","T","R","M","E","$","?","R","B",null,"M"],"character_chosen":"IRONCLAD","items_purchased":["Limit Break","Inflame","PreservedInsect","Evolve","Uppercut"],"campfire_rested":1,"item_purchase_floors":[4,4,4,13,13],"current_hp_per_floor":[72,72,71,71,71,56,57,55,55,72,61,46,46,46,46,7,56,0],"gold":118,"neow_bonus":"TWO_FIFTY_GOLD","is_prod":false,"is_daily":false,"chose_seed":false,"campfire_upgraded":1,"win_rate":0,"timestamp":1548377945,"path_taken":["M","M","M","?","$","E","M","M","T","R","M","E","$","?","R","BOSS","M"],"build_version":"2019-01-23","purchased_purges":1,"victory":false,"max_hp_per_floor":[72,72,72,72,72,72,72,72,72,72,72,72,72,72,72,72,72,72],"card_choices":[{"not_picked":["Fire Breathing","Pummel"],"picked":"Thunderclap","floor":1},{"not_picked":["Thunderclap","Flex"],"picked":"Hemokinesis","floor":2},{"not_picked":["Twin Strike","Wild Strike"],"picked":"Armaments","floor":3},{"not_picked":["Armaments","Dark Embrace"],"picked":"Pommel Strike","floor":6},{"not_picked":["Corruption","Dropkick"],"picked":"Headbutt","floor":7},{"not_picked":["Sever Soul","Dropkick"],"picked":"Cleave","floor":8},{"not_picked":["Infernal Blade","Battle Trance","Corruption"],"picked":"SKIP","floor":11},{"not_picked":["True Grit","Twin Strike"],"picked":"Burning Pact","floor":12}],"player_experience":311935,"relics_obtained":[{"floor":6,"key":"Smiling Mask"},{"floor":9,"key":"Dodecahedron"},{"floor":12,"key":"MawBank"}],"event_choices":[{"damage_healed":0,"gold_gain":0,"player_choice":"Gave Potion","damage_taken":0,"relics_obtained":["Peace Pipe"],"max_hp_gain":0,"max_hp_loss":0,"event_name":"WeMeetAgain","floor":14,"gold_loss":0}],"is_beta":false,"boss_relics":[{"not_picked":["Orrery","Coffee Dripper"],"picked":"Black Blood"}],"items_purged_floors":[13],"is_endless":false,"potions_floor_spawned":[1,6,12],"killed_by":"Shell Parasite","ascension_level":5}