{"gold_per_floor":[110,60,60,72,72,101,101,26,73,73,28,42,67,81,81,176,176,192,192,205,10,85,85],"floor_reached":23,"playtime":997,"items_purged":["Strike_B"],"score":244,"play_id":"ded3fcb2-f194-4130-92f3-3f3b1bd1f912","local_time":"20181230204943","is_ascension_mode":true,"campfire_choices":[{"data":"Zap","floor":7,"key":"SMITH"},{"data":"Consume","floor":15,"key":"SMITH"}],"neow_cost":"NONE","seed_source_timestamp":40346837663385,"circlet_count":0,"master_deck":["Strike_B","Strike_B+1","Defend_B+1","Defend_B","Defend_B+1","Defend_B","Zap+1","Dualcast+1","Leap","Rebound","Coolheaded","Consume+1","Multi-Cast","Undo","Capacitor"],"relics":["FrozenCore","NeowsBlessing","DataDisk","Question Card","War Paint","Potion Belt","Dream Catcher"],"potions_floor_usage":[14],"damage_taken":[{"damage":0,"enemies":"Small Slimes","floor":1,"turns":1},{"damage":0,"enemies":"2 Louse","floor":4,"turns":1},{"damage":0,"enemies":"Lagavulin","floor":6,"turns":2},{"damage":0,"enemies":"Jaw Worm","floor":12,"turns":2},{"damage":0,"enemies":"Exordium Wildlife","floor":14,"turns":4},{"damage":25,"enemies":"The Guardian","floor":16,"turns":11},{"damage":3,"enemies":"Chosen","floor":18,"turns":7},{"damage":6,"enemies":"Spheric Guardian","floor":20,"turns":6},{"damage":61,"enemies":"Gremlin Leader","floor":23,"turns":5}],"seed_played":"-2709806420238477097","potions_obtained":[{"floor":4,"key":"SkillPotion"},{"floor":14,"key":"Explosive Potion"},{"floor":16,"key":"Fire Potion"},{"floor":18,"key":"SteroidPotion"}],"is_trial":false,"path_per_floor":["M","?","?","M","$","E","R","$","T","?","$","M","T","M","R","B",null,"M","T","M","$","?","E"],"character_chosen":"DEFECT","items_purchased":["Coolheaded","Dream Catcher","Capacitor"],"campfire_rested":0,"item_purchase_floors":[11,21,21],"current_hp_per_floor":[75,75,60,60,60,60,60,60,60,42,42,42,42,42,42,17,75,72,72,66,66,59,0],"gold":85,"neow_bonus":"THREE_ENEMY_KILL","is_prod":false,"is_daily":false,"chose_seed":false,"campfire_upgraded":2,"win_rate":0,"timestamp":1546228183,"path_taken":["M","?","?","M","$","E","R","$","T","?","?","?","?","M","R","BOSS","M","?","?","?","?","E"],"build_version":"2018-12-20","purchased_purges":1,"victory":false,"max_hp_per_floor":[75,75,75,75,75,75,75,75,75,75,75,75,75,75,75,75,75,75,75,75,75,75,75],"card_choices":[{"not_picked":["Stack","Reinforced Body"],"picked":"Leap","floor":1},{"not_picked":["Go for the Eyes","Auto Shields"],"picked":"Rebound","floor":4},{"not_picked":["Barrage","Steam Power","Ball Lightning"],"picked":"SKIP","floor":6},{"not_picked":["Redo","Reinforced Body","Beam Cell"],"picked":"Consume","floor":12},{"not_picked":["Redo","Stack","Cold Snap","Sweeping Beam"],"picked":"SKIP","floor":14},{"not_picked":["Biased Cognition","Reboot","All For One"],"picked":"Multi-Cast","floor":16},{"not_picked":["Streamline","Gash","Barrage","Stack+1"],"picked":"SKIP","floor":18},{"not_picked":["Darkness","Chaos+1","Defragment+1"],"picked":"Undo","floor":20}],"player_experience":208718,"relics_obtained":[{"floor":6,"key":"DataDisk"},{"floor":13,"key":"War Paint"},{"floor":19,"key":"Potion Belt"}],"event_choices":[{"cards_removed":["Strike_B"],"damage_healed":0,"gold_gain":0,"player_choice":"Card Removal","damage_taken":0,"max_hp_gain":0,"max_hp_loss":0,"event_name":"The Cleric","floor":2,"gold_loss":50},{"damage_healed":0,"gold_gain":0,"player_choice":"Entered Light","damage_taken":15,"max_hp_gain":0,"max_hp_loss":0,"event_name":"Shining Light","floor":3,"gold_loss":0,"cards_upgraded":["Strike_B","Defend_B"]},{"damage_healed":0,"gold_gain":0,"player_choice":"Success","damage_taken":18,"relics_obtained":["Question Card"],"max_hp_gain":0,"max_hp_loss":0,"event_name":"Scrap Ooze","floor":10,"gold_loss":0},{"damage_healed":0,"gold_gain":75,"player_choice":"Touch","damage_taken":7,"max_hp_gain":0,"max_hp_loss":0,"event_name":"FaceTrader","floor":22,"gold_loss":0}],"is_beta":false,"boss_relics":[{"not_picked":["White Beast Statue","Cursed Key"],"picked":"FrozenCore"}],"items_purged_floors":[8],"is_endless":false,"potions_floor_spawned":[4,14,16,18],"killed_by":"Gremlin Leader","ascension_level":3}