{"gold_per_floor":[113,38,55,72,83,109,109,9,88,107,107,107,123,136,136,231,231,241,241,76,95,18,18,34,51,77,89,89,89,0,19,19,19],"floor_reached":33,"playtime":2650,"items_purged":["Strike_G","Strike_G","Strike_G+1"],"score":251,"play_id":"445f9cb8-4764-4682-a679-cc81fff4bcba","local_time":"20181213230341","is_ascension_mode":false,"campfire_choices":[{"data":"Neutralize","floor":7,"key":"SMITH"},{"data":"Night Terror","floor":11,"key":"SMITH"},{"data":"Escape Plan","floor":15,"key":"SMITH"},{"data":"Noxious Fumes","floor":23,"key":"SMITH"},{"data":"Backflip","floor":29,"key":"SMITH"},{"floor":32,"key":"REST"}],"neow_cost":"NONE","seed_source_timestamp":155340088158257,"circlet_count":0,"master_deck":["Defend_G+1","Defend_G+1","Defend_G+1","Defend_G+1","Defend_G+1","Survivor","Neutralize+1","Dash","Poisoned Stab","Escape Plan+1","Prepared","Terror","Night Terror+1","Backflip+1","Cloak And Dagger","Corpse Explosion","Infinite Blades","Noxious Fumes+1","J.A.X."],"relics":["Ring of the Snake","Mango","Ornamental Fan","Busted Crown","Smiling Mask"],"potions_floor_usage":[6,16,16,18,24,25,33,33],"damage_taken":[{"damage":0,"enemies":"2 Louse","floor":1,"turns":4},{"damage":0,"enemies":"Cultist","floor":3,"turns":3},{"damage":0,"enemies":"Jaw Worm","floor":4,"turns":2},{"damage":0,"enemies":"3 Louse","floor":5,"turns":4},{"damage":13,"enemies":"3 Sentries","floor":6,"turns":9},{"damage":11,"enemies":"Exordium Wildlife","floor":10,"turns":7},{"damage":13,"enemies":"Gremlin Gang","floor":13,"turns":7},{"damage":5,"enemies":"3 Louse","floor":14,"turns":4},{"damage":12,"enemies":"The Guardian","floor":16,"turns":9},{"damage":14,"enemies":"2 Thieves","floor":18,"turns":4},{"damage":0,"enemies":"Shell Parasite","floor":21,"turns":6},{"damage":31,"enemies":"Sentry and Sphere","floor":24,"turns":5},{"damage":14,"enemies":"Centurion and Healer","floor":25,"turns":5},{"damage":0,"enemies":"Shelled Parasite and Fungi","floor":27,"turns":7},{"damage":13,"enemies":"Snake Plant","floor":31,"turns":7},{"damage":39,"enemies":"Collector","floor":33,"turns":6}],"seed_played":"6858158417006298430","potions_obtained":[{"floor":4,"key":"Explosive Potion"},{"floor":6,"key":"SpeedPotion"},{"floor":13,"key":"Strength Potion"},{"floor":14,"key":"Poison Potion"},{"floor":16,"key":"GamblersBrew"},{"floor":18,"key":"SteroidPotion"},{"floor":21,"key":"SkillPotion"},{"floor":24,"key":"Swift Potion"}],"is_trial":false,"path_per_floor":["M","$","M","M","M","E","R","$","T","M","R","?","M","M","R","B",null,"M","?","$","M","$","R","M","M","T","M","?","R","?","M","R","B"],"character_chosen":"THE_SILENT","items_purchased":["Infinite Blades","Noxious Fumes"],"campfire_rested":1,"item_purchase_floors":[20,22],"current_hp_per_floor":[70,70,70,70,70,71,71,71,71,60,60,60,47,42,42,30,84,70,70,70,70,70,70,39,25,25,25,25,25,25,12,37,0],"gold":19,"neow_bonus":"TRANSFORM_CARD","is_prod":false,"is_daily":false,"chose_seed":false,"campfire_upgraded":5,"win_rate":0.0,"timestamp":1544767421,"path_taken":["M","$","M","M","M","E","R","$","T","M","R","?","?","M","R","BOSS","M","?","$","M","$","R","M","M","T","M","?","R","?","M","R","BOSS"],"build_version":"2018-12-13","purchased_purges":3,"victory":false,"max_hp_per_floor":[70,70,70,70,70,84,84,84,84,84,84,84,84,84,84,84,84,84,84,84,84,84,84,84,84,84,84,84,84,84,84,84,84],"card_choices":[{"not_picked":["Sucker Punch","Dash"],"picked":"Poisoned Stab","floor":1},{"not_picked":["Prepared","Endless Agony"],"picked":"Escape Plan","floor":3},{"not_picked":["Crippling Poison","All Out Attack","PiercingWail"],"picked":"SKIP","floor":4},{"not_picked":["Masterful Stab","Poisoned Stab"],"picked":"Prepared","floor":5},{"not_picked":["Skewer","Sucker Punch"],"picked":"Terror","floor":6},{"not_picked":["Sucker Punch","Masterful Stab"],"picked":"Night Terror","floor":10},{"not_picked":["Prepared","Backflip"],"picked":"Cloak And Dagger","floor":13},{"not_picked":["Underhanded Strike","Acrobatics","Flying Knee"],"picked":"SKIP","floor":14},{"not_picked":["Unload","Malaise"],"picked":"Corpse Explosion","floor":16},{"not_picked":["Flying Knee"],"picked":"SKIP","floor":18},{"not_picked":["Slice"],"picked":"SKIP","floor":21},{"not_picked":["Bane"],"picked":"SKIP","floor":24},{"not_picked":["Choke"],"picked":"SKIP","floor":25},{"not_picked":["Choke"],"picked":"SKIP","floor":27},{"not_picked":["Poisoned Stab"],"picked":"SKIP","floor":31}],"player_experience":93134,"relics_obtained":[{"floor":6,"key":"Mango"},{"floor":9,"key":"Ornamental Fan"},{"floor":26,"key":"Smiling Mask"}],"event_choices":[{"damage_healed":0,"gold_gain":0,"cards_transformed":["Strike_G"],"player_choice":"Transformed","damage_taken":0,"max_hp_gain":0,"max_hp_loss":0,"event_name":"Transmorgrifier","floor":12,"gold_loss":0,"cards_obtained":["Backflip"]},{"damage_healed":0,"gold_gain":0,"player_choice":"Simplicity","damage_taken":0,"max_hp_gain":0,"max_hp_loss":0,"event_name":"Back to Basics","floor":19,"gold_loss":0,"cards_upgraded":["Defend_G","Defend_G","Defend_G","Defend_G","Defend_G","Strike_G"]},{"damage_healed":0,"gold_gain":0,"player_choice":"Obtain J.A.X.","damage_taken":0,"max_hp_gain":0,"max_hp_loss":0,"event_name":"Drug Dealer","floor":28,"gold_loss":0,"cards_obtained":["J.A.X."]},{"damage_healed":0,"gold_gain":0,"player_choice":"Paid Fearfully","damage_taken":0,"max_hp_gain":0,"max_hp_loss":0,"event_name":"Masked Bandits","floor":30,"gold_loss":89}],"is_beta":false,"boss_relics":[{"not_picked":["Orrery","Runic Dome"],"picked":"Busted Crown"}],"items_purged_floors":[2,8,20],"is_endless":false,"potions_floor_spawned":[4,6,13,14,16,18,21,24],"killed_by":"Collector","ascension_level":0}