{"gold_per_floor":[14,34,34,48,48,379,399,399,469,469,36,52,52,81,81,81],"floor_reached":16,"playtime":1154,"items_purged":["Strike_R"],"score":110,"play_id":"b7a8311c-ab13-455a-8339-600648425f5d","local_time":"20181209142727","is_ascension_mode":false,"campfire_choices":[{"data":"Limit Break","floor":15,"key":"SMITH"}],"neow_cost":"NO_GOLD","seed_source_timestamp":414256333178427,"circlet_count":0,"master_deck":["Strike_R","Strike_R+1","Strike_R","Strike_R","Defend_R+1","Defend_R","Defend_R","Defend_R","Bash","Anger+1","Bloodletting","Whirlwind","Spot Weakness","Rage","Limit Break+1","Pain","Panache","Iron Wave+1","Mind Blast+1","Headbutt+1","Headbutt+1","Iron Wave+1"],"relics":["Burning Blood","Du-Vu Doll","Old Coin","Molten Egg 2","Boot"],"potions_floor_usage":[4,7,16,16,16],"damage_taken":[{"damage":6,"enemies":"Cultist","floor":1,"turns":3},{"damage":11,"enemies":"Jaw Worm","floor":2,"turns":2},{"damage":0,"enemies":"Small Slimes","floor":4,"turns":2},{"damage":36,"enemies":"Gremlin Nob","floor":6,"turns":4},{"damage":20,"enemies":"Exordium Thugs","floor":7,"turns":5},{"damage":0,"enemies":"2 Fungi Beasts","floor":12,"turns":2},{"damage":14,"enemies":"3 Sentries","floor":14,"turns":4},{"damage":35,"enemies":"Hexaghost","floor":16,"turns":7}],"seed_played":"6146867994115765432","potions_obtained":[{"floor":3,"key":"Fruit Juice"},{"floor":3,"key":"Ancient Potion"},{"floor":3,"key":"SpeedPotion"},{"floor":6,"key":"BloodPotion"},{"floor":12,"key":"Ancient Potion"}],"is_trial":false,"path_per_floor":["M","M","?","M","$","E","M","?","T","?","$","M","?","E","R","B"],"character_chosen":"IRONCLAD","items_purchased":["Panache","Iron Wave+1","Mind Blast+1","Headbutt+1"],"campfire_rested":0,"item_purchase_floors":[11,11,11,11],"current_hp_per_floor":[80,75,75,85,85,55,49,32,32,32,32,38,38,30,30,0],"gold":81,"neow_bonus":"ONE_RARE_RELIC","is_prod":false,"is_daily":false,"chose_seed":false,"campfire_upgraded":1,"win_rate":0.0,"timestamp":1544390847,"path_taken":["M","M","?","M","?","E","?","?","T","?","$","?","?","E","R","BOSS"],"build_version":"2018-12-06","purchased_purges":1,"victory":false,"max_hp_per_floor":[80,80,80,85,85,85,85,85,85,85,85,85,85,85,85,85],"card_choices":[{"not_picked":["Perfected Strike","Cleave"],"picked":"Anger","floor":1},{"not_picked":["Uppercut","Warcry"],"picked":"Bloodletting","floor":2},{"not_picked":["Combust","Disarm"],"picked":"Whirlwind","floor":4},{"not_picked":["Fire Breathing","Disarm"],"picked":"Spot Weakness","floor":6},{"not_picked":["Shrug It Off","Cleave"],"picked":"Rage","floor":7},{"not_picked":["Burning Pact","Blood for Blood+1"],"picked":"Headbutt+1","floor":12},{"not_picked":["Power Through","Flex"],"picked":"Iron Wave+1","floor":14}],"player_experience":27766,"relics_obtained":[{"floor":6,"key":"Old Coin"},{"floor":9,"key":"Molten Egg 2"},{"floor":14,"key":"Boot"}],"event_choices":[{"damage_healed":0,"gold_gain":0,"player_choice":"Got Potions","damage_taken":0,"max_hp_gain":0,"max_hp_loss":0,"event_name":"Lab","floor":3,"gold_loss":0},{"damage_healed":0,"gold_gain":0,"player_choice":"Entered Light","damage_taken":17,"max_hp_gain":0,"max_hp_loss":0,"event_name":"Shining Light","floor":8,"gold_loss":0,"cards_upgraded":["Strike_R","Defend_R"]},{"damage_healed":0,"gold_gain":0,"player_choice":"2 cards matched","damage_taken":0,"max_hp_gain":0,"max_hp_loss":0,"event_name":"Match and Keep!","floor":10,"gold_loss":0,"cards_obtained":["Limit Break","Pain"]},{"damage_healed":0,"gold_gain":0,"player_choice":"Upgraded","damage_taken":0,"max_hp_gain":0,"max_hp_loss":0,"event_name":"Upgrade Shrine","floor":13,"gold_loss":0,"cards_upgraded":["Anger"]}],"is_beta":false,"boss_relics":[],"items_purged_floors":[11],"is_endless":false,"potions_floor_spawned":[6,12],"killed_by":"Hexaghost","ascension_level":0}