{"gold_per_floor":[119,194,37,57,77,77,87,87,133,133,133,158,83,93,93,93],"floor_reached":16,"playtime":816,"items_purged":["Strike_R"],"score":140,"play_id":"c22dae06-8fa4-4af9-8c0e-58c703ffb28e","local_time":"20190303170215","is_ascension_mode":true,"campfire_choices":[{"data":"True Grit","floor":6,"key":"SMITH"},{"data":"Armaments","floor":8,"key":"SMITH"},{"data":"Body Slam","floor":15,"key":"SMITH"}],"neow_cost":"NONE","seed_source_timestamp":166473283880056,"circlet_count":0,"master_deck":["Strike_R","Strike_R","Defend_R","Defend_R","Defend_R","Defend_R","Bash","True Grit+1","Rage","Second Wind","Feel No Pain","Armaments+1","Body Slam+1"],"relics":["Burning Blood","Bag of Preparation"],"potions_floor_usage":[12,12],"damage_taken":[{"damage":16,"enemies":"Jaw Worm","floor":1,"turns":4},{"damage":3,"enemies":"2 Louse","floor":4,"turns":4},{"damage":0,"enemies":"Small Slimes","floor":5,"turns":4},{"damage":17,"enemies":"2 Fungi Beasts","floor":7,"turns":7},{"damage":43,"enemies":"Gremlin Nob","floor":12,"turns":6},{"damage":15,"enemies":"Lots of Slimes","floor":14,"turns":7},{"damage":30,"enemies":"Slime Boss","floor":16,"turns":6}],"seed_played":"-5118047869963314873","potions_obtained":[{"floor":1,"key":"SpeedPotion"},{"floor":5,"key":"EssenceOfSteel"},{"floor":7,"key":"Poison Potion"}],"is_trial":false,"path_per_floor":["M","?","$","M","M","R","M","R","T","?","?","E","$","M","R","B"],"character_chosen":"IRONCLAD","items_purchased":["Rage","Second Wind"],"campfire_rested":0,"item_purchase_floors":[3,3],"current_hp_per_floor":[62,51,51,54,60,60,49,49,49,75,75,38,38,29,29,0],"gold":93,"neow_bonus":"REMOVE_CARD","is_prod":false,"is_daily":false,"chose_seed":false,"campfire_upgraded":3,"win_rate":0,"timestamp":1551657735,"path_taken":["M","?","$","M","M","R","M","R","T","?","?","E","$","M","R","BOSS"],"build_version":"2019-01-23","purchased_purges":1,"victory":false,"max_hp_per_floor":[80,80,80,80,80,80,80,80,80,80,80,80,80,80,80,80],"card_choices":[{"not_picked":["Seeing Red","Pommel Strike"],"picked":"True Grit","floor":1},{"not_picked":["Reckless Charge","Havoc","Heavy Blade"],"picked":"SKIP","floor":4},{"not_picked":["Warcry","Searing Blow"],"picked":"Feel No Pain","floor":5},{"not_picked":["Thunderclap","Iron Wave"],"picked":"Armaments","floor":7},{"not_picked":["Bloodletting","Spot Weakness"],"picked":"Body Slam","floor":12},{"not_picked":["Rupture","Disarm","Combust"],"picked":"SKIP","floor":14}],"player_experience":480302,"relics_obtained":[{"floor":12,"key":"Bag of Preparation"}],"event_choices":[{"damage_healed":0,"gold_gain":75,"player_choice":"Gather Gold","damage_taken":11,"max_hp_gain":0,"max_hp_loss":0,"event_name":"World of Goop","floor":2,"gold_loss":0},{"damage_healed":26,"gold_gain":0,"player_choice":"Banana","damage_taken":0,"max_hp_gain":0,"max_hp_loss":0,"event_name":"Big Fish","floor":10,"gold_loss":0},{"cards_removed":["Strike_R"],"damage_healed":0,"gold_gain":0,"player_choice":"Forget","damage_taken":0,"max_hp_gain":0,"max_hp_loss":0,"event_name":"Living Wall","floor":11,"gold_loss":0}],"is_beta":false,"boss_relics":[],"items_purged_floors":[13],"is_endless":false,"potions_floor_spawned":[1,5,7],"killed_by":"Slime Boss","ascension_level":8}