{"gold_per_floor":[19,19,39,13,13,13,28,28,28,51,51,151,171,196,196,320,320,313,313,34,34,52,52,72,97,97,97,115,134,65,81,81,81],"floor_reached":33,"playtime":2562,"items_purged":["Injury","Decay"],"score":266,"play_id":"707e51d5-027f-49c2-a231-178a1e6c599d","local_time":"20190806171039","is_ascension_mode":false,"campfire_choices":[{"data":"Perfected Strike","floor":6,"key":"SMITH"},{"data":"Flex","floor":8,"key":"SMITH"},{"data":"Flex","floor":11,"key":"SMITH"},{"data":"Fire Breathing","floor":15,"key":"SMITH"},{"data":"Pommel Strike","floor":23,"key":"SMITH"},{"floor":32,"key":"REST"}],"neow_cost":"NO_GOLD","seed_source_timestamp":2238508597272169,"circlet_count":0,"master_deck":["Strike_R","Strike_R","Strike_R","Strike_R","Strike_R","Defend_R","Defend_R","Defend_R","Defend_R","Bash","Flex+1","Perfected Strike+1","Cleave","Ghostly Armor","Flex+1","Twin Strike","Fire Breathing+1","Limit Break","Pommel Strike+1","Heavy Blade","Perfected Strike+1","Flex+1","Flex","Thunderclap","Feel No Pain","Shrug It Off+1"],"relics":["Burning Blood","Unceasing Top","Golden Idol","Incense Burner","Self Forming Clay","Lizard Tail","MutagenicStrength","Membership Card","Potion Belt"],"potions_floor_usage":[10,25,25,28,29,31,33,33],"damage_taken":[{"damage":2,"enemies":"Small Slimes","floor":1,"turns":6},{"damage":6,"enemies":"Cultist","floor":3,"turns":4},{"damage":11,"enemies":"Jaw Worm","floor":7,"turns":2},{"damage":16,"enemies":"Gremlin Gang","floor":10,"turns":4},{"damage":0,"enemies":"2 Fungi Beasts","floor":13,"turns":3},{"damage":2,"enemies":"Blue Slaver","floor":14,"turns":3},{"damage":75,"enemies":"Hexaghost","floor":16,"turns":12},{"damage":20,"enemies":"2 Thieves","floor":18,"turns":4},{"damage":17,"enemies":"Shell Parasite","floor":22,"turns":5},{"damage":62,"enemies":"Chosen and Byrds","floor":24,"turns":7},{"damage":2,"enemies":"3 Cultists","floor":25,"turns":4},{"damage":17,"enemies":"Centurion and Healer","floor":28,"turns":5},{"damage":22,"enemies":"Sentry and Sphere","floor":29,"turns":6},{"damage":13,"enemies":"3 Cultists","floor":31,"turns":5},{"damage":65,"enemies":"Champ","floor":33,"turns":9}],"seed_played":"-1672867757233125671","potions_obtained":[{"floor":1,"key":"Weak Potion"},{"floor":3,"key":"Regen Potion"},{"floor":7,"key":"SteroidPotion"},{"floor":18,"key":"SteroidPotion"},{"floor":24,"key":"Poison Potion"},{"floor":27,"key":"Explosive Potion"},{"floor":27,"key":"SneckoOil"},{"floor":27,"key":"Fruit Juice"},{"floor":31,"key":"Fruit Juice"}],"is_trial":false,"path_per_floor":["M","?","M","$","?","R","M","R","T","M","R","?","M","M","R","B",null,"M","?","$","?","M","R","M","M","T","?","M","M","$","M","R","B"],"character_chosen":"IRONCLAD","items_purchased":["Cleave","Membership Card","Feel No Pain"],"campfire_rested":1,"item_purchase_floors":[4,20,30],"current_hp_per_floor":[80,80,80,80,80,80,75,75,75,77,77,77,80,80,80,11,80,66,66,66,66,55,55,46,50,50,50,44,28,28,26,53,0],"gold":81,"neow_bonus":"ONE_RARE_RELIC","is_prod":false,"is_daily":false,"chose_seed":false,"campfire_upgraded":5,"win_rate":0.0,"timestamp":1565129439,"path_taken":["M","?","M","$","?","R","?","R","T","M","R","?","?","M","R","BOSS","M","?","$","?","M","R","M","?","T","?","?","M","?","M","R","BOSS"],"build_version":"2019-07-17","purchased_purges":2,"victory":false,"max_hp_per_floor":[80,80,80,80,80,80,80,80,80,80,80,80,80,80,80,80,80,80,80,80,80,80,80,80,80,80,80,85,85,85,90,90,90],"card_choices":[{"not_picked":["Body Slam","Armaments"],"picked":"Flex","floor":1},{"not_picked":["Armaments","Clothesline"],"picked":"Perfected Strike","floor":3},{"not_picked":["Entrench","Pummel"],"picked":"Ghostly Armor","floor":7},{"not_picked":["Clothesline","Heavy Blade"],"picked":"Flex","floor":10},{"not_picked":["Headbutt","Cleave"],"picked":"Twin Strike","floor":13},{"not_picked":["Headbutt","Berserk"],"picked":"Fire Breathing","floor":14},{"not_picked":["Brutality","Demon Form"],"picked":"Limit Break","floor":16},{"not_picked":["Sever Soul","Heavy Blade+1"],"picked":"Pommel Strike","floor":18},{"not_picked":["Sword Boomerang","Iron Wave"],"picked":"Heavy Blade","floor":22},{"not_picked":["Juggernaut","Shrug It Off"],"picked":"Perfected Strike+1","floor":24},{"not_picked":["Anger+1","Sword Boomerang+1"],"picked":"Flex+1","floor":25},{"not_picked":["Body Slam+1","Rampage"],"picked":"Flex","floor":28},{"not_picked":["Offering","Iron Wave"],"picked":"Thunderclap","floor":29},{"not_picked":["Clothesline","Armaments+1"],"picked":"Shrug It Off+1","floor":31}],"player_experience":34484,"relics_obtained":[{"floor":9,"key":"Self Forming Clay"},{"floor":26,"key":"Potion Belt"}],"event_choices":[{"damage_healed":0,"gold_gain":0,"player_choice":"Take Wound","damage_taken":0,"relics_obtained":["Golden Idol"],"max_hp_gain":0,"max_hp_loss":0,"event_name":"Golden Idol","floor":2,"gold_loss":0,"cards_obtained":["Injury"]},{"damage_healed":0,"gold_gain":0,"player_choice":"Gave Potion","damage_taken":0,"relics_obtained":["Incense Burner"],"max_hp_gain":0,"max_hp_loss":0,"event_name":"WeMeetAgain","floor":5,"gold_loss":0},{"damage_healed":0,"gold_gain":100,"player_choice":"Pray","damage_taken":0,"max_hp_gain":0,"max_hp_loss":0,"event_name":"Golden Shrine","floor":12,"gold_loss":0},{"damage_healed":0,"gold_gain":0,"player_choice":"Inject Mutagens","damage_taken":0,"relics_obtained":["MutagenicStrength"],"max_hp_gain":0,"max_hp_loss":0,"event_name":"Drug Dealer","floor":19,"gold_loss":0},{"damage_healed":0,"gold_gain":0,"player_choice":"Cursed","damage_taken":0,"max_hp_gain":0,"max_hp_loss":0,"event_name":"Wheel of Change","floor":21,"gold_loss":0,"cards_obtained":["Decay"]},{"damage_healed":0,"gold_gain":0,"player_choice":"Got Potions","damage_taken":0,"max_hp_gain":0,"max_hp_loss":0,"event_name":"Lab","floor":27,"gold_loss":0}],"is_beta":false,"boss_relics":[{"not_picked":["Calling Bell","Snecko Eye"],"picked":"Lizard Tail"}],"items_purged_floors":[20,30],"is_endless":false,"potions_floor_spawned":[1,3,7,18,24,31],"killed_by":"Champ","ascension_level":0}