{"gold_per_floor":[111,186,186,201,213,239,20,47,126,126,139,139,156,177,177,281,281,271,271,271,271],"floor_reached":21,"playtime":1084,"items_purged":["Defend_R"],"score":259,"play_id":"a0a649fa-8c1a-4464-9a54-160c68d4d8cb","local_time":"20190201194921","is_ascension_mode":true,"campfire_choices":[{"floor":12,"key":"REST"},{"data":"Pommel Strike","floor":15,"key":"SMITH"}],"neow_cost":"NONE","seed_source_timestamp":402698863434640,"circlet_count":0,"master_deck":["Strike_R","Strike_R","Strike_R","Strike_R","Strike_R+1","Defend_R","Defend_R+1","Defend_R","Bash+1","Inflame","Impervious","Metallicize","Pommel Strike+1","Limit Break","Writhe","Ghostly","Ghostly","Ghostly","Ghostly","Ghostly"],"relics":["Burning Blood","WingedGreaves","Juzu Bracelet","Centennial Puzzle","Odd Mushroom","White Beast Statue","Question Card"],"potions_floor_usage":[8,14,14,18,21],"damage_taken":[{"damage":4,"enemies":"Small Slimes","floor":1,"turns":3},{"damage":9,"enemies":"Jaw Worm","floor":4,"turns":4},{"damage":1,"enemies":"Cultist","floor":5,"turns":3},{"damage":28,"enemies":"Gremlin Nob","floor":6,"turns":4},{"damage":35,"enemies":"3 Sentries","floor":8,"turns":9},{"damage":0,"enemies":"2 Fungi Beasts","floor":11,"turns":4},{"damage":8,"enemies":"Blue Slaver","floor":13,"turns":3},{"damage":0,"enemies":"The Mushroom Lair","floor":14,"turns":2},{"damage":54,"enemies":"Slime Boss","floor":16,"turns":14},{"damage":11,"enemies":"2 Thieves","floor":18,"turns":4},{"damage":42,"enemies":"Masked Bandits","floor":21,"turns":9}],"seed_played":"-5311123532584823570","potions_obtained":[{"floor":6,"key":"Regen Potion"},{"floor":8,"key":"Explosive Potion"},{"floor":11,"key":"AttackPotion"},{"floor":16,"key":"SteroidPotion"},{"floor":18,"key":"Energy Potion"}],"is_trial":false,"path_per_floor":["M","?","?","M","M","E","$","E","T","?","M","R","M","?","R","B",null,"M","?","?","?"],"character_chosen":"IRONCLAD","items_purchased":["Juzu Bracelet"],"campfire_rested":1,"item_purchase_floors":[7],"current_hp_per_floor":[80,69,80,77,80,58,58,44,44,28,34,58,56,62,62,14,64,59,59,40,0],"gold":271,"neow_bonus":"UPGRADE_CARD","is_prod":false,"is_daily":false,"chose_seed":false,"campfire_upgraded":1,"win_rate":0,"timestamp":1549075761,"path_taken":["M","?","?","?","M","E","$","E","T","?","M","R","M","?","R","BOSS","M","?","?","?"],"build_version":"2019-01-23","purchased_purges":1,"victory":false,"max_hp_per_floor":[80,80,80,80,80,80,80,80,80,80,80,80,80,80,80,80,80,80,80,40,40],"card_choices":[{"not_picked":["Warcry","Heavy Blade","Thunderclap"],"picked":"SKIP","floor":1},{"not_picked":["Hemokinesis","Armaments"],"picked":"Inflame","floor":4},{"not_picked":["Armaments","Sword Boomerang","Flex"],"picked":"SKIP","floor":5},{"not_picked":["Battle Trance","Shrug It Off"],"picked":"Impervious","floor":6},{"not_picked":["Fiend Fire","Wild Strike","Seeing Red"],"picked":"SKIP","floor":8},{"not_picked":["Sword Boomerang","Feel No Pain","Entrench"],"picked":"SKIP","floor":11},{"not_picked":["Inflame","Body Slam"],"picked":"Metallicize","floor":13},{"not_picked":["Clash","Sword Boomerang"],"picked":"Pommel Strike","floor":14},{"not_picked":["Fiend Fire","Dark Embrace"],"picked":"Limit Break","floor":16},{"not_picked":["Armaments+1","Sentinel","Metallicize"],"picked":"SKIP","floor":18}],"player_experience":352640,"relics_obtained":[{"floor":6,"key":"WingedGreaves"},{"floor":8,"key":"Centennial Puzzle"},{"floor":14,"key":"Odd Mushroom"}],"event_choices":[{"damage_healed":0,"gold_gain":75,"player_choice":"Gather Gold","damage_taken":11,"max_hp_gain":0,"max_hp_loss":0,"event_name":"World of Goop","floor":2,"gold_loss":0},{"damage_healed":11,"gold_gain":0,"player_choice":"Full Heal","damage_taken":0,"max_hp_gain":0,"max_hp_loss":0,"event_name":"Wheel of Change","floor":3,"gold_loss":0},{"damage_healed":0,"gold_gain":0,"player_choice":"Entered Light","damage_taken":16,"max_hp_gain":0,"max_hp_loss":0,"event_name":"Shining Light","floor":10,"gold_loss":0,"cards_upgraded":["Strike_R","Defend_R"]},{"damage_healed":0,"gold_gain":0,"player_choice":"Fought Mushrooms","damage_taken":0,"max_hp_gain":0,"max_hp_loss":0,"event_name":"Mushrooms","floor":14,"gold_loss":0},{"damage_healed":0,"gold_gain":0,"player_choice":"Opened","damage_taken":0,"relics_obtained":["Question Card"],"max_hp_gain":0,"max_hp_loss":0,"event_name":"The Mausoleum","floor":19,"gold_loss":0,"cards_obtained":["Writhe"]},{"damage_healed":0,"gold_gain":0,"player_choice":"Became a Ghost","damage_taken":0,"max_hp_gain":0,"max_hp_loss":40,"event_name":"Ghosts","floor":20,"gold_loss":0,"cards_obtained":["Ghostly","Ghostly","Ghostly","Ghostly","Ghostly"]},{"damage_healed":0,"gold_gain":0,"player_choice":"Fought Bandits","damage_taken":0,"max_hp_gain":0,"max_hp_loss":0,"event_name":"Masked Bandits","floor":21,"gold_loss":0}],"is_beta":false,"boss_relics":[{"not_picked":["Snecko Eye","Fusion Hammer"],"picked":"White Beast Statue"}],"items_purged_floors":[7],"is_endless":false,"potions_floor_spawned":[6,8,11,16,18],"killed_by":"Masked Bandits","ascension_level":5}