{"path_per_floor":["M","M","M","T","$","R","M","E","T","?","$","M","?","M","R","B",null,"M","?","?","$","M","E","R","M","T","?","R","E","M","$","R","B",null,"M","?","T","?","M","E","R","M","T","M","M","$","R","M","R","B"],"character_chosen":"DEFECT","items_purchased":["Apotheosis","Whetstone"],"gold_per_floor":[210,222,235,235,35,35,45,103,103,123,48,58,58,70,70,170,170,181,181,181,81,96,130,130,144,144,144,144,175,187,33,33,137,137,149,149,197,0,14,48,48,60,60,76,94,94,94,113,113,113],"floor_reached":51,"campfire_rested":6,"playtime":6711,"current_hp_per_floor":[74,71,62,62,62,62,59,51,51,42,42,42,27,27,49,29,75,50,50,34,34,29,11,33,19,19,44,66,48,48,48,70,38,75,71,61,61,61,61,55,75,62,62,62,66,66,75,75,75,26],"items_purged":["Strike_B","Strike_B"],"gold":113,"score":734,"play_id":"9b9f02d1-713c-4315-9a59-fc2512ba9d51","local_time":"20180508133140","is_prod":false,"is_daily":false,"chose_seed":false,"is_ascension_mode":true,"campfire_upgraded":2,"timestamp":1525779100,"path_taken":["M","?","M","?","$","R","M","E","T","?","$","M","?","M","R","BOSS","M","?","?","$","?","E","R","M","T","?","R","E","M","$","R","BOSS","M","?","?","?","M","E","R","M","T","M","M","$","R","M","R","BOSS"],"build_version":"2018-05-07","seed_source_timestamp":2588671602249520,"purchased_purges":2,"victory":true,"master_deck":["Strike_B+1","Strike_B+1","Defend_B+1","Defend_B+1","Defend_B+1","Defend_B+1","Zap","Dualcast","Streamline","Doom and Gloom","Beam Cell","Apotheosis+1","Gash+1","Defragment+1","Leap","Doom and Gloom","Seek+1","Buffer+1","Necronomicurse","Ball Lightning","Impulse+1","Doom and Gloom+1","Leap+1","Seek","Ball Lightning","Bandage Up","Madness","Double Energy+1","Leap+1"],"max_hp_per_floor":[75,75,75,75,75,75,75,75,75,75,75,75,75,75,75,75,75,75,75,75,75,75,75,75,75,75,75,75,75,75,75,75,75,75,75,75,75,75,75,75,75,75,75,75,75,75,75,75,75,75],"relics":["Cracked Core","Letter Opener","Tiny Chest","Bag of Preparation","Odd Mushroom","Inserter","Necronomicon","Omamori","Bottled Lightning","Juzu Bracelet","Whetstone","Philosopher\u0027s Stone","Anchor","Red Mask","Gremlin Horn","Bottled Tornado"],"card_choices":[{"not_picked":["Sweeping Beam","Barrage"],"picked":"Streamline","floor":1},{"not_picked":["Sweeping Beam","Streamline"],"picked":"Doom and Gloom","floor":2},{"not_picked":["Hologram","Chaos"],"picked":"Beam Cell","floor":3},{"not_picked":["Steam Power","Double Energy"],"picked":"Gash","floor":8},{"not_picked":["Beam Cell","Cold Snap"],"picked":"Defragment","floor":10},{"not_picked":["Blizzard","Hologram"],"picked":"Leap","floor":12},{"not_picked":["Coolheaded","Leap"],"picked":"Doom and Gloom","floor":14},{"not_picked":["Multi-Cast","Echo Form"],"picked":"Seek","floor":16},{"not_picked":["Sunder","Hologram"],"picked":"Buffer","floor":18},{"not_picked":["Rebound","Reprogram"],"picked":"Ball Lightning","floor":23},{"not_picked":["Axe Kick","Undo"],"picked":"Impulse","floor":25},{"not_picked":["Multi-Cast","Cold Snap"],"picked":"Doom and Gloom","floor":29},{"not_picked":["Skim","Sweeping Beam"],"picked":"Leap","floor":30},{"not_picked":["Reboot","Multi-Cast"],"picked":"Seek","floor":33},{"not_picked":["Sweeping Beam","Capacitor"],"picked":"Ball Lightning","floor":35},{"not_picked":["Dark Shackles","Sadistic Nature"],"picked":"Bandage Up","floor":36},{"not_picked":["Purity","Flash of Steel"],"picked":"Madness","floor":36},{"not_picked":["Cold Snap","Coolheaded"],"picked":"Double Energy","floor":42},{"not_picked":["Tempest","Reprogram"],"picked":"Leap","floor":44}],"player_experience":377095,"potions_floor_usage":[16,16,22,29,50,50],"damage_taken":[{"damage":1,"enemies":"Cultist","floor":1,"turns":3},{"damage":3,"enemies":"2 Louse","floor":2,"turns":2},{"damage":9,"enemies":"Jaw Worm","floor":3,"turns":3},{"damage":3,"enemies":"3 Louse","floor":7,"turns":2},{"damage":8,"enemies":"Gremlin Nob","floor":8,"turns":3},{"damage":9,"enemies":"The Mushroom Lair","floor":10,"turns":2},{"damage":0,"enemies":"Gremlin Gang","floor":12,"turns":1},{"damage":0,"enemies":"Large Slime","floor":14,"turns":3},{"damage":20,"enemies":"Hexaghost","floor":16,"turns":6},{"damage":25,"enemies":"2 Thieves","floor":18,"turns":3},{"damage":12,"enemies":"Shell Parasite","floor":22,"turns":7},{"damage":18,"enemies":"Gremlin Leader","floor":23,"turns":4},{"damage":14,"enemies":"Centurion and Healer","floor":25,"turns":2},{"damage":18,"enemies":"Book of Stabbing","floor":29,"turns":3},{"damage":0,"enemies":"Snecko","floor":30,"turns":4},{"damage":32,"enemies":"Collector","floor":33,"turns":5},{"damage":4,"enemies":"3 Shapes","floor":35,"turns":2},{"damage":0,"enemies":"3 Darklings","floor":39,"turns":3},{"damage":12,"enemies":"Nemesis","floor":40,"turns":3},{"damage":13,"enemies":"Spire Growth","floor":42,"turns":4},{"damage":0,"enemies":"Flame Bruiser 2 Orb","floor":44,"turns":1},{"damage":2,"enemies":"Sphere and 2 Shapes","floor":45,"turns":1},{"damage":0,"enemies":"Maw","floor":48,"turns":5},{"damage":55,"enemies":"Time Eater","floor":50,"turns":8}],"event_choices":[{"event_name":"Mushrooms","player_choice":"Fought Mushrooms","floor":10,"damage_taken":0},{"event_name":"Shining Light","player_choice":"Entered Light","floor":13,"damage_taken":0},{"event_name":"Back to Basics","player_choice":"Simplicity","floor":19,"damage_taken":0},{"event_name":"Cursed Tome","player_choice":"Obtained Book","floor":20,"damage_taken":0},{"event_name":"The Library","player_choice":"Heal","floor":27,"damage_taken":0},{"event_name":"SensoryStone","player_choice":"Memory 3","floor":36,"damage_taken":0},{"event_name":"Tomb of Lord Red Mask","player_choice":"Paid","floor":38,"damage_taken":0}],"boss_relics":[{"not_picked":["White Beast Statue","Velvet Choker"],"picked":"Inserter"},{"not_picked":["Black Star","Runic Pyramid"],"picked":"Philosopher\u0027s Stone"}],"potions_floor_spawned":[7,8,10,16,18,25,35,44,45,48],"seed_played":"3806562739663491538","ascension_level":2,"is_trial":false}