{"gold_per_floor":[109,109,37,37,37,37,37,37,37,49,49,63,88,106,106,204,204,217,217,236,252,10,10,21,21],"floor_reached":25,"playtime":2222,"items_purged":["Strike_G"],"score":231,"play_id":"17fc3591-3da2-4613-9779-f60f1b0fb119","local_time":"20190210233233","is_ascension_mode":true,"campfire_choices":[{"data":"Neutralize","floor":11,"key":"SMITH"},{"floor":15,"key":"REST"},{"floor":23,"key":"REST"}],"neow_cost":"CURSE","seed_source_timestamp":13356417816912,"circlet_count":0,"master_deck":["Defend_G","Defend_G","Defend_G","Defend_G","Defend_G","Strike_G","Survivor","Neutralize+1","Heel Hook","Escape Plan","Backflip","Night Terror","Noxious Fumes","Night Terror","Well Laid Plans"],"relics":["Ring of the Snake","Ginger","Bottled Flame","Lantern","Snecko Eye"],"potions_floor_usage":[13,13,16,21,24,24,24,24,25],"damage_taken":[{"damage":5,"enemies":"2 Louse","floor":1,"turns":4},{"damage":9,"enemies":"Jaw Worm","floor":10,"turns":5},{"damage":4,"enemies":"Small Slimes","floor":12,"turns":5},{"damage":16,"enemies":"Lagavulin","floor":13,"turns":9},{"damage":11,"enemies":"Exordium Wildlife","floor":14,"turns":8},{"damage":2,"enemies":"Slime Boss","floor":16,"turns":9},{"damage":7,"enemies":"Chosen","floor":18,"turns":6},{"damage":16,"enemies":"Shell Parasite","floor":20,"turns":5},{"damage":61,"enemies":"Snecko","floor":21,"turns":6},{"damage":24,"enemies":"Centurion and Healer","floor":24,"turns":17},{"damage":12,"enemies":"Cultist and Chosen","floor":25,"turns":4}],"seed_played":"8791201543182411911","potions_obtained":[{"floor":1,"key":"GhostInAJar"},{"floor":12,"key":"AttackPotion"},{"floor":14,"key":"SpeedPotion"},{"floor":20,"key":"Regen Potion"},{"floor":24,"key":"Dexterity Potion"}],"is_trial":false,"path_per_floor":["M","?","$","?","$","?","?","$","T","M","R","M","E","M","R","B",null,"M","?","M","M","$","R","M","M"],"character_chosen":"THE_SILENT","items_purchased":["Night Terror","Well Laid Plans","EntropicBrew"],"campfire_rested":2,"item_purchase_floors":[3,22,22],"current_hp_per_floor":[65,70,70,63,63,45,45,45,45,36,36,32,16,5,27,25,75,68,68,52,6,6,28,4,0],"gold":21,"neow_bonus":"TRANSFORM_TWO_CARDS","is_prod":false,"is_daily":false,"chose_seed":false,"campfire_upgraded":1,"win_rate":0,"timestamp":1549866753,"path_taken":["M","?","$","?","?","?","?","$","T","M","R","M","E","M","R","BOSS","M","?","M","M","$","R","M","M"],"build_version":"2019-01-23","purchased_purges":1,"victory":false,"max_hp_per_floor":[70,75,75,75,75,75,75,75,75,75,75,75,75,75,75,75,75,75,75,75,75,75,75,75,75],"card_choices":[{"not_picked":["Slice","Cloak And Dagger"],"picked":"Backflip","floor":1},{"not_picked":["Underhanded Strike","Escape Plan","Quick Slash"],"picked":"SKIP","floor":10},{"not_picked":["Outmaneuver","Underhanded Strike","Blur"],"picked":"SKIP","floor":12},{"not_picked":["Caltrops","Eviscerate","Concentrate"],"picked":"SKIP","floor":13},{"not_picked":["Flying Knee","Dash"],"picked":"Noxious Fumes","floor":14},{"not_picked":["Grand Finale","Adrenaline"],"picked":"Night Terror","floor":16},{"not_picked":["Dagger Spray+1","Deadly Poison","Bane"],"picked":"SKIP","floor":18},{"not_picked":["Dagger Throw+1","Dash+1","Caltrops"],"picked":"SKIP","floor":20},{"not_picked":["Blade Dance","Flying Knee+1","Deadly Poison"],"picked":"SKIP","floor":21},{"not_picked":["Tactician","Riddle With Holes","PiercingWail"],"picked":"SKIP","floor":24}],"player_experience":393031,"relics_obtained":[{"floor":9,"key":"Bottled Flame"},{"floor":13,"key":"Lantern"}],"event_choices":[{"damage_healed":0,"gold_gain":0,"player_choice":"Donut","damage_taken":0,"max_hp_gain":5,"max_hp_loss":0,"event_name":"Big Fish","floor":2,"gold_loss":0},{"cards_removed":["Regret"],"damage_healed":0,"gold_gain":0,"player_choice":"Card Removal","damage_taken":7,"max_hp_gain":0,"max_hp_loss":0,"event_name":"Golden Wing","floor":4,"gold_loss":0},{"damage_healed":0,"gold_gain":0,"player_choice":"Success","damage_taken":18,"relics_obtained":["Ginger"],"max_hp_gain":0,"max_hp_loss":0,"event_name":"Scrap Ooze","floor":6,"gold_loss":0},{"damage_healed":0,"gold_gain":0,"player_choice":"Leave","damage_taken":0,"max_hp_gain":0,"max_hp_loss":0,"event_name":"The Cleric","floor":7,"gold_loss":0},{"cards_removed":["Strike_G"],"damage_healed":0,"gold_gain":0,"player_choice":"Purged","damage_taken":0,"max_hp_gain":0,"max_hp_loss":0,"event_name":"Purifier","floor":19,"gold_loss":0}],"is_beta":false,"boss_relics":[{"not_picked":["Runic Dome","Lizard Tail"],"picked":"Snecko Eye"}],"items_purged_floors":[22],"is_endless":false,"potions_floor_spawned":[1,12,14,20,24],"killed_by":"Cultist and Chosen","ascension_level":3}