{"gold_per_floor":[113,63,63,81,93,18,18,50,50,23,23,38,38,52,52,157,157,174,134,134,134,146,146,174,189,214,214,214,228,254,49,49,144,144,162,162,173,218,232,132,132,143,194,224,239,268,268],"floor_reached":47,"playtime":4154,"items_purged":["Defend_R","Writhe"],"score":830,"play_id":"0d488f93-14db-4ba8-bfdb-9e7f7b8c526d","local_time":"20190801124010","is_ascension_mode":true,"campfire_choices":[{"data":"Seeing Red","floor":7,"key":"SMITH"},{"floor":15,"key":"REST"},{"data":"Juggernaut","floor":23,"key":"SMITH"},{"data":"Inflame","floor":27,"key":"SMITH"},{"floor":32,"key":"REST"},{"floor":41,"key":"REST"}],"neow_cost":"NONE","seed_source_timestamp":269536175474581,"circlet_count":0,"master_deck":["Strike_R","Strike_R","Strike_R","Strike_R","Strike_R","Defend_R","Defend_R","Bash+1","Shrug It Off","Shrug It Off","Seeing Red+1","Iron Wave","Clothesline","Iron Wave","Barricade+1","Pommel Strike","Battle Trance","Juggernaut+1","Twin Strike+1","Iron Wave","Warcry+1","Shrug It Off","Disarm","Inflame+1","Spot Weakness","Heavy Blade+1","Body Slam+1","Juggernaut+1","Limit Break","Metallicize+1","Body Slam+1","Armaments+1","Impervious","Shockwave+1","Sword Boomerang+1","Rage","True Grit+1","Flex+1"],"relics":["Burning Blood","Thread and Needle","Prayer Wheel","Velvet Choker","Bronze Scales","Red Skull","Champion Belt","PreservedInsect","DollysMirror","Runic Pyramid","Incense Burner","Omamori","Question Card","Blood Vial"],"potions_floor_usage":[16,16,16,24,37,38,39,44,47],"damage_taken":[{"damage":11,"enemies":"Small Slimes","floor":1,"turns":5},{"damage":7,"enemies":"2 Louse","floor":4,"turns":3},{"damage":3,"enemies":"Jaw Worm","floor":5,"turns":4},{"damage":57,"enemies":"Lagavulin","floor":8,"turns":7},{"damage":2,"enemies":"Exordium Thugs","floor":10,"turns":5},{"damage":9,"enemies":"3 Louse","floor":12,"turns":4},{"damage":2,"enemies":"Looter","floor":14,"turns":3},{"damage":34,"enemies":"Hexaghost","floor":16,"turns":12},{"damage":8,"enemies":"2 Thieves","floor":18,"turns":4},{"damage":0,"enemies":"Chosen","floor":22,"turns":3},{"damage":1,"enemies":"Gremlin Leader","floor":24,"turns":8},{"damage":23,"enemies":"Sentry and Sphere","floor":25,"turns":4},{"damage":5,"enemies":"Snake Plant","floor":29,"turns":3},{"damage":27,"enemies":"Book of Stabbing","floor":30,"turns":5},{"damage":8,"enemies":"Champ","floor":33,"turns":8},{"damage":18,"enemies":"3 Shapes","floor":35,"turns":4},{"damage":32,"enemies":"3 Darklings","floor":37,"turns":6},{"damage":52,"enemies":"2 Orb Walkers","floor":38,"turns":5},{"damage":10,"enemies":"4 Shapes","floor":39,"turns":4},{"damage":17,"enemies":"Jaw Worm Horde","floor":42,"turns":5},{"damage":0,"enemies":"Nemesis","floor":44,"turns":5},{"damage":0,"enemies":"Writhing Mass","floor":45,"turns":5},{"damage":25,"enemies":"Reptomancer","floor":46,"turns":5},{"damage":32,"enemies":"Transient","floor":47,"turns":5}],"seed_played":"8862515031558126111","potions_obtained":[{"floor":5,"key":"Dexterity Potion"},{"floor":8,"key":"SkillPotion"},{"floor":14,"key":"Poison Potion"},{"floor":16,"key":"Energy Potion"},{"floor":18,"key":"FearPotion"},{"floor":22,"key":"FearPotion"},{"floor":29,"key":"PowerPotion"},{"floor":38,"key":"Block Potion"},{"floor":42,"key":"Energy Potion"},{"floor":45,"key":"LiquidBronze"},{"floor":46,"key":"SkillPotion"}],"is_trial":false,"path_per_floor":["M","?","?","M","M","$","R","E","T","M","?","M","$","M","R","B",null,"M","?","$","?","M","R","E","M","T","R","?","M","E","$","R","B",null,"M","?","M","?","M","$","R","M","T","E","M","E","M"],"character_chosen":"IRONCLAD","items_purchased":["DollysMirror"],"campfire_rested":3,"item_purchase_floors":[31],"current_hp_per_floor":[75,75,80,79,82,82,82,31,31,35,35,32,32,36,63,35,79,77,77,77,77,83,83,88,71,71,71,71,72,51,51,78,76,89,77,93,67,21,17,17,44,33,33,39,45,26,0],"gold":268,"neow_bonus":"TEN_PERCENT_HP_BONUS","is_prod":false,"is_daily":false,"chose_seed":false,"campfire_upgraded":3,"win_rate":0,"timestamp":1564659610,"path_taken":["M","?","?","M","M","$","R","E","T","M","?","M","$","M","R","BOSS","M","?","?","?","M","R","E","M","T","R","?","M","E","$","R","BOSS","M","?","M","?","M","?","R","M","T","E","M","E","M"],"build_version":"2019-07-05","purchased_purges":2,"victory":false,"max_hp_per_floor":[88,88,93,93,93,93,93,93,93,93,93,93,93,93,93,93,93,93,93,93,93,93,93,93,93,93,93,93,93,93,93,93,93,93,93,93,93,93,93,93,93,93,93,93,93,93,93],"card_choices":[{"not_picked":["Headbutt","Sentinel"],"picked":"Shrug It Off","floor":1},{"not_picked":["Sever Soul","Havoc"],"picked":"Shrug It Off","floor":4},{"not_picked":["Shrug It Off","Flex"],"picked":"Seeing Red","floor":5},{"not_picked":["Warcry","Rage"],"picked":"Iron Wave","floor":8},{"not_picked":["Armaments","Seeing Red"],"picked":"Clothesline","floor":10},{"not_picked":["Warcry","Iron Wave","Corruption"],"picked":"SKIP","floor":10},{"not_picked":["Warcry","Corruption"],"picked":"Iron Wave","floor":10},{"not_picked":["Perfected Strike","Fire Breathing"],"picked":"Barricade","floor":12},{"not_picked":["Flex","Perfected Strike","Combust"],"picked":"SKIP","floor":12},{"not_picked":["Heavy Blade","Cleave"],"picked":"Pommel Strike","floor":14},{"not_picked":["Reckless Charge","Metallicize"],"picked":"Battle Trance","floor":14},{"not_picked":["Dark Embrace","Immolate"],"picked":"Juggernaut","floor":16},{"not_picked":["Ghostly Armor+1","Thunderclap"],"picked":"Twin Strike+1","floor":18},{"not_picked":["Twin Strike","Heavy Blade","Power Through"],"picked":"SKIP","floor":18},{"not_picked":["Intimidate+1","Sword Boomerang"],"picked":"Warcry+1","floor":22},{"not_picked":["Sentinel","Warcry"],"picked":"Shrug It Off","floor":22},{"not_picked":["Ghostly Armor","Reckless Charge"],"picked":"Disarm","floor":24},{"not_picked":["Anger","Thunderclap"],"picked":"Inflame","floor":25},{"not_picked":["Thunderclap","Searing Blow","Corruption"],"picked":"SKIP","floor":25},{"not_picked":["Reaper","Burning Pact"],"picked":"Spot Weakness","floor":29},{"not_picked":["Perfected Strike","Body Slam"],"picked":"Heavy Blade+1","floor":29},{"not_picked":["Armaments+1","Metallicize"],"picked":"Body Slam+1","floor":30},{"not_picked":["Brutality","Feed"],"picked":"Limit Break","floor":33},{"not_picked":["Cleave","Anger"],"picked":"Metallicize+1","floor":35},{"not_picked":["Clash+1","Headbutt+1","Havoc"],"picked":"SKIP","floor":35},{"not_picked":["Sentinel+1","Intimidate","Iron Wave"],"picked":"SKIP","floor":37},{"not_picked":["True Grit","Feed","Blood for Blood"],"picked":"SKIP","floor":37},{"not_picked":["Hemokinesis","Perfected Strike"],"picked":"Body Slam+1","floor":38},{"not_picked":["Cleave","Thunderclap+1"],"picked":"Armaments+1","floor":39},{"not_picked":["Sword Boomerang","Armaments+1"],"picked":"Impervious","floor":39},{"not_picked":["Clothesline","Warcry+1"],"picked":"Shockwave+1","floor":42},{"not_picked":["Clash+1","Flex+1","Whirlwind"],"picked":"SKIP","floor":42},{"not_picked":["Infernal Blade","True Grit"],"picked":"Sword Boomerang+1","floor":44},{"not_picked":["Flame Barrier+1","True Grit","Second Wind"],"picked":"Rage","floor":45},{"not_picked":["Thunderclap+1","Armaments+1","Rage"],"picked":"True Grit+1","floor":45},{"not_picked":["Clothesline+1","Armaments+1","True Grit"],"picked":"Flex+1","floor":46}],"player_experience":169846,"relics_obtained":[{"floor":8,"key":"Thread and Needle"},{"floor":9,"key":"Prayer Wheel"},{"floor":24,"key":"Bronze Scales"},{"floor":26,"key":"Red Skull"},{"floor":28,"key":"Champion Belt"},{"floor":30,"key":"PreservedInsect"},{"floor":38,"key":"Incense Burner"},{"floor":43,"key":"Omamori"},{"floor":44,"key":"Question Card"},{"floor":46,"key":"Blood Vial"}],"event_choices":[{"cards_removed":["Defend_R"],"damage_healed":0,"gold_gain":0,"player_choice":"Card Removal","damage_taken":0,"max_hp_gain":0,"max_hp_loss":0,"event_name":"The Cleric","floor":2,"gold_loss":50},{"damage_healed":0,"gold_gain":0,"player_choice":"Donut","damage_taken":0,"max_hp_gain":5,"max_hp_loss":0,"event_name":"Big Fish","floor":3,"gold_loss":0},{"damage_healed":0,"gold_gain":0,"player_choice":"Grow","damage_taken":0,"max_hp_gain":0,"max_hp_loss":0,"event_name":"Living Wall","floor":11,"gold_loss":0,"cards_upgraded":["Bash"]},{"damage_healed":0,"gold_gain":0,"player_choice":"Upgrade","damage_taken":0,"max_hp_gain":0,"max_hp_loss":0,"event_name":"Designer","floor":19,"gold_loss":40,"cards_upgraded":["Barricade"]},{"damage_healed":0,"gold_gain":0,"player_choice":"Read","damage_taken":0,"max_hp_gain":0,"max_hp_loss":0,"event_name":"The Library","floor":21,"gold_loss":0,"cards_obtained":["Iron Wave"]},{"damage_healed":0,"gold_gain":0,"player_choice":"Relic","damage_taken":0,"max_hp_gain":0,"max_hp_loss":0,"event_name":"Wheel of Change","floor":28,"gold_loss":0},{"damage_healed":23,"gold_gain":0,"player_choice":"Writhe","damage_taken":0,"max_hp_gain":0,"max_hp_loss":0,"event_name":"Winding Halls","floor":36,"gold_loss":0,"cards_obtained":["Writhe"]},{"damage_healed":0,"gold_gain":0,"player_choice":"Fight","damage_taken":0,"max_hp_gain":0,"max_hp_loss":0,"event_name":"Mysterious Sphere","floor":38,"gold_loss":0}],"is_beta":false,"boss_relics":[{"not_picked":["Empty Cage","Mark of Pain"],"picked":"Velvet Choker"},{"not_picked":["Fusion Hammer","Runic Dome"],"picked":"Runic Pyramid"}],"items_purged_floors":[6,40],"is_endless":false,"potions_floor_spawned":[5,8,14,16,18,22,29,33,38,42,45,46],"killed_by":"Transient","ascension_level":8}