{"gold_per_floor":[117,117,42,59,59,87,87,87,87,87,100,119,119,132,132,258,258,271,171,191,191,191,191,191],"floor_reached":24,"playtime":1108,"items_purged":["Defend_R","Defend_R"],"score":273,"play_id":"6ef83d96-ae18-4a78-8934-e4655a4d6e36","local_time":"20181223021116","is_ascension_mode":true,"campfire_choices":[{"data":"Rampage","floor":8,"key":"SMITH"},{"data":"Clash","floor":10,"key":"SMITH"},{"data":"True Grit","floor":13,"key":"SMITH"},{"data":"Hemokinesis","floor":15,"key":"SMITH"},{"data":"Clash","floor":23,"key":"SMITH"}],"neow_cost":"NONE","seed_source_timestamp":107300966775281,"circlet_count":0,"master_deck":["Defend_R","Bash","Thunderclap","Rampage+1","Clash+1","True Grit+1","Hemokinesis+1","Clash+1","Bludgeon","Ghostly","Ghostly","Ghostly","Ghostly","Ghostly","Bite","Bite","Bite","Bite","Bite"],"relics":["Black Blood","Pantograph","Juzu Bracelet","Golden Idol"],"potions_floor_usage":[6,16,16,16,20],"damage_taken":[{"damage":6,"enemies":"Cultist","floor":1,"turns":3},{"damage":7,"enemies":"2 Louse","floor":4,"turns":2},{"damage":40,"enemies":"Lagavulin","floor":6,"turns":5},{"damage":0,"enemies":"Jaw Worm","floor":11,"turns":1},{"damage":12,"enemies":"Exordium Wildlife","floor":12,"turns":3},{"damage":7,"enemies":"Blue Slaver","floor":14,"turns":2},{"damage":39,"enemies":"The Guardian","floor":16,"turns":5},{"damage":5,"enemies":"Chosen","floor":18,"turns":3},{"damage":28,"enemies":"Shell Parasite","floor":20,"turns":3},{"damage":40,"enemies":"Book of Stabbing","floor":24,"turns":6}],"seed_played":"5050902818066375091","potions_obtained":[{"floor":1,"key":"SteroidPotion"},{"floor":6,"key":"SpeedPotion"},{"floor":11,"key":"SpeedPotion"},{"floor":14,"key":"Poison Potion"},{"floor":18,"key":"Fire Potion"}],"is_trial":false,"path_per_floor":["M","T","$","M","?","E","?","R","T","R","M","M","R","M","R","B",null,"M","$","M","?","?","R","E"],"character_chosen":"IRONCLAD","items_purchased":[],"campfire_rested":0,"item_purchase_floors":[],"current_hp_per_floor":[80,80,80,79,79,45,25,25,25,25,31,25,25,24,24,16,80,80,80,62,40,28,28,0],"gold":191,"neow_bonus":"REMOVE_CARD","is_prod":false,"is_daily":false,"chose_seed":false,"campfire_upgraded":5,"win_rate":0,"timestamp":1545556276,"path_taken":["M","?","$","M","?","E","?","R","T","R","M","M","R","M","R","BOSS","M","$","M","?","?","R","E"],"build_version":"2018-12-20","purchased_purges":2,"victory":false,"max_hp_per_floor":[80,80,80,80,80,80,80,80,80,80,80,80,80,80,80,80,80,80,80,80,40,28,28,28],"card_choices":[{"not_picked":["Burning Pact","Headbutt"],"picked":"Thunderclap","floor":1},{"not_picked":["Perfected Strike","Battle Trance"],"picked":"Rampage","floor":4},{"not_picked":["Shockwave","Sentinel"],"picked":"Clash","floor":6},{"not_picked":["Sentinel","Headbutt"],"picked":"True Grit","floor":11},{"not_picked":["Sentinel","Whirlwind"],"picked":"Hemokinesis","floor":12},{"not_picked":["Perfected Strike","Spot Weakness"],"picked":"Clash","floor":14},{"not_picked":["Immolate","Impervious"],"picked":"Bludgeon","floor":16},{"not_picked":["Shrug It Off","Thunderclap","Body Slam+1"],"picked":"SKIP","floor":18},{"not_picked":["Entrench+1","Pummel","Pommel Strike+1"],"picked":"SKIP","floor":20}],"player_experience":179744,"relics_obtained":[{"floor":2,"key":"Pantograph"},{"floor":6,"key":"Juzu Bracelet"}],"event_choices":[{"cards_removed":["Strike_R"],"damage_healed":0,"gold_gain":0,"player_choice":"Purged","damage_taken":0,"max_hp_gain":0,"max_hp_loss":0,"event_name":"Purifier","floor":5,"gold_loss":0},{"damage_healed":0,"gold_gain":0,"player_choice":"Take Damage","damage_taken":20,"relics_obtained":["Golden Idol"],"max_hp_gain":0,"max_hp_loss":0,"event_name":"Golden Idol","floor":7,"gold_loss":0},{"damage_healed":0,"gold_gain":0,"player_choice":"Became a Ghost","damage_taken":0,"max_hp_gain":0,"max_hp_loss":40,"event_name":"Ghosts","floor":21,"gold_loss":0,"cards_obtained":["Ghostly","Ghostly","Ghostly","Ghostly","Ghostly"]},{"damage_healed":0,"gold_gain":0,"player_choice":"Became a vampire","damage_taken":0,"max_hp_gain":0,"max_hp_loss":12,"event_name":"Vampires","floor":22,"gold_loss":0,"cards_obtained":["Bite","Bite","Bite","Bite","Bite"]}],"is_beta":false,"boss_relics":[{"not_picked":["Empty Cage","Pandora\u0027s Box"],"picked":"Black Blood"}],"items_purged_floors":[3,19],"is_endless":false,"potions_floor_spawned":[1,6,11,14,18],"killed_by":"Book of Stabbing","ascension_level":3}