{"gold_per_floor":[12,24,35,48,62,62,91,91,115,115,115],"floor_reached":11,"playtime":726,"items_purged":[],"score":79,"play_id":"42988341-8693-4f1f-9bdf-61748cab383e","local_time":"20181221083812","is_ascension_mode":true,"campfire_choices":[{"floor":6,"key":"REST"},{"floor":8,"key":"REST"},{"data":"Demon Form","floor":10,"key":"SMITH"}],"neow_cost":"NO_GOLD","seed_source_timestamp":169908234234658,"circlet_count":0,"master_deck":["Strike_R","Strike_R","Strike_R","Strike_R","Strike_R","Defend_R","Defend_R","Defend_R","Defend_R","Bash","Demon Form+1","Havoc","Havoc","Havoc","Rage"],"relics":["Burning Blood","Centennial Puzzle","Regal Pillow"],"potions_floor_usage":[5,5],"damage_taken":[{"damage":2,"enemies":"Cultist","floor":1,"turns":5},{"damage":3,"enemies":"Small Slimes","floor":2,"turns":4},{"damage":13,"enemies":"Jaw Worm","floor":3,"turns":4},{"damage":11,"enemies":"Blue Slaver","floor":4,"turns":6},{"damage":56,"enemies":"Gremlin Gang","floor":5,"turns":8},{"damage":40,"enemies":"3 Sentries","floor":7,"turns":9},{"damage":38,"enemies":"3 Louse","floor":11,"turns":4}],"seed_played":"-4096176474812211168","potions_obtained":[{"floor":1,"key":"SpeedPotion"},{"floor":4,"key":"Weak Potion"}],"is_trial":false,"path_per_floor":["M","M","M","M","M","R","E","R","T","R","M"],"character_chosen":"IRONCLAD","items_purchased":[],"campfire_rested":2,"item_purchase_floors":[],"current_hp_per_floor":[80,80,73,68,18,42,8,32,32,32,0],"gold":115,"neow_bonus":"THREE_RARE_CARDS","is_prod":false,"is_daily":false,"chose_seed":false,"campfire_upgraded":1,"win_rate":0,"timestamp":1545406692,"path_taken":["M","M","?","M","?","R","E","R","T","R","M"],"build_version":"2018-12-20","purchased_purges":0,"victory":false,"max_hp_per_floor":[80,80,80,80,80,80,80,80,80,80,80],"card_choices":[{"not_picked":["Impervious","Reaper"],"picked":"Demon Form","floor":0},{"not_picked":["Infernal Blade","Power Through","Iron Wave"],"picked":"SKIP","floor":1},{"not_picked":["True Grit","Headbutt"],"picked":"Havoc","floor":2},{"not_picked":["Fire Breathing","Perfected Strike"],"picked":"Havoc","floor":3},{"not_picked":["Armaments","Iron Wave"],"picked":"Havoc","floor":4},{"not_picked":["Shrug It Off","Headbutt"],"picked":"Rage","floor":5},{"not_picked":["Clothesline","Pommel Strike","Flex"],"picked":"SKIP","floor":7}],"player_experience":160228,"relics_obtained":[{"floor":7,"key":"Centennial Puzzle"},{"floor":9,"key":"Regal Pillow"}],"event_choices":[],"is_beta":false,"boss_relics":[],"items_purged_floors":[],"is_endless":false,"potions_floor_spawned":[1,4],"killed_by":"3 Louse","ascension_level":1}