{"gold_per_floor":[118,137,149,149,169,200,200,200,225,268,245,298,485,512,524,536],"floor_reached":16,"playtime":877,"items_purged":[],"score":126,"play_id":"af6b360b-5e95-4602-b189-3701548869d9","local_time":"20190706190449","is_ascension_mode":true,"campfire_choices":[{"floor":8,"key":"REST"},{"floor":15,"key":"REST"}],"neow_cost":"NONE","seed_source_timestamp":756204879233706,"circlet_count":0,"master_deck":["Strike_R","Strike_R","Strike_R","Strike_R+1","Strike_R","Defend_R","Defend_R","Defend_R","Defend_R","Bash","Thunderclap","Wild Strike","Entrench","Injury","Cleave+1","Rage","Spot Weakness","Shrug It Off","Doubt","Perfected Strike"],"relics":["Burning Blood","Golden Idol","Regal Pillow","Oddly Smooth Stone","MawBank","Blood Vial"],"potions_floor_usage":[6,16],"damage_taken":[{"damage":12,"enemies":"Small Slimes","floor":1,"turns":3},{"damage":0,"enemies":"2 Louse","floor":2,"turns":3},{"damage":11,"enemies":"Jaw Worm","floor":3,"turns":2},{"damage":10,"enemies":"Large Slime","floor":5,"turns":6},{"damage":39,"enemies":"3 Sentries","floor":6,"turns":8},{"damage":28,"enemies":"Gremlin Nob","floor":10,"turns":4},{"damage":27,"enemies":"Lagavulin","floor":12,"turns":5},{"damage":0,"enemies":"2 Fungi Beasts","floor":14,"turns":2},{"damage":92,"enemies":"The Guardian","floor":16,"turns":11}],"seed_played":"-7847564014810766100","potions_obtained":[{"floor":1,"key":"Fire Potion"},{"floor":3,"key":"PowerPotion"}],"is_trial":false,"path_per_floor":["M","M","M","?","M","E","?","R","T","E","?","E","?","M","R","B"],"character_chosen":"IRONCLAD","items_purchased":[],"campfire_rested":2,"item_purchase_floors":[],"current_hp_per_floor":[82,88,83,83,79,46,28,69,69,47,69,48,48,56,88,0],"gold":536,"neow_bonus":"TEN_PERCENT_HP_BONUS","is_prod":false,"is_daily":false,"chose_seed":false,"campfire_upgraded":0,"win_rate":0,"timestamp":1562436289,"path_taken":["M","M","M","?","M","E","?","R","T","E","?","E","?","M","R","BOSS"],"build_version":"2019-07-05","purchased_purges":0,"victory":false,"max_hp_per_floor":[88,88,88,88,88,88,88,88,88,88,88,88,88,88,88,88],"card_choices":[{"not_picked":["Warcry","Fire Breathing"],"picked":"Thunderclap","floor":1},{"not_picked":["Twin Strike","True Grit"],"picked":"Wild Strike","floor":2},{"not_picked":["Second Wind","Berserk"],"picked":"Entrench","floor":3},{"not_picked":["Armaments","Havoc"],"picked":"Cleave","floor":5},{"not_picked":["Clash","Armaments"],"picked":"Rage","floor":6},{"not_picked":["Shockwave","Metallicize"],"picked":"Spot Weakness","floor":10},{"not_picked":["Wild Strike","Thunderclap"],"picked":"Shrug It Off","floor":12},{"not_picked":["Warcry","Clash"],"picked":"Perfected Strike","floor":14}],"player_experience":40925,"relics_obtained":[{"floor":6,"key":"Regal Pillow"},{"floor":9,"key":"Oddly Smooth Stone"},{"floor":10,"key":"MawBank"},{"floor":12,"key":"Blood Vial"}],"event_choices":[{"damage_healed":0,"gold_gain":0,"player_choice":"Take Wound","damage_taken":0,"relics_obtained":["Golden Idol"],"max_hp_gain":0,"max_hp_loss":0,"event_name":"Golden Idol","floor":4,"gold_loss":0,"cards_obtained":["Injury"]},{"damage_healed":0,"gold_gain":0,"player_choice":"Entered Light","damage_taken":18,"max_hp_gain":0,"max_hp_loss":0,"event_name":"Shining Light","floor":7,"gold_loss":0,"cards_upgraded":["Strike_R","Cleave"]},{"damage_healed":22,"gold_gain":0,"player_choice":"Healed","damage_taken":0,"max_hp_gain":0,"max_hp_loss":0,"event_name":"The Cleric","floor":11,"gold_loss":35},{"damage_healed":0,"gold_gain":175,"player_choice":"AGREE","damage_taken":0,"max_hp_gain":0,"max_hp_loss":0,"event_name":"Liars Game","floor":13,"gold_loss":0,"cards_obtained":["Doubt"]}],"is_beta":false,"boss_relics":[],"items_purged_floors":[],"is_endless":false,"potions_floor_spawned":[1,3],"killed_by":"The Guardian","ascension_level":1}