{"gold_per_floor":[115,190,205,59,134,134,151,151,151,151,151,177,189,206,206,302,302,316,316,20,38,38,56,56,56],"floor_reached":25,"playtime":911,"items_purged":[],"score":226,"play_id":"33695914-5e54-4ad7-bc37-c2867d4a77ef","local_time":"20190201223007","is_ascension_mode":false,"campfire_choices":[{"data":"Second Wind","floor":6,"key":"SMITH"},{"data":"Inflame","floor":8,"key":"SMITH"},{"data":"Berserk","floor":15,"key":"SMITH"},{"data":"Entrench","floor":24,"key":"SMITH"}],"neow_cost":"NONE","seed_source_timestamp":412518186825944,"circlet_count":0,"master_deck":["Strike_R","Strike_R","Strike_R","Strike_R","Defend_R","Defend_R","Defend_R","Defend_R","Bash+1","Impervious","Inflame+1","Second Wind+1","Berserk+1","Barricade","Body Slam","Entrench+1","Berserk+1","Anger"],"relics":["Burning Blood","Omamori","Shuriken","Mark of Pain","Gremlin Horn","Unceasing Top"],"potions_floor_usage":[12,12,25,25],"damage_taken":[{"damage":9,"enemies":"Small Slimes","floor":1,"turns":3},{"damage":4,"enemies":"Cultist","floor":3,"turns":4},{"damage":1,"enemies":"2 Louse","floor":7,"turns":3},{"damage":0,"enemies":"Gremlin Nob","floor":12,"turns":4},{"damage":14,"enemies":"Exordium Thugs","floor":13,"turns":5},{"damage":0,"enemies":"2 Fungi Beasts","floor":14,"turns":5},{"damage":36,"enemies":"Slime Boss","floor":16,"turns":11},{"damage":15,"enemies":"Shell Parasite","floor":18,"turns":8},{"damage":45,"enemies":"Spheric Guardian","floor":21,"turns":8},{"damage":20,"enemies":"Snake Plant","floor":23,"turns":7},{"damage":35,"enemies":"Cultist and Chosen","floor":25,"turns":6}],"seed_played":"6784859669505997709","potions_obtained":[{"floor":1,"key":"Fire Potion"},{"floor":3,"key":"Strength Potion"},{"floor":7,"key":"Dexterity Potion"},{"floor":16,"key":"Dexterity Potion"},{"floor":23,"key":"FearPotion"}],"is_trial":false,"path_per_floor":["M","?","M","$","?","R","M","R","T","?","?","E","M","M","R","B",null,"M","?","$","M","?","M","R","M"],"character_chosen":"IRONCLAD","items_purchased":["Inflame","Second Wind","Unceasing Top"],"campfire_rested":0,"item_purchase_floors":[4,4,20],"current_hp_per_floor":[77,66,68,68,60,60,65,65,65,58,58,64,56,62,62,32,80,71,71,71,32,32,18,18,0],"gold":56,"neow_bonus":"ONE_RANDOM_RARE_CARD","is_prod":false,"is_daily":false,"chose_seed":false,"campfire_upgraded":4,"win_rate":0,"timestamp":1549085407,"path_taken":["M","?","M","$","?","R","?","R","T","?","?","E","M","M","R","BOSS","M","?","$","M","?","M","R","M"],"build_version":"2019-01-23","purchased_purges":0,"victory":false,"max_hp_per_floor":[80,80,80,80,80,80,80,80,80,80,80,80,80,80,80,80,80,80,80,80,80,80,80,80,80],"card_choices":[{"not_picked":["Seeing Red","Anger","Havoc"],"picked":"SKIP","floor":1},{"not_picked":["Battle Trance","Disarm","Twin Strike"],"picked":"SKIP","floor":3},{"not_picked":["Iron Wave","Body Slam","True Grit"],"picked":"SKIP","floor":7},{"not_picked":["Seeing Red","Fiend Fire"],"picked":"Berserk","floor":12},{"not_picked":["Intimidate","Twin Strike","Wild Strike"],"picked":"SKIP","floor":13},{"not_picked":["Sword Boomerang","Uppercut","Flame Barrier"],"picked":"SKIP","floor":14},{"not_picked":["Brutality","Impervious"],"picked":"Barricade","floor":16},{"not_picked":["Flex","Warcry"],"picked":"Body Slam","floor":18},{"not_picked":["Pummel","Body Slam"],"picked":"Entrench","floor":21},{"not_picked":["Shockwave","Sword Boomerang"],"picked":"Anger","floor":23}],"player_experience":362341,"relics_obtained":[{"floor":9,"key":"Omamori"},{"floor":12,"key":"Shuriken"}],"event_choices":[{"damage_healed":0,"gold_gain":75,"player_choice":"Gather Gold","damage_taken":11,"max_hp_gain":0,"max_hp_loss":0,"event_name":"World of Goop","floor":2,"gold_loss":0},{"damage_healed":0,"gold_gain":75,"player_choice":"Touch","damage_taken":8,"max_hp_gain":0,"max_hp_loss":0,"event_name":"FaceTrader","floor":5,"gold_loss":0},{"cards_removed":["Strike_R"],"damage_healed":0,"gold_gain":0,"player_choice":"Card Removal","damage_taken":7,"max_hp_gain":0,"max_hp_loss":0,"event_name":"Golden Wing","floor":10,"gold_loss":0},{"damage_healed":0,"gold_gain":0,"player_choice":"Upgraded","damage_taken":0,"max_hp_gain":0,"max_hp_loss":0,"event_name":"Upgrade Shrine","floor":11,"gold_loss":0,"cards_upgraded":["Bash"]},{"damage_healed":0,"gold_gain":0,"player_choice":"Opened","damage_taken":0,"relics_obtained":["Gremlin Horn"],"max_hp_gain":0,"max_hp_loss":0,"event_name":"The Mausoleum","floor":19,"gold_loss":0},{"damage_healed":0,"gold_gain":0,"player_choice":"Copied","damage_taken":0,"max_hp_gain":0,"max_hp_loss":0,"event_name":"Duplicator","floor":22,"gold_loss":0,"cards_obtained":["Berserk"]}],"is_beta":false,"boss_relics":[{"not_picked":["Busted Crown","Empty Cage"],"picked":"Mark of Pain"}],"items_purged_floors":[],"is_endless":false,"potions_floor_spawned":[1,3,7,16,23],"killed_by":"Cultist and Chosen","ascension_level":0}