{"gold_per_floor":[110,40,50,225,20,20,48,58,83,83,358,358,375,393,393,491,491,501,518,316,330,3,15,15,25,25,0,29,29,29,29,29,29],"floor_reached":33,"playtime":861,"items_purged":["Defend_B","Strike_B"],"score":290,"play_id":"ba337d99-e9b0-434b-8d08-b2308459dea3","local_time":"20190810173039","is_ascension_mode":false,"campfire_choices":[{"data":"Zap","floor":6.0,"key":"SMITH"},{"data":"Dualcast","floor":10.0,"key":"SMITH"},{"data":"Scrape","floor":12.0,"key":"SMITH"},{"data":"Melter","floor":15.0,"key":"SMITH"},{"floor":24,"key":"REST"},{"floor":32,"key":"RECALL"}],"neow_cost":"NONE","seed_source_timestamp":1233420130115282,"circlet_count":0,"master_deck":["Strike_B","Strike_B","Strike_B","Defend_B","Defend_B","Defend_B","Zap+1","Dualcast+1","Melter+1","FTL","Scrape+1","Gash","Reboot","Gash","Go for the Eyes","Master of Strategy","Gash","Beam Cell+1"],"special_seed":0,"relics":["Cracked Core","NeowsBlessing","Membership Card","Boot","Potion Belt","Empty Cage","Pantograph","Tiny Chest","Juzu Bracelet","Mercury Hourglass","Art of War","Nilry\u0027s Codex"],"potions_floor_usage":[23,23,28,28],"damage_taken":[{"damage":0.0,"enemies":"Cultist","floor":1.0,"turns":1.0},{"damage":0.0,"enemies":"2 Louse","floor":3.0,"turns":1.0},{"damage":0.0,"enemies":"Lagavulin","floor":7.0,"turns":1.0},{"damage":1.0,"enemies":"Jaw Worm","floor":8.0,"turns":2.0},{"damage":2.0,"enemies":"3 Louse","floor":13.0,"turns":2.0},{"damage":18.0,"enemies":"Large Slime","floor":14.0,"turns":4.0},{"damage":48.0,"enemies":"The Guardian","floor":16.0,"turns":9.0},{"damage":10,"enemies":"Chosen","floor":18,"turns":3},{"damage":7,"enemies":"Shell Parasite","floor":19,"turns":3},{"damage":26,"enemies":"Shelled Parasite and Fungi","floor":21,"turns":3},{"damage":9,"enemies":"Centurion and Healer","floor":23,"turns":3},{"damage":0,"enemies":"Sentry and Sphere","floor":25,"turns":1},{"damage":2,"enemies":"Book of Stabbing","floor":28,"turns":2},{"damage":92,"enemies":"Collector","floor":33,"turns":6}],"seed_played":"3246439056926408725","potions_obtained":[{"floor":1.0,"key":"Strength Potion"},{"floor":3.0,"key":"GamblersBrew"},{"floor":13.0,"key":"Explosive Potion"},{"floor":14.0,"key":"Weak Potion"},{"floor":23,"key":"Energy Potion"},{"floor":25,"key":"Poison Potion"},{"floor":28,"key":"Fire Potion"}],"is_trial":false,"path_per_floor":["M","$","M","?","$","R","E","M","T","R","?","R","M","M","R","B",null,"M","M","$","M","$","M","R","M","T","?","E","?","?","$","R","B"],"character_chosen":"DEFECT","items_purchased":["FTL","Membership Card","Gash","Pantograph","Fire Potion","Tiny Chest","Juzu Bracelet","Master of Strategy","Regen Potion","Block Potion"],"campfire_rested":1,"item_purchase_floors":[2,5,20,20,20,22,22,22,22,22],"current_hp_per_floor":[75,75,75,75,75,75,75,74,74,74,74,74,72,54,54,6,75,65,58,58,32,32,32,54,54,54,54,52,75,59,59,59,0],"gold":29,"neow_bonus":"THREE_ENEMY_KILL","is_prod":false,"is_daily":false,"chose_seed":false,"campfire_upgraded":4,"win_rate":0,"timestamp":1565451039,"path_taken":["M","$","M","?","$","R","E","M","T","R","?","R","?","M","R","BOSS","M","M","$","M","$","M","R","M","T","?","E","?","?","?","R","BOSS"],"build_version":"2019-07-18","purchased_purges":2,"victory":false,"max_hp_per_floor":[75,75,75,75,75,75,75,75,75,75,75,75,75,75,75,75,75,75,75,75,75,75,75,75,75,75,75,75,75,75,75,75,75],"card_choices":[{"not_picked":["Recycle","Skim"],"picked":"Melter","floor":1.0},{"not_picked":["Recycle","Ball Lightning"],"picked":"Scrape","floor":3.0},{"not_picked":["Stack","Doom and Gloom","Glacier"],"picked":"SKIP","floor":7.0},{"not_picked":["Redo","Cold Snap"],"picked":"Gash","floor":8.0},{"not_picked":["Steam","Heatsinks","Steam Power"],"picked":"SKIP","floor":13.0},{"not_picked":["Cold Snap","Stack","Barrage"],"picked":"SKIP","floor":14.0},{"not_picked":["Electrodynamics","Multi-Cast"],"picked":"Reboot","floor":16.0},{"not_picked":["Steam+1","Sunder+1","Cold Snap"],"picked":"SKIP","floor":18},{"not_picked":["Hello World","Compile Driver","Darkness+1"],"picked":"SKIP","floor":19},{"not_picked":["Defragment","Redo"],"picked":"Go for the Eyes","floor":21},{"not_picked":["Hologram","Double Energy"],"picked":"Gash","floor":23},{"not_picked":["Cold Snap+1","Conserve Battery"],"picked":"Beam Cell+1","floor":25},{"not_picked":["Sweeping Beam","Leap","Static Discharge"],"picked":"SKIP","floor":28}],"player_experience":590068,"relics_obtained":[{"floor":7.0,"key":"Boot"},{"floor":9.0,"key":"Potion Belt"},{"floor":26,"key":"Mercury Hourglass"},{"floor":28,"key":"Art of War"},{"floor":30,"key":"Nilry\u0027s Codex"}],"event_choices":[{"damage_healed":0.0,"max_hp_gain":0.0,"max_hp_loss":0.0,"gold_gain":175.0,"event_name":"Liars Game","player_choice":"AGREE","floor":4.0,"gold_loss":0.0,"damage_taken":0.0,"cards_obtained":["Doubt"]},{"damage_healed":0.0,"max_hp_gain":0.0,"max_hp_loss":0.0,"gold_gain":275.0,"event_name":"Golden Shrine","player_choice":"Desecrate","floor":11.0,"gold_loss":0.0,"damage_taken":0.0,"cards_obtained":["Regret"]},{"damage_healed":0,"gold_gain":0,"player_choice":"Paid Fearfully","damage_taken":0,"max_hp_gain":0,"max_hp_loss":0,"event_name":"Masked Bandits","floor":27,"gold_loss":25},{"damage_healed":25,"gold_gain":0,"player_choice":"Heal","damage_taken":0,"max_hp_gain":0,"max_hp_loss":0,"event_name":"The Library","floor":29,"gold_loss":0},{"damage_healed":0,"gold_gain":0,"player_choice":"Obtained Book","damage_taken":16,"max_hp_gain":0,"max_hp_loss":0,"event_name":"Cursed Tome","floor":30,"gold_loss":0}],"is_beta":true,"boss_relics":[{"not_picked":["White Beast Statue","Astrolabe"],"picked":"Empty Cage"}],"items_purged_floors":[20,22],"is_endless":false,"potions_floor_spawned":[1,3,13,14,23,25,28],"killed_by":"Collector","ascension_level":0}