{"gold_per_floor":[112,187,30,30,46,46,46,59,59,59,77,106,106,131,131,236,236,256,436,406],"floor_reached":20,"playtime":554,"items_purged":[],"score":288,"play_id":"683ecd86-ffa7-4a35-9285-ae60708f2f11","local_time":"20190407104321","is_ascension_mode":true,"campfire_choices":[{"data":"Hemokinesis","floor":6,"key":"SMITH"},{"data":"Bash","floor":10,"key":"SMITH"},{"floor":13,"key":"REST"},{"data":"Flame Barrier","floor":15,"key":"SMITH"}],"neow_cost":"NONE","seed_source_timestamp":102367064810115,"circlet_count":0,"master_deck":["AscendersBane","Strike_R","Strike_R","Strike_R","Strike_R","Strike_R","Defend_R","Defend_R","Defend_R","Defend_R","Bash+1","Hemokinesis+1","Ghostly Armor","Flame Barrier+1","Blood for Blood","Demon Form","Sword Boomerang"],"relics":["Burning Blood","Pen Nib","Singing Bowl","Mercury Hourglass","Happy Flower","Art of War","Black Star"],"potions_floor_usage":[16,16,20,20],"damage_taken":[{"damage":8,"enemies":"Small Slimes","floor":1,"turns":4},{"damage":15,"enemies":"Jaw Worm","floor":5,"turns":2},{"damage":2,"enemies":"2 Louse","floor":8,"turns":2},{"damage":10,"enemies":"Blue Slaver","floor":11,"turns":3},{"damage":18,"enemies":"Gremlin Nob","floor":12,"turns":3},{"damage":9,"enemies":"3 Sentries","floor":14,"turns":6},{"damage":34,"enemies":"Hexaghost","floor":16,"turns":10},{"damage":20,"enemies":"Shell Parasite","floor":18,"turns":5},{"damage":17,"enemies":"2 Thieves","floor":20,"turns":1}],"seed_played":"-3264693782955350668","potions_obtained":[{"floor":11,"key":"Strength Potion"},{"floor":14,"key":"Dexterity Potion"}],"is_trial":false,"path_per_floor":["M","?","$","?","M","R","?","M","T","R","M","E","R","E","R","B",null,"M","?","M"],"character_chosen":"IRONCLAD","items_purchased":["Pen Nib"],"campfire_rested":1,"item_purchase_floors":[3],"current_hp_per_floor":[78,67,67,67,58,58,40,46,46,46,44,32,59,56,56,28,76,62,17,0],"gold":406,"neow_bonus":"TEN_PERCENT_HP_BONUS","is_prod":false,"is_daily":false,"chose_seed":false,"campfire_upgraded":3,"win_rate":0,"timestamp":1554659001,"path_taken":["M","?","?","?","M","R","?","M","T","R","?","E","R","E","R","BOSS","M","?","?"],"build_version":"2019-01-23","purchased_purges":0,"victory":false,"max_hp_per_floor":[88,88,88,88,88,88,88,90,90,90,92,92,92,92,92,92,92,92,92,92],"card_choices":[{"not_picked":["Iron Wave","Havoc"],"picked":"Hemokinesis","floor":1},{"not_picked":["Anger","Battle Trance"],"picked":"Ghostly Armor","floor":5},{"not_picked":["Iron Wave","Clothesline","Sentinel"],"picked":"Singing Bowl","floor":8},{"not_picked":["Clash","Cleave","Heavy Blade"],"picked":"Singing Bowl","floor":11},{"not_picked":["Clash","Cleave"],"picked":"Flame Barrier","floor":12},{"not_picked":["Impervious","Body Slam"],"picked":"Blood for Blood","floor":14},{"not_picked":["Exhume","Impervious"],"picked":"Demon Form","floor":16},{"not_picked":["Pummel","Perfected Strike"],"picked":"Sword Boomerang","floor":18}],"player_experience":625398,"relics_obtained":[{"floor":9,"key":"Mercury Hourglass"},{"floor":12,"key":"Happy Flower"},{"floor":14,"key":"Art of War"}],"event_choices":[{"damage_healed":0,"gold_gain":75,"player_choice":"Gather Gold","damage_taken":11,"max_hp_gain":0,"max_hp_loss":0,"event_name":"World of Goop","floor":2,"gold_loss":0},{"damage_healed":0,"gold_gain":0,"player_choice":"Leave","damage_taken":0,"max_hp_gain":0,"max_hp_loss":0,"event_name":"The Cleric","floor":4,"gold_loss":0},{"damage_healed":0,"gold_gain":0,"player_choice":"Success","damage_taken":18,"relics_obtained":["Singing Bowl"],"max_hp_gain":0,"max_hp_loss":0,"event_name":"Scrap Ooze","floor":7,"gold_loss":0},{"damage_healed":0,"gold_gain":180,"player_choice":"POTION POTION GOLD GOLD ","damage_taken":45,"max_hp_gain":0,"max_hp_loss":0,"event_name":"Knowing Skull","floor":19,"potions_obtained":["FearPotion","Fire Potion"],"gold_loss":0,"cards_obtained":[]}],"is_beta":false,"boss_relics":[{"not_picked":["Philosopher\u0027s Stone","Fusion Hammer"],"picked":"Black Star"}],"items_purged_floors":[],"is_endless":false,"potions_floor_spawned":[11,14],"killed_by":"2 Thieves","ascension_level":12}