{"gold_per_floor":[111,18,118,138,63,63,74,108,108,119,119,133,150,160,160,264,264,276,276,292,306,316,316,231,231,231,330,330,330,330,341,341,341],"floor_reached":33,"playtime":1601,"items_purged":["Strike_R"],"score":386,"play_id":"83b46acf-4851-4ea8-bf7a-d2d243824c9e","local_time":"20190330012319","is_ascension_mode":true,"campfire_choices":[{"data":"Spot Weakness","floor":6,"key":"SMITH"},{"floor":15,"key":"REST"},{"data":"Searing Blow","floor":23,"key":"SMITH"},{"data":"Searing Blow+1","floor":25,"key":"SMITH"},{"data":"Searing Blow+2","floor":28,"key":"SMITH"},{"data":"Searing Blow+3","floor":30,"key":"SMITH"},{"floor":32,"key":"REST"}],"neow_cost":"NONE","seed_source_timestamp":90165410746385,"circlet_count":0,"master_deck":["AscendersBane","Strike_R","Strike_R","Strike_R","Strike_R","Defend_R+1","Defend_R","Defend_R+1","Defend_R","Bash","Pommel Strike","Spot Weakness+1","Pommel Strike","Searing Blow+4","Pain","Fiend Fire","Armaments","Armaments","Brutality","Uppercut","Shrug It Off+1","Combust","Thunderclap"],"relics":["Burning Blood","Ornamental Fan","Blue Candle","WarpedTongs","Runic Pyramid","Dodecahedron","War Paint","Potion Belt"],"potions_floor_usage":[16,16,16,16,31,33,33],"damage_taken":[{"damage":4,"enemies":"Small Slimes","floor":1,"turns":4},{"damage":6,"enemies":"Cultist","floor":4,"turns":3},{"damage":10,"enemies":"2 Louse","floor":7,"turns":4},{"damage":40,"enemies":"Gremlin Nob","floor":8,"turns":4},{"damage":9,"enemies":"Blue Slaver","floor":10,"turns":4},{"damage":8,"enemies":"2 Fungi Beasts","floor":12,"turns":3},{"damage":8,"enemies":"Large Slime","floor":13,"turns":5},{"damage":7,"enemies":"Red Slaver","floor":14,"turns":3},{"damage":48,"enemies":"The Guardian","floor":16,"turns":8},{"damage":2,"enemies":"Spheric Guardian","floor":18,"turns":3},{"damage":6,"enemies":"Chosen","floor":20,"turns":4},{"damage":12,"enemies":"Centurion and Healer","floor":21,"turns":4},{"damage":17,"enemies":"Cultist and Chosen","floor":22,"turns":5},{"damage":25,"enemies":"Shelled Parasite and Fungi","floor":31,"turns":3},{"damage":48,"enemies":"Automaton","floor":33,"turns":6}],"seed_played":"-6618693690476077322","potions_obtained":[{"floor":0,"key":"EntropicBrew"},{"floor":0,"key":"SneckoOil"},{"floor":18,"key":"Poison Potion"},{"floor":20,"key":"EssenceOfSteel"},{"floor":21,"key":"Strength Potion"},{"floor":31,"key":"Energy Potion"}],"is_trial":false,"path_per_floor":["M","$","?","M","$","R","M","E","T","M","?","M","M","M","R","B",null,"M","?","M","M","M","R","?","R","T","?","R","?","R","M","R","B"],"character_chosen":"IRONCLAD","items_purchased":["Spot Weakness","Pommel Strike"],"campfire_rested":2,"item_purchase_floors":[2,2],"current_hp_per_floor":[74,74,74,74,74,74,70,36,36,33,33,31,29,28,52,10,63,67,52,52,46,35,35,35,35,35,35,35,35,35,16,41,0],"gold":341,"neow_bonus":"THREE_SMALL_POTIONS","is_prod":false,"is_daily":false,"chose_seed":false,"campfire_upgraded":5,"win_rate":0,"timestamp":1553934199,"path_taken":["M","$","?","M","?","R","M","E","T","M","?","M","M","?","R","BOSS","M","?","M","M","M","R","?","R","T","?","R","?","R","M","R","BOSS"],"build_version":"2019-01-23","purchased_purges":1,"victory":false,"max_hp_per_floor":[80,80,80,80,80,80,80,80,80,80,80,80,80,80,80,80,80,80,85,85,85,85,85,85,85,85,85,85,85,85,85,85,85],"card_choices":[{"not_picked":["Anger","Clash"],"picked":"Pommel Strike","floor":1},{"not_picked":["Clothesline","Sword Boomerang","Power Through"],"picked":"SKIP","floor":4},{"not_picked":["Perfected Strike","Seeing Red"],"picked":"Searing Blow","floor":7},{"not_picked":["Pommel Strike","Wild Strike","Cleave"],"picked":"SKIP","floor":8},{"not_picked":["Reckless Charge","Flex","Anger"],"picked":"SKIP","floor":10},{"not_picked":["Perfected Strike","Dual Wield"],"picked":"Fiend Fire","floor":12},{"not_picked":["Headbutt","Clothesline"],"picked":"Armaments","floor":13},{"not_picked":["Anger","Cleave"],"picked":"Armaments","floor":14},{"not_picked":["Bludgeon","Barricade"],"picked":"Brutality","floor":16},{"not_picked":["Headbutt","Perfected Strike"],"picked":"Uppercut","floor":18},{"not_picked":["Dropkick","Havoc"],"picked":"Shrug It Off+1","floor":20},{"not_picked":["Cleave","Havoc"],"picked":"Combust","floor":21},{"not_picked":["Perfected Strike","Corruption"],"picked":"Thunderclap","floor":22},{"not_picked":["Sword Boomerang","Heavy Blade","Anger"],"picked":"SKIP","floor":31}],"player_experience":553648,"relics_obtained":[{"floor":8,"key":"Ornamental Fan"},{"floor":9,"key":"Blue Candle"},{"floor":26,"key":"War Paint"}],"event_choices":[{"damage_healed":0,"gold_gain":100,"player_choice":"Pray","damage_taken":0,"max_hp_gain":0,"max_hp_loss":0,"event_name":"Golden Shrine","floor":3,"gold_loss":0},{"damage_healed":0,"gold_gain":0,"player_choice":"Rummage","damage_taken":0,"relics_obtained":["WarpedTongs"],"max_hp_gain":0,"max_hp_loss":0,"event_name":"Accursed Blacksmith","floor":11,"gold_loss":0,"cards_obtained":["Pain"]},{"damage_healed":0,"gold_gain":0,"player_choice":"Shed Blood","damage_taken":20,"max_hp_gain":5,"max_hp_loss":0,"event_name":"Forgotten Altar","floor":19,"gold_loss":0},{"damage_healed":0,"gold_gain":0,"player_choice":"Obtained Relic","damage_taken":0,"relics_obtained":["Dodecahedron"],"max_hp_gain":0,"max_hp_loss":0,"event_name":"Addict","floor":24,"gold_loss":85},{"damage_healed":0,"gold_gain":99,"player_choice":"Stole From Cult","damage_taken":0,"max_hp_gain":0,"max_hp_loss":0,"event_name":"Nest","floor":27,"gold_loss":0},{"damage_healed":0,"gold_gain":0,"player_choice":"Opened","damage_taken":0,"relics_obtained":["Potion Belt"],"max_hp_gain":0,"max_hp_loss":0,"event_name":"The Mausoleum","floor":29,"gold_loss":0}],"is_beta":false,"boss_relics":[{"not_picked":["Coffee Dripper","Black Blood"],"picked":"Runic Pyramid"}],"items_purged_floors":[5],"is_endless":false,"potions_floor_spawned":[7,8,10,18,20,21,31],"killed_by":"Automaton","ascension_level":11}