{"gold_per_floor":[115,125,141,159,5,32,32,44,92,103,121,121,137,152,152,252,252,262,262,273,273,284,284,317,317,317,317,328,328],"floor_reached":29,"playtime":1609,"items_purged":["Strike_R"],"score":231,"play_id":"ea4c5237-c70a-4cde-ba62-e56896fbd0bb","local_time":"20190127150735","is_ascension_mode":false,"campfire_choices":[{"data":"True Grit","floor":12,"key":"SMITH"},{"data":"Whirlwind","floor":15,"key":"SMITH"},{"data":"Limit Break","floor":23,"key":"SMITH"},{"data":"Rage","floor":25,"key":"SMITH"}],"neow_cost":"PERCENT_DAMAGE","seed_source_timestamp":138340159738332,"circlet_count":0,"master_deck":["Strike_R","Strike_R","Strike_R","Defend_R","Defend_R","Bash","Flex","Pommel Strike","Metallicize","Whirlwind+1","True Grit+1","Heavy Blade","Shrug It Off","Limit Break+1","Rage+1","Rampage"],"relics":["Burning Blood","Shuriken","Meat on the Bone","Lantern","Sozu","Nilry\u0027s Codex","Red Mask"],"potions_floor_usage":[4,16,24],"damage_taken":[{"damage":1,"enemies":"Cultist","floor":1,"turns":3},{"damage":13,"enemies":"Jaw Worm","floor":2,"turns":3},{"damage":14,"enemies":"Small Slimes","floor":3,"turns":3},{"damage":17,"enemies":"3 Louse","floor":4,"turns":2},{"damage":22,"enemies":"3 Sentries","floor":6,"turns":9},{"damage":6,"enemies":"2 Fungi Beasts","floor":8,"turns":2},{"damage":3,"enemies":"Lots of Slimes","floor":10,"turns":2},{"damage":10,"enemies":"Exordium Thugs","floor":11,"turns":2},{"damage":7,"enemies":"Looter","floor":13,"turns":2},{"damage":3,"enemies":"Red Slaver","floor":14,"turns":5},{"damage":31,"enemies":"The Guardian","floor":16,"turns":9},{"damage":2,"enemies":"Chosen","floor":18,"turns":4},{"damage":4,"enemies":"Shell Parasite","floor":20,"turns":5},{"damage":15,"enemies":"Centurion and Healer","floor":22,"turns":7},{"damage":52,"enemies":"Masked Bandits","floor":24,"turns":7},{"damage":11,"enemies":"Snake Plant","floor":28,"turns":4},{"damage":49,"enemies":"Book of Stabbing","floor":29,"turns":4}],"seed_played":"-3376278045429789672","potions_obtained":[{"floor":3,"key":"LiquidBronze"},{"floor":10,"key":"Regen Potion"},{"floor":13,"key":"SteroidPotion"},{"floor":14,"key":"BloodPotion"},{"floor":16,"key":"Strength Potion"}],"is_trial":false,"path_per_floor":["M","M","M","M","$","E","T","M","T","M","M","R","M","M","R","B",null,"M","?","M","?","M","R","?","R","T","?","M","E"],"character_chosen":"IRONCLAD","items_purchased":["Whirlwind","True Grit"],"campfire_rested":0,"item_purchase_floors":[5,5],"current_hp_per_floor":[61,54,46,35,35,19,19,31,31,46,54,54,53,56,56,43,80,80,80,80,64,55,55,36,36,36,36,43,0],"gold":328,"neow_bonus":"REMOVE_TWO","is_prod":false,"is_daily":false,"chose_seed":false,"campfire_upgraded":4,"win_rate":0,"timestamp":1548626855,"path_taken":["M","?","?","?","$","E","?","M","T","M","M","R","M","M","R","BOSS","M","?","M","?","M","R","?","R","T","?","?","E"],"build_version":"2019-01-23","purchased_purges":1,"victory":false,"max_hp_per_floor":[80,80,80,80,80,80,80,80,80,80,80,80,80,80,80,80,80,80,80,80,80,80,80,80,80,80,80,80,80],"card_choices":[{"not_picked":["Body Slam","Sever Soul","Warcry"],"picked":"SKIP","floor":1},{"not_picked":["Reckless Charge","Thunderclap"],"picked":"Flex","floor":2},{"not_picked":["Iron Wave","Perfected Strike"],"picked":"Pommel Strike","floor":3},{"not_picked":["Twin Strike","Offering"],"picked":"Metallicize","floor":4},{"not_picked":["Havoc","Clothesline"],"picked":"Heavy Blade","floor":6},{"not_picked":["Rupture","Warcry","Twin Strike"],"picked":"SKIP","floor":8},{"not_picked":["Flex","Rupture","Sever Soul"],"picked":"SKIP","floor":10},{"not_picked":["Iron Wave","Fiend Fire","Flex"],"picked":"SKIP","floor":11},{"not_picked":["Anger","Pommel Strike"],"picked":"Shrug It Off","floor":13},{"not_picked":["Sever Soul","True Grit","Warcry"],"picked":"SKIP","floor":14},{"not_picked":["Dark Embrace","Feed"],"picked":"Limit Break","floor":16},{"not_picked":["Perfected Strike","Feel No Pain","Heavy Blade"],"picked":"SKIP","floor":18},{"not_picked":["Clash","Whirlwind","Heavy Blade+1"],"picked":"SKIP","floor":20},{"not_picked":["Pommel Strike","Sword Boomerang","Blood for Blood+1"],"picked":"SKIP","floor":22},{"not_picked":["Shrug It Off","Thunderclap"],"picked":"Rampage","floor":24},{"not_picked":["Clothesline","Combust","Intimidate"],"picked":"SKIP","floor":28}],"player_experience":331196,"relics_obtained":[{"floor":6,"key":"Shuriken"},{"floor":7,"key":"Meat on the Bone"},{"floor":9,"key":"Lantern"},{"floor":21,"key":"Nilry\u0027s Codex"},{"floor":24,"key":"Red Mask"}],"event_choices":[{"damage_healed":0,"gold_gain":0,"player_choice":"Read","damage_taken":0,"max_hp_gain":0,"max_hp_loss":0,"event_name":"The Library","floor":19,"gold_loss":0,"cards_obtained":["Rage"]},{"damage_healed":0,"gold_gain":0,"player_choice":"Obtained Book","damage_taken":16,"max_hp_gain":0,"max_hp_loss":0,"event_name":"Cursed Tome","floor":21,"gold_loss":0},{"damage_healed":0,"gold_gain":0,"player_choice":"Fought Bandits","damage_taken":0,"max_hp_gain":0,"max_hp_loss":0,"event_name":"Masked Bandits","floor":24,"gold_loss":0},{"cards_removed":["Strike_R"],"damage_healed":0,"gold_gain":0,"player_choice":"Purged","damage_taken":0,"max_hp_gain":0,"max_hp_loss":0,"event_name":"Purifier","floor":27,"gold_loss":0}],"is_beta":false,"boss_relics":[{"not_picked":["Black Blood","Runic Dome"],"picked":"Sozu"}],"items_purged_floors":[5],"is_endless":false,"potions_floor_spawned":[3,10,13,14,16,18,24],"killed_by":"Book of Stabbing","ascension_level":0}