{"gold_per_floor":[112,123,48,68,343,343,358,384,407,421,83,83,114,124,124,124],"floor_reached":16,"playtime":1312,"items_purged":["Strike_R","Strike_R"],"score":168,"play_id":"bf38e4aa-810c-4595-a8c1-1bd75a9b98d0","local_time":"20181212232629","is_ascension_mode":true,"campfire_choices":[{"data":"Body Slam","floor":6,"key":"SMITH"},{"data":"Barricade","floor":12,"key":"SMITH"},{"data":"Rampage","floor":15,"key":"SMITH"}],"neow_cost":"CURSE","seed_source_timestamp":71635871786421,"circlet_count":0,"master_deck":["Strike_R","Strike_R","Strike_R","Defend_R","Defend_R","Defend_R","Defend_R","Bash","Injury","Feed","Body Slam+1","Shrug It Off","Feed","Regret","Rampage+1","Warcry","Body Slam","Barricade+1","Bandage Up"],"relics":["Burning Blood","Anchor","Happy Flower","Centennial Puzzle"],"potions_floor_usage":[8,8,16,16],"damage_taken":[{"damage":3,"enemies":"2 Louse","floor":1,"turns":3},{"damage":1,"enemies":"Cultist","floor":2,"turns":3},{"damage":5,"enemies":"Small Slimes","floor":4,"turns":4},{"damage":22,"enemies":"Blue Slaver","floor":7,"turns":5},{"damage":28,"enemies":"3 Sentries","floor":8,"turns":12},{"damage":0,"enemies":"Exordium Wildlife","floor":10,"turns":2},{"damage":48,"enemies":"Gremlin Nob","floor":13,"turns":6},{"damage":18,"enemies":"Large Slime","floor":14,"turns":8},{"damage":56,"enemies":"Slime Boss","floor":16,"turns":14}],"seed_played":"-4172389223189828123","potions_obtained":[{"floor":1,"key":"BloodPotion"},{"floor":2,"key":"Block Potion"},{"floor":4,"key":"PowerPotion"},{"floor":13,"key":"EssenceOfSteel"}],"is_trial":false,"path_per_floor":["M","M","$","M","?","R","M","E","T","M","$","R","E","M","R","B"],"character_chosen":"IRONCLAD","items_purchased":["Barricade","Bandage Up"],"campfire_rested":0,"item_purchase_floors":[11,11],"current_hp_per_floor":[83,86,86,89,89,89,76,60,60,72,72,72,37,35,35,0],"gold":124,"neow_bonus":"THREE_RARE_CARDS","is_prod":false,"is_daily":false,"chose_seed":false,"campfire_upgraded":3,"win_rate":0,"timestamp":1544682389,"path_taken":["M","M","$","M","?","R","M","E","T","M","$","R","E","M","R","BOSS"],"build_version":"2018-12-06","purchased_purges":2,"victory":false,"max_hp_per_floor":[83,86,86,89,89,89,92,98,98,104,104,104,107,113,113,116],"card_choices":[{"not_picked":["Reaper","Impervious"],"picked":"Feed","floor":0},{"not_picked":["Warcry","Iron Wave"],"picked":"Body Slam","floor":1},{"not_picked":["Cleave","Perfected Strike"],"picked":"Shrug It Off","floor":2},{"not_picked":["Pommel Strike","Anger"],"picked":"Feed","floor":4},{"not_picked":["Perfected Strike","Rage"],"picked":"Rampage","floor":7},{"not_picked":["Heavy Blade","Body Slam"],"picked":"Warcry","floor":8},{"not_picked":["Battle Trance","Clothesline"],"picked":"Body Slam","floor":10},{"not_picked":["Iron Wave","Flame Barrier","Perfected Strike"],"picked":"SKIP","floor":13},{"not_picked":["Carnage","Sword Boomerang","Cleave"],"picked":"SKIP","floor":14}],"player_experience":77698,"relics_obtained":[{"floor":8,"key":"Anchor"},{"floor":9,"key":"Happy Flower"},{"floor":13,"key":"Centennial Puzzle"}],"event_choices":[{"damage_healed":0,"gold_gain":275,"player_choice":"Desecrate","damage_taken":0,"max_hp_gain":0,"max_hp_loss":0,"event_name":"Golden Shrine","floor":5,"gold_loss":0,"cards_obtained":["Regret"]}],"is_beta":false,"boss_relics":[],"items_purged_floors":[3,11],"is_endless":false,"potions_floor_spawned":[1,2,4,13],"killed_by":"Slime Boss","ascension_level":1}