{"gold_per_floor":[109,129,92,112,122,122,150,150,174,174,24,37,37,54,54,155,155,170,99,115,125,125,125,125,141,189,189],"floor_reached":27,"playtime":2187,"items_purged":[],"score":235,"play_id":"f99c5bce-f687-4038-b388-1973d78d0127","local_time":"20190704221405","is_ascension_mode":false,"campfire_choices":[{"data":"Carnage","floor":6,"key":"SMITH"},{"floor":8,"key":"REST"},{"data":"Anger","floor":10,"key":"SMITH"},{"data":"Heavy Blade","floor":15,"key":"SMITH"},{"floor":24,"key":"REST"}],"neow_cost":"NONE","seed_source_timestamp":655342443340228,"circlet_count":0,"master_deck":["Strike_R","Strike_R","Strike_R","Strike_R","Strike_R","Defend_R","Defend_R","Defend_R","Heavy Blade+1","Heavy Blade","Anger+1","Rage","Carnage+1","Twin Strike","Cleave","Anger","Rage","Juggernaut","Shrug It Off","Pommel Strike","Anger","Whirlwind","Armaments","True Grit+1","Intimidate","Rampage","Rampage","Thunderclap"],"relics":["Burning Blood","Boot","Oddly Smooth Stone","Bag of Marbles","Orrery","Juzu Bracelet"],"potions_floor_usage":[16,18,21,23],"damage_taken":[{"damage":6,"enemies":"Cultist","floor":1,"turns":3},{"damage":5,"enemies":"2 Louse","floor":2,"turns":2},{"damage":0,"enemies":"Jaw Worm","floor":4,"turns":3},{"damage":13,"enemies":"Blue Slaver","floor":5,"turns":3},{"damage":26,"enemies":"Gremlin Nob","floor":7,"turns":4},{"damage":0,"enemies":"Exordium Wildlife","floor":12,"turns":2},{"damage":0,"enemies":"Red Slaver","floor":14,"turns":1},{"damage":22,"enemies":"Slime Boss","floor":16,"turns":9},{"damage":37,"enemies":"2 Thieves","floor":18,"turns":5},{"damage":4,"enemies":"Spheric Guardian","floor":20,"turns":3},{"damage":33,"enemies":"Centurion and Healer","floor":21,"turns":7},{"damage":35,"enemies":"Book of Stabbing","floor":23,"turns":4},{"damage":30,"enemies":"Snecko","floor":25,"turns":5},{"damage":21,"enemies":"Colosseum Slavers","floor":27,"turns":3}],"seed_played":"6020087007048267590","potions_obtained":[{"floor":1,"key":"FairyPotion"},{"floor":4,"key":"FearPotion"},{"floor":7,"key":"SmokeBomb"},{"floor":12,"key":"Explosive Potion"},{"floor":16,"key":"LiquidBronze"},{"floor":20,"key":"Weak Potion"},{"floor":25,"key":"Fire Potion"}],"is_trial":false,"path_per_floor":["M","M","$","M","M","R","E","R","T","R","$","M","?","M","R","B",null,"M","$","M","M","?","E","R","M","T","?"],"character_chosen":"IRONCLAD","items_purchased":["Rage","Bag of Marbles","Intimidate"],"campfire_rested":2,"item_purchase_floors":[3,11,19],"current_hp_per_floor":[80,80,80,80,73,73,53,77,77,77,77,80,80,80,80,64,80,49,49,51,24,24,14,38,14,14,0],"gold":189,"neow_bonus":"TRANSFORM_CARD","is_prod":false,"is_daily":false,"chose_seed":false,"campfire_upgraded":3,"win_rate":0.0,"timestamp":1562274845,"path_taken":["M","M","$","M","M","R","E","R","T","R","$","M","?","M","R","BOSS","M","$","M","?","?","E","R","M","T","?"],"build_version":"2019-07-01","purchased_purges":0,"victory":false,"max_hp_per_floor":[80,80,80,80,80,80,80,80,80,80,80,80,80,80,80,80,80,80,80,80,80,80,80,80,80,80,80],"card_choices":[{"not_picked":["Battle Trance","Body Slam"],"picked":"Heavy Blade","floor":1},{"not_picked":["Twin Strike","Warcry"],"picked":"Anger","floor":2},{"not_picked":["Disarm","Combust"],"picked":"Carnage","floor":4},{"not_picked":["True Grit","Clash"],"picked":"Twin Strike","floor":5},{"not_picked":["Heavy Blade","Twin Strike"],"picked":"Cleave","floor":7},{"not_picked":["Hemokinesis","Flex"],"picked":"Anger","floor":12},{"not_picked":["Headbutt","Sword Boomerang"],"picked":"Rage","floor":14},{"not_picked":["Double Tap","Fiend Fire"],"picked":"Juggernaut","floor":16},{"not_picked":["Disarm","Burning Pact"],"picked":"Shrug It Off","floor":17},{"not_picked":["Entrench","Cleave"],"picked":"Pommel Strike","floor":17},{"not_picked":["Sever Soul","Warcry"],"picked":"Anger","floor":17},{"not_picked":["Rampage","Anger"],"picked":"Whirlwind","floor":17},{"not_picked":["Twin Strike","Clothesline"],"picked":"Armaments","floor":17},{"not_picked":["Flame Barrier","Combust"],"picked":"True Grit+1","floor":18},{"not_picked":["Anger","Warcry"],"picked":"Rampage","floor":20},{"not_picked":["Thunderclap","Sword Boomerang+1"],"picked":"Rampage","floor":21},{"not_picked":["Feed","Warcry+1"],"picked":"Thunderclap","floor":25}],"player_experience":7514,"relics_obtained":[{"floor":7,"key":"Boot"},{"floor":9,"key":"Oddly Smooth Stone"},{"floor":26,"key":"Juzu Bracelet"}],"event_choices":[{"cards_removed":["Defend_R"],"damage_healed":0,"gold_gain":0,"player_choice":"Purged","damage_taken":0,"max_hp_gain":0,"max_hp_loss":0,"event_name":"Purifier","floor":13,"gold_loss":0},{"damage_healed":0,"gold_gain":0,"player_choice":"Ignored","damage_taken":0,"max_hp_gain":0,"max_hp_loss":0,"event_name":"Vampires","floor":22,"gold_loss":0},{"damage_healed":0,"gold_gain":0,"player_choice":"Fight","damage_taken":0,"max_hp_gain":0,"max_hp_loss":0,"event_name":"Colosseum","floor":27,"gold_loss":0}],"is_beta":false,"boss_relics":[{"not_picked":["Runic Pyramid","Runic Cube"],"picked":"Orrery"}],"items_purged_floors":[],"is_endless":false,"potions_floor_spawned":[1,4,7,12,16,20,23,25],"killed_by":"Colosseum Slavers","ascension_level":0}