{"gold_per_floor":[12,12,28,28,41,72,122,122,122,136,162,162],"floor_reached":12,"playtime":745,"items_purged":[],"score":92,"play_id":"96f3824b-6039-4e5b-8b4d-6284ec521733","local_time":"20190706225609","is_ascension_mode":true,"campfire_choices":[{"floor":8,"key":"REST"}],"neow_cost":"NO_GOLD","seed_source_timestamp":770218449203094,"circlet_count":0,"master_deck":["Strike_R","Strike_R","Strike_R","Strike_R","Strike_R","Defend_R","Defend_R","Defend_R","Defend_R","Bash","Limit Break+1","Rampage","Heavy Blade","Infernal Blade","Heavy Blade"],"relics":["Burning Blood","Girya","Singing Bowl","PreservedInsect"],"potions_floor_usage":[11],"damage_taken":[{"damage":5,"enemies":"Cultist","floor":1,"turns":4},{"damage":6,"enemies":"Jaw Worm","floor":3,"turns":4},{"damage":9,"enemies":"Small Slimes","floor":5,"turns":3},{"damage":43,"enemies":"3 Sentries","floor":6,"turns":10},{"damage":14,"enemies":"2 Fungi Beasts","floor":10,"turns":3},{"damage":45,"enemies":"Lagavulin","floor":11,"turns":7},{"damage":43,"enemies":"Gremlin Gang","floor":12,"turns":3}],"seed_played":"-1678919860712977234","potions_obtained":[{"floor":1,"key":"GamblersBrew"},{"floor":6,"key":"SpeedPotion"},{"floor":10,"key":"Weak Potion"}],"is_trial":false,"path_per_floor":["M","$","M","?","M","E","?","R","T","M","E","M"],"character_chosen":"IRONCLAD","items_purchased":[],"campfire_rested":1,"item_purchase_floors":[],"current_hp_per_floor":[80,80,80,80,77,40,40,64,64,58,19,0],"gold":162,"neow_bonus":"THREE_RARE_CARDS","is_prod":false,"is_daily":false,"chose_seed":false,"campfire_upgraded":0,"win_rate":0,"timestamp":1562450169,"path_taken":["M","?","M","?","?","E","?","R","T","M","E","M"],"build_version":"2019-07-05","purchased_purges":0,"victory":false,"max_hp_per_floor":[80,80,80,80,80,80,80,80,80,82,82,82],"card_choices":[{"not_picked":["Fiend Fire","Barricade"],"picked":"Limit Break","floor":0},{"not_picked":["Bloodletting","Infernal Blade"],"picked":"Rampage","floor":1},{"not_picked":["Anger","Uppercut"],"picked":"Heavy Blade","floor":3},{"not_picked":["Corruption","Sword Boomerang","Searing Blow"],"picked":"SKIP","floor":5},{"not_picked":["Uppercut","Reckless Charge"],"picked":"Infernal Blade","floor":6},{"not_picked":["True Grit","Warcry","Clash"],"picked":"Singing Bowl","floor":10},{"not_picked":["Clothesline","Dual Wield"],"picked":"Heavy Blade","floor":11}],"player_experience":46505,"relics_obtained":[{"floor":6,"key":"Girya"},{"floor":9,"key":"Singing Bowl"},{"floor":11,"key":"PreservedInsect"}],"event_choices":[{"damage_healed":0,"gold_gain":0,"player_choice":"Forge","damage_taken":0,"max_hp_gain":0,"max_hp_loss":0,"event_name":"Accursed Blacksmith","floor":4,"gold_loss":0,"cards_upgraded":["Limit Break"]},{"damage_healed":0,"gold_gain":50,"player_choice":"Gained Gold","damage_taken":0,"max_hp_gain":0,"max_hp_loss":0,"event_name":"Golden Wing","floor":7,"gold_loss":0}],"is_beta":false,"boss_relics":[],"items_purged_floors":[],"is_endless":false,"potions_floor_spawned":[1,6,10],"killed_by":"Gremlin Gang","ascension_level":1}