{"gold_per_floor":[116,191,202,202,24,49,49,84,109,109,134,150,150,168,168,266,266,278,291,20,39,219,219,237,237,237,266,278,154,172,74,74,174,174,191,205,218,237,42,42,62,62,62,62,62,94,44,44,44,44,44,44,44,79,79],"floor_reached":55,"playtime":11965,"items_purged":["Anger","Bloodletting","Hemokinesis","Sword Boomerang","Rebound"],"score":1102,"play_id":"0c4a0847-c0a1-4cec-a022-cd6ae3d46b99","local_time":"20190317153046","is_ascension_mode":true,"campfire_choices":[{"floor":7,"key":"REST"},{"floor":10,"key":"REST"},{"floor":15,"key":"REST"},{"floor":23,"key":"REST"},{"floor":25,"key":"REST"},{"floor":32,"key":"REST"},{"data":"True Grit","floor":40,"key":"SMITH"},{"data":"Limit Break","floor":42,"key":"SMITH"},{"floor":45,"key":"REST"},{"floor":49,"key":"RECALL"},{"data":"Inflame","floor":52,"key":"SMITH"}],"neow_cost":"NONE","seed_source_timestamp":307790375860655,"circlet_count":0,"master_deck":["Bash","Limit Break+1","Rampage","Rupture","Flex","Power Through+1","Apotheosis+1","Shrug It Off","Ghostly Armor","Second Wind","Heavy Blade","Barricade","Havoc+1","Whirlwind","Flash of Steel","Inflame+1","Genetic Algorithm+1","Flash of Steel","True Grit+1","Static Discharge"],"relics":["Pandora\u0027s Box","Lantern","FossilizedHelix","Vajra","Oddly Smooth Stone","Busted Crown","PrismaticShard","Smiling Mask","Runic Pyramid","War Paint","Magic Flower","Kunai"],"potions_floor_usage":[14,21,24,27,37,38,50],"damage_taken":[{"damage":15,"enemies":"Small Slimes","floor":1,"turns":2},{"damage":6,"enemies":"Cultist","floor":3,"turns":3},{"damage":28,"enemies":"Gremlin Nob","floor":6,"turns":3},{"damage":25,"enemies":"3 Sentries","floor":8,"turns":8},{"damage":23,"enemies":"Gremlin Nob","floor":11,"turns":3},{"damage":0,"enemies":"2 Louse","floor":12,"turns":3},{"damage":0,"enemies":"Exordium Thugs","floor":14,"turns":2},{"damage":0,"enemies":"Slime Boss","floor":16,"turns":3},{"damage":21,"enemies":"2 Thieves","floor":18,"turns":3},{"damage":3,"enemies":"Shell Parasite","floor":19,"turns":5},{"damage":9,"enemies":"Centurion and Healer","floor":21,"turns":6},{"damage":12,"enemies":"Snake Plant","floor":24,"turns":5},{"damage":2,"enemies":"Book of Stabbing","floor":27,"turns":4},{"damage":34,"enemies":"Shelled Parasite and Fungi","floor":28,"turns":4},{"damage":0,"enemies":"Snecko","floor":30,"turns":3},{"damage":2,"enemies":"Champ","floor":33,"turns":7},{"damage":2,"enemies":"Orb Walker","floor":35,"turns":5},{"damage":0,"enemies":"3 Shapes","floor":36,"turns":5},{"damage":0,"enemies":"Sphere and 2 Shapes","floor":37,"turns":4},{"damage":43,"enemies":"Transient","floor":38,"turns":5},{"damage":0,"enemies":"Maw","floor":41,"turns":7},{"damage":1,"enemies":"Giant Head","floor":46,"turns":8},{"damage":21,"enemies":"Donu and Deca","floor":50,"turns":8},{"damage":47,"enemies":"Shield and Spear","floor":54,"turns":7},{"damage":58,"enemies":"The Heart","floor":55,"turns":3}],"seed_played":"-8129521313888207422","potions_obtained":[{"floor":1,"key":"Weak Potion"},{"floor":8,"key":"Energy Potion"},{"floor":12,"key":"Poison Potion"},{"floor":16,"key":"FearPotion"},{"floor":27,"key":"SpeedPotion"},{"floor":28,"key":"Strength Potion"},{"floor":33,"key":"SteroidPotion"},{"floor":38,"key":"Explosive Potion"}],"is_trial":false,"path_per_floor":["M","?","M","?","$","E","R","E","T","R","E","M","?","M","R","B",null,"M","M","$","M","?","R","M","R","T","E","M","$","M","$","R","B",null,"M","M","M","M","$","R","M","R","T","?","R","E","$","?","R","B",null,"R","$","E","B"],"character_chosen":"IRONCLAD","items_purchased":["Apotheosis","PrismaticShard","Inflame","Weak Potion","Flash of Steel","True Grit"],"campfire_rested":7,"item_purchase_floors":[5,20,29,31,39,39],"current_hp_per_floor":[57,46,40,40,40,12,36,11,11,35,12,12,38,38,62,62,76,55,52,52,43,19,43,31,55,55,53,19,19,19,19,43,41,70,68,68,68,25,25,25,25,25,25,25,49,48,48,90,90,69,85,85,85,38,0],"gold":79,"neow_bonus":"BOSS_RELIC","is_prod":false,"is_daily":false,"chose_seed":false,"campfire_upgraded":3,"win_rate":0,"timestamp":1552858246,"path_taken":["M","?","M","?","$","E","R","E","T","R","E","?","?","M","R","BOSS","M","M","$","M","?","R","M","R","T","E","M","?","M","$","R","BOSS","M","M","M","M","$","R","M","R","T","?","R","E","$","?","R","BOSS","R","$","E","BOSS"],"build_version":"2019-01-23","purchased_purges":5,"victory":false,"max_hp_per_floor":[80,80,80,80,80,80,80,80,80,80,80,80,80,80,80,80,80,80,80,80,80,80,80,80,80,80,80,80,80,80,80,80,80,80,80,80,80,80,80,80,80,80,80,80,80,80,80,90,90,90,90,90,90,90,90],"card_choices":[{"not_picked":["Reckless Charge","Anger"],"picked":"Flex","floor":1},{"not_picked":["Havoc","Pummel"],"picked":"Power Through","floor":3},{"not_picked":["Iron Wave","Berserk"],"picked":"Shrug It Off","floor":6},{"not_picked":["Havoc","Sever Soul"],"picked":"Ghostly Armor","floor":8},{"not_picked":["Thunderclap","Brutality"],"picked":"Second Wind","floor":11},{"not_picked":["Rampage","Blood for Blood"],"picked":"Heavy Blade","floor":12},{"not_picked":["Warcry","Anger"],"picked":"Sword Boomerang","floor":14},{"not_picked":["Brutality","Immolate"],"picked":"Barricade","floor":16},{"not_picked":[],"picked":"Havoc+1","floor":18},{"not_picked":["Warcry"],"picked":"SKIP","floor":19},{"not_picked":[],"picked":"Rebound","floor":21},{"not_picked":[],"picked":"Whirlwind","floor":24},{"not_picked":[],"picked":"Flash of Steel","floor":27},{"not_picked":["Havoc"],"picked":"SKIP","floor":28},{"not_picked":["Compile Driver"],"picked":"SKIP","floor":30},{"not_picked":["Underhanded Strike"],"picked":"SKIP","floor":35},{"not_picked":["Barrage+1"],"picked":"SKIP","floor":36},{"not_picked":["Sweeping Beam+1"],"picked":"SKIP","floor":37},{"not_picked":[],"picked":"Genetic Algorithm+1","floor":38},{"not_picked":["Deep Breath"],"picked":"SKIP","floor":41},{"not_picked":["Defragment+1"],"picked":"SKIP","floor":46},{"not_picked":[],"picked":"Static Discharge","floor":54}],"player_experience":495739,"relics_obtained":[{"floor":6,"key":"Lantern"},{"floor":8,"key":"FossilizedHelix"},{"floor":9,"key":"Vajra"},{"floor":11,"key":"Oddly Smooth Stone"},{"floor":27,"key":"Smiling Mask"},{"floor":43,"key":"War Paint"},{"floor":46,"key":"Magic Flower"},{"floor":54,"key":"Kunai"}],"event_choices":[{"damage_healed":0,"gold_gain":75,"player_choice":"Gather Gold","damage_taken":11,"max_hp_gain":0,"max_hp_loss":0,"event_name":"World of Goop","floor":2,"gold_loss":0},{"cards_removed":["Anger"],"damage_healed":0,"gold_gain":0,"player_choice":"Card Removal","damage_taken":0,"max_hp_gain":0,"max_hp_loss":0,"event_name":"Wheel of Change","floor":4,"gold_loss":0},{"damage_healed":26,"gold_gain":0,"player_choice":"Banana","damage_taken":0,"max_hp_gain":0,"max_hp_loss":0,"event_name":"Big Fish","floor":13,"gold_loss":0},{"damage_healed":0,"gold_gain":180,"player_choice":"GOLD GOLD ","damage_taken":24,"max_hp_gain":0,"max_hp_loss":0,"event_name":"Knowing Skull","floor":22,"potions_obtained":[],"gold_loss":0,"cards_obtained":[]},{"cards_removed":["Dropkick"],"damage_healed":0,"gold_gain":0,"player_choice":"Removed Attack","damage_taken":0,"max_hp_gain":0,"max_hp_loss":0,"event_name":"Falling","floor":44,"gold_loss":0},{"cards_removed":["Exhume"],"damage_healed":32,"gold_gain":0,"player_choice":"Offered Rare","damage_taken":0,"max_hp_gain":10,"max_hp_loss":0,"event_name":"Bonfire Elementals","floor":48,"gold_loss":0}],"is_beta":false,"boss_relics":[{"not_picked":["Sozu","White Beast Statue"],"picked":"Busted Crown"},{"not_picked":["Eternal Feather","Astrolabe"],"picked":"Runic Pyramid"}],"items_purged_floors":[20,29,31,39,47],"is_endless":false,"potions_floor_spawned":[1,8,12,16,27,28,33,36,38],"killed_by":"The Heart","ascension_level":9}