{"gold_per_floor":[117,134,134,134,153,185,201,201,251,263,282,282,282,303,303,407,407,422,521,539,639,651,651,668,680,680,680,342,342,372,272,272,272],"floor_reached":33,"playtime":1394,"items_purged":["Strike_R","Strike_R"],"score":267,"play_id":"5e232c56-760b-4b2f-b616-4fa0055fc3ff","local_time":"20190127163544","is_ascension_mode":false,"campfire_choices":[{"data":"Flex","floor":8,"key":"SMITH"},{"floor":13,"key":"REST"},{"floor":15,"key":"REST"},{"floor":23,"key":"REST"},{"floor":27,"key":"RECALL"},{"floor":32,"key":"REST"}],"neow_cost":"NONE","seed_source_timestamp":143844785662458,"circlet_count":0,"master_deck":["Strike_R","Strike_R","Defend_R","Defend_R+1","Defend_R+1","Bash","Thunderclap","Pommel Strike","Flex+1","Rampage+1","True Grit","Inflame+1","Armaments+1","Pommel Strike+1","Demon Form","Evolve"],"relics":["Burning Blood","NeowsBlessing","Molten Egg 2","Pen Nib","Odd Mushroom","Mark of Pain","Gambling Chip","Mercury Hourglass","Paper Frog","Tiny Chest","Bag of Marbles","Bronze Scales","Potion Belt"],"potions_floor_usage":[11,18,18,21,21,21,33],"damage_taken":[{"damage":0,"enemies":"Cultist","floor":1,"turns":1},{"damage":0,"enemies":"Small Slimes","floor":2,"turns":1},{"damage":0,"enemies":"Jaw Worm","floor":5,"turns":1},{"damage":49,"enemies":"3 Sentries","floor":6,"turns":9},{"damage":7,"enemies":"3 Louse","floor":7,"turns":3},{"damage":7,"enemies":"Blue Slaver","floor":10,"turns":3},{"damage":0,"enemies":"Looter","floor":11,"turns":2},{"damage":18,"enemies":"The Mushroom Lair","floor":14,"turns":3},{"damage":55,"enemies":"The Guardian","floor":16,"turns":9},{"damage":5,"enemies":"3 Byrds","floor":18,"turns":4},{"damage":19,"enemies":"Spheric Guardian","floor":20,"turns":5},{"damage":29,"enemies":"Colosseum Slavers","floor":21,"turns":5},{"damage":16,"enemies":"Colosseum Nobs","floor":21,"turns":4},{"damage":12,"enemies":"3 Cultists","floor":22,"turns":3},{"damage":0,"enemies":"Centurion and Healer","floor":24,"turns":4},{"damage":15,"enemies":"Snecko","floor":25,"turns":3},{"damage":31,"enemies":"Book of Stabbing","floor":30,"turns":3},{"damage":83,"enemies":"Automaton","floor":33,"turns":6}],"seed_played":"4664623182314023227","potions_obtained":[{"floor":6,"key":"LiquidBronze"},{"floor":7,"key":"PowerPotion"},{"floor":10,"key":"EssenceOfSteel"},{"floor":11,"key":"AttackPotion"},{"floor":14,"key":"LiquidBronze"},{"floor":18,"key":"Strength Potion"},{"floor":20,"key":"SkillPotion"},{"floor":22,"key":"GamblersBrew"},{"floor":30,"key":"Swift Potion"}],"is_trial":false,"path_per_floor":["M","M","?","?","M","E","M","R","T","M","M","?","R","?","R","B",null,"M","?","M","?","M","R","M","M","T","R","$","?","E","$","R","B"],"character_chosen":"IRONCLAD","items_purchased":["Tiny Chest","Bag of Marbles"],"campfire_rested":4,"item_purchase_floors":[28,28],"current_hp_per_floor":[80,80,64,64,70,27,26,26,26,25,31,24,48,36,60,11,80,80,80,67,34,28,52,58,49,49,49,49,49,24,24,48,0],"gold":272,"neow_bonus":"THREE_ENEMY_KILL","is_prod":false,"is_daily":false,"chose_seed":false,"campfire_upgraded":1,"win_rate":0,"timestamp":1548632144,"path_taken":["M","M","?","?","?","E","M","R","T","M","M","?","R","?","R","BOSS","M","?","M","?","M","R","M","M","T","R","$","?","E","?","R","BOSS"],"build_version":"2019-01-23","purchased_purges":2,"victory":false,"max_hp_per_floor":[80,80,80,80,80,80,80,80,80,80,80,80,80,80,80,80,80,80,80,80,80,80,80,80,80,80,80,80,80,80,80,80,80],"card_choices":[{"not_picked":["Wild Strike","Iron Wave"],"picked":"Thunderclap","floor":1},{"not_picked":["Infernal Blade","Clash","Clothesline"],"picked":"SKIP","floor":2},{"not_picked":["Infernal Blade","Corruption"],"picked":"Pommel Strike","floor":5},{"not_picked":["Bloodletting","Dark Embrace","Sentinel"],"picked":"SKIP","floor":6},{"not_picked":["Corruption","Metallicize"],"picked":"Flex","floor":7},{"not_picked":["Searing Blow+1","Body Slam+1"],"picked":"Rampage+1","floor":10},{"not_picked":["Second Wind","Infernal Blade","Clash+1"],"picked":"SKIP","floor":11},{"not_picked":["Anger+1","Perfected Strike+1"],"picked":"True Grit","floor":18},{"not_picked":["Shockwave","Armaments+1"],"picked":"Inflame+1","floor":20},{"not_picked":["Shockwave","Corruption"],"picked":"Armaments+1","floor":21},{"not_picked":["Inflame","Clothesline+1"],"picked":"Pommel Strike+1","floor":22},{"not_picked":["Perfected Strike+1","Second Wind+1","Iron Wave+1"],"picked":"SKIP","floor":24},{"not_picked":["Flex","Burning Pact"],"picked":"Demon Form","floor":25},{"not_picked":["Anger+1","Disarm"],"picked":"Evolve","floor":30}],"player_experience":336656,"relics_obtained":[{"floor":6,"key":"Molten Egg 2"},{"floor":9,"key":"Pen Nib"},{"floor":14,"key":"Odd Mushroom"},{"floor":21,"key":"Gambling Chip"},{"floor":21,"key":"Mercury Hourglass"},{"floor":26,"key":"Paper Frog"},{"floor":30,"key":"Potion Belt"}],"event_choices":[{"damage_healed":0,"gold_gain":0,"player_choice":"Entered Light","damage_taken":16,"max_hp_gain":0,"max_hp_loss":0,"event_name":"Shining Light","floor":3,"gold_loss":0,"cards_upgraded":["Defend_R","Defend_R"]},{"cards_removed":["Defend_R"],"damage_healed":0,"gold_gain":0,"player_choice":"Purged","damage_taken":0,"max_hp_gain":0,"max_hp_loss":0,"event_name":"Purifier","floor":4,"gold_loss":0},{"cards_removed":["Strike_R"],"damage_healed":0,"gold_gain":0,"player_choice":"Card Removal","damage_taken":7,"max_hp_gain":0,"max_hp_loss":0,"event_name":"Golden Wing","floor":12,"gold_loss":0},{"damage_healed":0,"gold_gain":0,"player_choice":"Fought Mushrooms","damage_taken":0,"max_hp_gain":0,"max_hp_loss":0,"event_name":"Mushrooms","floor":14,"gold_loss":0},{"damage_healed":0,"gold_gain":99,"player_choice":"Stole From Cult","damage_taken":0,"max_hp_gain":0,"max_hp_loss":0,"event_name":"Nest","floor":19,"gold_loss":0},{"damage_healed":0,"gold_gain":0,"player_choice":"Fight","damage_taken":0,"max_hp_gain":0,"max_hp_loss":0,"event_name":"Colosseum","floor":21,"gold_loss":0},{"damage_healed":0,"gold_gain":0,"player_choice":"Fought Nobs","damage_taken":0,"max_hp_gain":0,"max_hp_loss":0,"event_name":"Colosseum","floor":21,"gold_loss":0},{"damage_healed":0,"gold_gain":0,"player_choice":"Opened","damage_taken":0,"relics_obtained":["Bronze Scales"],"max_hp_gain":0,"max_hp_loss":0,"event_name":"The Mausoleum","floor":29,"gold_loss":0}],"is_beta":false,"boss_relics":[{"not_picked":["Lizard Tail","Velvet Choker"],"picked":"Mark of Pain"}],"items_purged_floors":[28,31],"is_endless":false,"potions_floor_spawned":[6,7,10,11,14,18,20,22,30],"killed_by":"Automaton","ascension_level":0}