{"gold_per_floor":[114,9,9,19,19,19,31,47,71,71,71,86,104,116,116,116],"floor_reached":16,"playtime":877,"items_purged":[],"score":94,"play_id":"90653809-c8b5-40a5-80a1-b6bf2d545d9d","local_time":"20190810031051","is_ascension_mode":false,"campfire_choices":[{"data":"Iron Wave","floor":6,"key":"SMITH"},{"data":"Clash","floor":10,"key":"SMITH"},{"data":"Impervious","floor":15,"key":"SMITH"}],"neow_cost":"NONE","seed_source_timestamp":1649553322314000,"circlet_count":0,"master_deck":["Strike_R","Strike_R","Strike_R","Strike_R","Defend_R","Defend_R","Defend_R","Defend_R","Bash","Twin Strike","Whirlwind+1","Flame Barrier","Power Through","Iron Wave+1","Feed","Clash+1","Thunderclap","Perfected Strike","Impervious+1"],"relics":["Burning Blood","Lantern","Blood Vial"],"potions_floor_usage":[16,16,16],"damage_taken":[{"damage":8,"enemies":"Small Slimes","floor":1,"turns":2},{"damage":0,"enemies":"Jaw Worm","floor":4,"turns":3},{"damage":0,"enemies":"Cultist","floor":7,"turns":3},{"damage":0,"enemies":"Exordium Wildlife","floor":8,"turns":1},{"damage":10,"enemies":"Looter","floor":12,"turns":3},{"damage":0,"enemies":"2 Fungi Beasts","floor":13,"turns":3},{"damage":0,"enemies":"Exordium Wildlife","floor":14,"turns":1},{"damage":84,"enemies":"Hexaghost","floor":16,"turns":11}],"seed_played":"-6706885357497510184","potions_obtained":[{"floor":1,"key":"Block Potion"},{"floor":8,"key":"AttackPotion"},{"floor":14,"key":"Block Potion"}],"is_trial":false,"path_per_floor":["M","$","?","M","?","R","M","M","T","R","?","M","M","M","R","B"],"character_chosen":"IRONCLAD","items_purchased":["Whirlwind","Flame Barrier"],"campfire_rested":0,"item_purchase_floors":[2,2],"current_hp_per_floor":[78,78,78,80,80,80,80,80,80,80,80,79,83,83,83,0],"gold":116,"neow_bonus":"RANDOM_COMMON_RELIC","is_prod":false,"is_daily":false,"chose_seed":false,"campfire_upgraded":3,"win_rate":0.0,"timestamp":1565431851,"path_taken":["M","$","?","M","?","R","?","M","T","R","?","M","M","M","R","BOSS"],"build_version":"2019-07-17","purchased_purges":0,"victory":false,"max_hp_per_floor":[80,80,80,80,80,80,80,80,80,80,80,83,83,83,83,83],"card_choices":[{"not_picked":["Entrench","Headbutt"],"picked":"Twin Strike","floor":1},{"not_picked":["Twin Strike","Armaments"],"picked":"Power Through","floor":4},{"not_picked":["Twin Strike","Pummel"],"picked":"Feed","floor":7},{"not_picked":["Anger","Cleave"],"picked":"Clash","floor":8},{"not_picked":["Shockwave","Flex"],"picked":"Thunderclap","floor":12},{"not_picked":["Dropkick","Twin Strike"],"picked":"Perfected Strike","floor":13},{"not_picked":["Armaments","Iron Wave"],"picked":"Impervious","floor":14}],"player_experience":1206,"relics_obtained":[{"floor":9,"key":"Blood Vial"}],"event_choices":[{"damage_healed":0,"gold_gain":0,"player_choice":"Grow","damage_taken":0,"max_hp_gain":0,"max_hp_loss":0,"event_name":"Living Wall","floor":3,"gold_loss":0,"cards_upgraded":["Whirlwind"]},{"cards_removed":["Strike_R"],"damage_healed":0,"gold_gain":0,"player_choice":"Took Card","damage_taken":0,"max_hp_gain":0,"max_hp_loss":0,"event_name":"NoteForYourself","floor":5,"gold_loss":0,"cards_obtained":["Iron Wave"]},{"damage_healed":0,"gold_gain":0,"player_choice":"Leave","damage_taken":0,"max_hp_gain":0,"max_hp_loss":0,"event_name":"The Cleric","floor":11,"gold_loss":0}],"is_beta":false,"boss_relics":[],"items_purged_floors":[],"is_endless":false,"potions_floor_spawned":[1,8,14],"killed_by":"Hexaghost","ascension_level":0}