{"gold_per_floor":[111,111,165,165,165,209,384,403,430,430,483,29,29,53,53,176,176,201,226,226,226,226,226],"floor_reached":23,"playtime":1146,"items_purged":["Doubt"],"score":287,"play_id":"48e8afb7-9866-48c6-8b5c-649b68cb16bc","local_time":"20190404192849","is_ascension_mode":true,"campfire_choices":[{"floor":10,"key":"REST"},{"data":"True Grit","floor":13,"key":"SMITH"},{"data":"Bash","floor":15,"key":"SMITH"}],"neow_cost":"NONE","seed_source_timestamp":383783596726958,"circlet_count":0,"master_deck":["AscendersBane","Strike_R+1","Strike_R+1","Strike_R","Defend_R","Defend_R","Defend_R","Bash+1","Pommel Strike","Flame Barrier","Brutality","True Grit+1","Metallicize","Evolve","Limit Break+1","Heavy Blade","Warcry+1"],"relics":["Burning Blood","Regal Pillow","Bloody Idol","Self Forming Clay","Whetstone","Red Skull","Paper Frog","Empty Cage"],"potions_floor_usage":[6,6,8,16,19,23],"damage_taken":[{"damage":8,"enemies":"Small Slimes","floor":1,"turns":5},{"damage":58,"enemies":"3 Sentries","floor":6,"turns":10},{"damage":12,"enemies":"Jaw Worm","floor":8,"turns":2},{"damage":5,"enemies":"2 Louse","floor":14,"turns":2},{"damage":29,"enemies":"The Guardian","floor":16,"turns":10},{"damage":30,"enemies":"Chosen","floor":18,"turns":8},{"damage":15,"enemies":"Shell Parasite","floor":19,"turns":5},{"damage":37,"enemies":"Slavers","floor":23,"turns":3}],"seed_played":"-4644048236203316385","potions_obtained":[{"floor":0,"key":"EssenceOfSteel"},{"floor":0,"key":"SkillPotion"},{"floor":0,"key":"Poison Potion"},{"floor":6,"key":"AttackPotion"},{"floor":8,"key":"Block Potion"},{"floor":16,"key":"SteroidPotion"},{"floor":18,"key":"Dexterity Potion"}],"is_trial":false,"path_per_floor":["M","?","T","?","?","E","?","M","T","R","T","$","R","M","R","B",null,"M","M","?","?","?","E"],"character_chosen":"IRONCLAD","items_purchased":["Paper Frog","True Grit","Metallicize"],"campfire_rested":1,"item_purchase_floors":[12,12,12],"current_hp_per_floor":[70,63,63,43,69,17,17,11,11,50,50,50,50,51,51,28,67,43,34,34,34,34,0],"gold":226,"neow_bonus":"THREE_SMALL_POTIONS","is_prod":false,"is_daily":false,"chose_seed":false,"campfire_upgraded":2,"win_rate":0,"timestamp":1554431329,"path_taken":["M","?","?","?","?","E","?","?","T","R","?","$","R","M","R","BOSS","M","M","?","?","?","E"],"build_version":"2019-01-23","purchased_purges":1,"victory":false,"max_hp_per_floor":[80,80,80,80,80,80,80,80,80,80,80,80,80,80,80,80,80,80,80,80,80,80,80],"card_choices":[{"not_picked":["Twin Strike","Havoc"],"picked":"Pommel Strike","floor":1},{"not_picked":["Havoc","Blood for Blood"],"picked":"Flame Barrier","floor":6},{"not_picked":["Shrug It Off","Clash"],"picked":"Brutality","floor":8},{"not_picked":["Sever Soul","Flex"],"picked":"Evolve","floor":14},{"not_picked":["Dark Embrace","Reaper"],"picked":"Limit Break","floor":16},{"not_picked":["Headbutt","Perfected Strike"],"picked":"Heavy Blade","floor":18},{"not_picked":["Havoc","Flame Barrier"],"picked":"Warcry+1","floor":19}],"player_experience":597801,"relics_obtained":[{"floor":3,"key":"Regal Pillow"},{"floor":6,"key":"Self Forming Clay"},{"floor":9,"key":"Whetstone"},{"floor":11,"key":"Red Skull"}],"event_choices":[{"cards_removed":["Defend_R"],"damage_healed":0,"gold_gain":0,"player_choice":"Card Removal","damage_taken":7,"max_hp_gain":0,"max_hp_loss":0,"event_name":"Golden Wing","floor":2,"gold_loss":0},{"damage_healed":0,"gold_gain":0,"player_choice":"Take Damage","damage_taken":20,"relics_obtained":["Golden Idol"],"max_hp_gain":0,"max_hp_loss":0,"event_name":"Golden Idol","floor":4,"gold_loss":0},{"damage_healed":26,"gold_gain":0,"player_choice":"Banana","damage_taken":0,"max_hp_gain":0,"max_hp_loss":0,"event_name":"Big Fish","floor":5,"gold_loss":0},{"damage_healed":0,"gold_gain":175,"player_choice":"AGREE","damage_taken":0,"max_hp_gain":0,"max_hp_loss":0,"event_name":"Liars Game","floor":7,"gold_loss":0,"cards_obtained":["Doubt"]},{"damage_healed":0,"gold_gain":0,"player_choice":"Ignored","damage_taken":0,"max_hp_gain":0,"max_hp_loss":0,"event_name":"Vampires","floor":20,"gold_loss":0},{"damage_healed":0,"gold_gain":0,"player_choice":"Gave Idol","damage_taken":0,"relics_obtained":["Bloody Idol"],"max_hp_gain":0,"max_hp_loss":0,"event_name":"Forgotten Altar","floor":21,"relics_lost":["Golden Idol"],"gold_loss":0},{"damage_healed":0,"gold_gain":0,"player_choice":"Upgraded","damage_taken":0,"max_hp_gain":0,"max_hp_loss":0,"event_name":"Upgrade Shrine","floor":22,"gold_loss":0,"cards_upgraded":["Limit Break"]}],"is_beta":false,"boss_relics":[{"not_picked":["Eternal Feather","Tiny House"],"picked":"Empty Cage"}],"items_purged_floors":[12],"is_endless":false,"potions_floor_spawned":[6,8,16,18],"killed_by":"Slavers","ascension_level":11}