{"gold_per_floor":[114,114,44,44,44,100,100,100,100,120,135,168,186,102,102,102],"floor_reached":16,"playtime":817,"items_purged":["Strike_G"],"score":113,"play_id":"0e309f7d-1d48-4e4a-8cb4-9d889e4eed18","local_time":"20190810143549","is_ascension_mode":true,"campfire_choices":[{"floor":8,"key":"REST"},{"floor":15,"key":"REST"}],"neow_cost":"PERCENT_DAMAGE","seed_source_timestamp":51268184936157,"circlet_count":0,"master_deck":["Strike_G","Strike_G","Defend_G+1","Defend_G","Defend_G+1","Defend_G","Survivor","Neutralize","Skewer","Dagger Spray","PiercingWail","Outmaneuver","Crippling Poison"],"relics":["Ring of the Snake","Paper Crane","Smiling Mask","Tiny Chest","War Paint","Omamori"],"potions_floor_usage":[12,12],"damage_taken":[{"damage":7,"enemies":"Jaw Worm","floor":1,"turns":6},{"damage":22,"enemies":"Gremlin Nob","floor":6,"turns":5},{"damage":0,"enemies":"Cultist","floor":10,"turns":3},{"damage":0,"enemies":"Small Slimes","floor":11,"turns":3},{"damage":20,"enemies":"3 Sentries","floor":12,"turns":8},{"damage":0,"enemies":"Looter","floor":13,"turns":4},{"damage":70,"enemies":"The Guardian","floor":16,"turns":20}],"seed_played":"-3813977394899397401","potions_obtained":[{"floor":6,"key":"Regen Potion"},{"floor":11,"key":"Poison Potion"}],"is_trial":false,"path_per_floor":["M","?","$","?","T","E","?","R","T","M","M","E","M","$","R","B"],"character_chosen":"THE_SILENT","items_purchased":["Skewer","Crippling Poison"],"campfire_rested":2,"item_purchase_floors":[3,14],"current_hp_per_floor":[42,70,70,58,58,36,29,50,50,50,50,45,45,45,66,0],"gold":102,"neow_bonus":"REMOVE_TWO","is_prod":false,"is_daily":false,"chose_seed":false,"campfire_upgraded":0,"win_rate":0,"timestamp":1565462149,"path_taken":["M","?","?","?","?","E","?","R","T","M","M","E","?","$","R","BOSS"],"build_version":"2019-07-17","purchased_purges":1,"victory":false,"max_hp_per_floor":[70,70,70,70,70,70,70,70,70,70,70,70,70,70,70,70],"card_choices":[{"not_picked":["Blade Dance","Underhanded Strike"],"picked":"Endless Agony","floor":1},{"not_picked":["Deadly Poison","Masterful Stab"],"picked":"Dagger Spray","floor":6},{"not_picked":["Dagger Throw","Heel Hook"],"picked":"PiercingWail","floor":10},{"not_picked":["Underhanded Strike","Accuracy"],"picked":"Outmaneuver","floor":11},{"not_picked":["Poisoned Stab","Masterful Stab","Escape Plan"],"picked":"SKIP","floor":12},{"not_picked":["Escape Plan","Flechettes","Masterful Stab"],"picked":"SKIP","floor":13}],"player_experience":61109,"relics_obtained":[{"floor":5,"key":"Smiling Mask"},{"floor":6,"key":"Tiny Chest"},{"floor":9,"key":"War Paint"},{"floor":12,"key":"Omamori"}],"event_choices":[{"cards_removed":["Endless Agony"],"damage_healed":28,"gold_gain":0,"player_choice":"Offered Uncommon","damage_taken":0,"max_hp_gain":0,"max_hp_loss":0,"event_name":"Bonfire Elementals","floor":2,"gold_loss":0},{"damage_healed":0,"gold_gain":0,"player_choice":"Success","damage_taken":12,"relics_obtained":["Paper Crane"],"max_hp_gain":0,"max_hp_loss":0,"event_name":"Scrap Ooze","floor":4,"gold_loss":0},{"cards_removed":["Strike_G"],"damage_healed":0,"gold_gain":0,"player_choice":"Card Removal","damage_taken":7,"max_hp_gain":0,"max_hp_loss":0,"event_name":"Golden Wing","floor":7,"gold_loss":0}],"is_beta":false,"boss_relics":[],"items_purged_floors":[14],"is_endless":false,"potions_floor_spawned":[6,11],"killed_by":"The Guardian","ascension_level":1}