{"gold_per_floor":[111,111,111,122,297,247,247,278,278,197,216,250,250,264,264,366,366,382,191,191,205,223,234,234,265,265,265,282,301,301,311,311,311],"floor_reached":33,"playtime":3113,"items_purged":[],"score":282,"play_id":"70a7b497-017a-4763-9d5b-0b237f7be63e","local_time":"20190803230205","is_ascension_mode":false,"campfire_choices":[{"data":"Bloodletting","floor":7,"key":"SMITH"},{"data":"Fiend Fire","floor":13,"key":"SMITH"},{"data":"Inflame","floor":15,"key":"SMITH"},{"floor":24,"key":"REST"},{"floor":32,"key":"REST"}],"neow_cost":"NONE","seed_source_timestamp":1999845153200280,"circlet_count":0,"master_deck":["Strike_R+1","Strike_R+1","Strike_R+1","Defend_R+1","Defend_R+1","Defend_R+1","Defend_R+1","Bash","Bloodletting+1","Cleave","Inflame+1","Fiend Fire+1","Pummel","Corruption","Infernal Blade","Dark Embrace","Burning Pact","Inflame","Necronomicurse","Twin Strike+1","Metallicize+1","Blood for Blood","Pommel Strike","Corruption","Bloodletting","Clash+1","Blood for Blood+1","Uppercut+1"],"relics":["Burning Blood","NeowsBlessing","Ornamental Fan","Matryoshka","Pocketwatch","Eternal Feather","Strawberry","Necronomicon","Red Mask","Molten Egg 2","Bottled Flame"],"potions_floor_usage":[16,21,23,25,31,31],"damage_taken":[{"damage":0,"enemies":"Jaw Worm","floor":1,"turns":1},{"damage":0,"enemies":"Small Slimes","floor":4,"turns":1},{"damage":0,"enemies":"3 Sentries","floor":8,"turns":1},{"damage":7,"enemies":"2 Louse","floor":11,"turns":3},{"damage":28,"enemies":"Gremlin Nob","floor":12,"turns":5},{"damage":0,"enemies":"2 Fungi Beasts","floor":14,"turns":2},{"damage":37,"enemies":"Hexaghost","floor":16,"turns":6},{"damage":26,"enemies":"2 Thieves","floor":18,"turns":2},{"damage":1,"enemies":"Chosen","floor":21,"turns":4},{"damage":31,"enemies":"Snake Plant","floor":22,"turns":3},{"damage":15,"enemies":"Snecko","floor":23,"turns":4},{"damage":9,"enemies":"Masked Bandits","floor":25,"turns":3},{"damage":34,"enemies":"Cultist and Chosen","floor":28,"turns":5},{"damage":21,"enemies":"Snake Plant","floor":29,"turns":3},{"damage":13,"enemies":"Sentry and Sphere","floor":31,"turns":3},{"damage":58,"enemies":"Champ","floor":33,"turns":7}],"seed_played":"-3225405123288949771","potions_obtained":[{"floor":1,"key":"FearPotion"},{"floor":11,"key":"Poison Potion"},{"floor":12,"key":"Explosive Potion"},{"floor":18,"key":"Energy Potion"},{"floor":22,"key":"SkillPotion"},{"floor":28,"key":"SkillPotion"}],"is_trial":false,"path_per_floor":["M","?","?","M","?","?","R","E","T","$","M","E","R","M","R","B",null,"M","$","?","M","M","M","R","?","T","?","M","M","?","M","R","B"],"character_chosen":"IRONCLAD","items_purchased":["Fiend Fire","Inflame","Strawberry"],"campfire_rested":2,"item_purchase_floors":[10,19,19],"current_hp_per_floor":[80,73,78,84,84,84,84,85,85,85,84,62,62,68,68,37,85,65,72,56,61,36,27,66,63,63,63,35,20,20,13,55,0],"gold":311,"neow_bonus":"THREE_ENEMY_KILL","is_prod":false,"is_daily":false,"chose_seed":false,"campfire_upgraded":3,"win_rate":0.0,"timestamp":1564891325,"path_taken":["M","?","?","M","?","?","R","E","T","?","M","E","R","M","R","BOSS","M","$","?","M","M","M","R","?","T","?","?","M","?","M","R","BOSS"],"build_version":"2019-07-17","purchased_purges":0,"victory":false,"max_hp_per_floor":[80,80,85,85,85,85,85,85,85,85,85,85,85,85,85,85,85,85,92,92,92,92,92,92,92,92,92,92,92,92,92,92,92],"card_choices":[{"not_picked":["Shockwave","Headbutt"],"picked":"Bloodletting","floor":1},{"not_picked":["True Grit","Body Slam"],"picked":"Cleave","floor":4},{"not_picked":["Twin Strike","Headbutt"],"picked":"Inflame","floor":8},{"not_picked":["Shrug It Off","Uppercut"],"picked":"Pummel","floor":11},{"not_picked":["Pommel Strike","Headbutt"],"picked":"Corruption","floor":12},{"not_picked":["Clash","Anger"],"picked":"Infernal Blade","floor":14},{"not_picked":["Juggernaut","Fiend Fire"],"picked":"Dark Embrace","floor":16},{"not_picked":["Sword Boomerang","True Grit+1"],"picked":"Burning Pact","floor":18},{"not_picked":["Cleave","Clash+1"],"picked":"Twin Strike+1","floor":21},{"not_picked":["Headbutt","Body Slam"],"picked":"Metallicize+1","floor":22},{"not_picked":["Clash","Iron Wave"],"picked":"Blood for Blood","floor":23},{"not_picked":["Shrug It Off","Flex"],"picked":"Pommel Strike","floor":25},{"not_picked":["Clothesline+1","Juggernaut"],"picked":"Clash+1","floor":28},{"not_picked":["Clash+1","Headbutt+1"],"picked":"Blood for Blood+1","floor":29},{"not_picked":["Warcry","Infernal Blade"],"picked":"Uppercut+1","floor":31}],"player_experience":4151,"relics_obtained":[{"floor":8,"key":"Ornamental Fan"},{"floor":9,"key":"Matryoshka"},{"floor":12,"key":"Pocketwatch"},{"floor":20,"key":"Necronomicon"},{"floor":25,"key":"Red Mask"},{"floor":26,"key":"Molten Egg 2"},{"floor":26,"key":"Bottled Flame"}],"event_choices":[{"damage_healed":0,"gold_gain":0,"player_choice":"Fled","damage_taken":7,"max_hp_gain":0,"max_hp_loss":0,"event_name":"Scrap Ooze","floor":2,"gold_loss":0},{"damage_healed":0,"gold_gain":0,"player_choice":"Donut","damage_taken":0,"max_hp_gain":5,"max_hp_loss":0,"event_name":"Big Fish","floor":3,"gold_loss":0},{"damage_healed":0,"gold_gain":175,"player_choice":"AGREE","damage_taken":0,"max_hp_gain":0,"max_hp_loss":0,"event_name":"Liars Game","floor":5,"gold_loss":0,"cards_obtained":["Doubt"]},{"cards_removed":["Doubt"],"damage_healed":0,"gold_gain":0,"player_choice":"Card Removal","damage_taken":0,"max_hp_gain":0,"max_hp_loss":0,"event_name":"The Cleric","floor":6,"gold_loss":50},{"damage_healed":0,"gold_gain":0,"player_choice":"Obtained Book","damage_taken":16,"max_hp_gain":0,"max_hp_loss":0,"event_name":"Cursed Tome","floor":20,"gold_loss":0},{"damage_healed":0,"gold_gain":0,"player_choice":"Fought Bandits","damage_taken":0,"max_hp_gain":0,"max_hp_loss":0,"event_name":"Masked Bandits","floor":25,"gold_loss":0},{"damage_healed":0,"gold_gain":0,"cards_transformed":["Strike_R","Strike_R"],"player_choice":"Became Test Subject","damage_taken":0,"max_hp_gain":0,"max_hp_loss":0,"event_name":"Drug Dealer","floor":27,"gold_loss":0,"cards_obtained":["Corruption","Bloodletting"]},{"damage_healed":0,"gold_gain":0,"player_choice":"Simplicity","damage_taken":0,"max_hp_gain":0,"max_hp_loss":0,"event_name":"Back to Basics","floor":30,"gold_loss":0,"cards_upgraded":["Strike_R","Strike_R","Strike_R","Defend_R","Defend_R","Defend_R","Defend_R"]}],"is_beta":false,"boss_relics":[{"not_picked":["Coffee Dripper","Runic Cube"],"picked":"Eternal Feather"}],"items_purged_floors":[],"is_endless":false,"potions_floor_spawned":[1,11,12,14,18,22,28],"killed_by":"Champ","ascension_level":0}