{"gold_per_floor":[15,15,32,32,47,47,72,72,72,90,90],"floor_reached":11,"playtime":878,"items_purged":[],"score":113,"play_id":"f426cd25-372a-4139-b368-77345acaf201","local_time":"20190325213631","is_ascension_mode":true,"campfire_choices":[{"data":"Inflame","floor":6,"key":"SMITH"}],"neow_cost":"NO_GOLD","seed_source_timestamp":172890973969508,"circlet_count":0,"master_deck":["AscendersBane","Strike_R","Strike_R","Strike_R","Strike_R","Defend_R","Defend_R","Defend_R","Defend_R","Bash","Offering","Iron Wave","Inflame+1","Disarm","Uppercut","Shrug It Off"],"relics":["Burning Blood","Regal Pillow","Ornamental Fan"],"potions_floor_usage":[10,11,11],"damage_taken":[{"damage":14,"enemies":"2 Louse","floor":1,"turns":3},{"damage":7,"enemies":"Small Slimes","floor":3,"turns":3},{"damage":12,"enemies":"Cultist","floor":5,"turns":3},{"damage":32,"enemies":"Lagavulin","floor":7,"turns":6},{"damage":10,"enemies":"Looter","floor":10,"turns":3},{"damage":34,"enemies":"3 Sentries","floor":11,"turns":5}],"seed_played":"-7011013646992946751","potions_obtained":[{"floor":3,"key":"BloodPotion"},{"floor":7,"key":"FearPotion"},{"floor":10,"key":"Block Potion"}],"is_trial":false,"path_per_floor":["M","?","M","?","M","R","E","?","T","M","E"],"character_chosen":"IRONCLAD","items_purchased":[],"campfire_rested":0,"item_purchase_floors":[],"current_hp_per_floor":[64,69,68,61,55,55,29,29,29,33,0],"gold":90,"neow_bonus":"THREE_RARE_CARDS","is_prod":false,"is_daily":false,"chose_seed":false,"campfire_upgraded":1,"win_rate":0,"timestamp":1553574991,"path_taken":["M","?","M","?","M","R","E","?","T","?","E"],"build_version":"2019-01-23","purchased_purges":0,"victory":false,"max_hp_per_floor":[80,85,85,85,85,85,85,85,85,85,85],"card_choices":[{"not_picked":["Reaper","Exhume"],"picked":"Offering","floor":0},{"not_picked":["Wild Strike","Havoc"],"picked":"Iron Wave","floor":1},{"not_picked":["Shockwave","Iron Wave"],"picked":"Inflame","floor":3},{"not_picked":["Headbutt","Second Wind"],"picked":"Disarm","floor":5},{"not_picked":["Thunderclap","Searing Blow"],"picked":"Uppercut","floor":7},{"not_picked":["Pummel","Pommel Strike"],"picked":"Shrug It Off","floor":10}],"player_experience":544861,"relics_obtained":[{"floor":7,"key":"Regal Pillow"},{"floor":9,"key":"Ornamental Fan"}],"event_choices":[{"damage_healed":0,"gold_gain":0,"player_choice":"Donut","damage_taken":0,"max_hp_gain":5,"max_hp_loss":0,"event_name":"Big Fish","floor":2,"gold_loss":0},{"cards_removed":["Strike_R"],"damage_healed":0,"gold_gain":0,"player_choice":"Card Removal","damage_taken":7,"max_hp_gain":0,"max_hp_loss":0,"event_name":"Golden Wing","floor":4,"gold_loss":0},{"damage_healed":0,"gold_gain":0,"player_choice":"Bought 0 Potions","damage_taken":0,"max_hp_gain":0,"max_hp_loss":0,"event_name":"The Woman in Blue","floor":8,"gold_loss":0}],"is_beta":false,"boss_relics":[],"items_purged_floors":[],"is_endless":false,"potions_floor_spawned":[3,7,10],"killed_by":"3 Sentries","ascension_level":11}