{"gold_per_floor":[114,214,226,243,243,270,270,270,322,51,51,51,75,90,90,213,213,237,258,258],"floor_reached":20,"playtime":1244,"items_purged":["Injury"],"score":218,"play_id":"41935f6f-9019-4dbb-a0a2-64c9aa946740","local_time":"20190713115357","is_ascension_mode":true,"campfire_choices":[{"floor":7,"key":"REST"},{"floor":12,"key":"REST"},{"data":"Feel No Pain","floor":15,"key":"SMITH"}],"neow_cost":"CURSE","seed_source_timestamp":41015865303560,"circlet_count":0,"master_deck":["Strike_R+1","Strike_R+1","Strike_R","Strike_R","Strike_R","Defend_R","Defend_R","Defend_R","Defend_R","Bash","Parasite","Limit Break","True Grit","Pommel Strike","Flex","Heavy Blade","Shrug It Off","Ghostly Armor","Feel No Pain+1","True Grit","Limit Break","Corruption","Battle Trance","Havoc","Havoc","Body Slam","Seeing Red","Warcry"],"relics":["Burning Blood","Whetstone","Golden Idol","Dream Catcher","Pen Nib","Orrery"],"potions_floor_usage":[6,6,16,16,16,16,16],"damage_taken":[{"damage":4,"enemies":"2 Louse","floor":1,"turns":4},{"damage":1,"enemies":"Cultist","floor":3,"turns":3},{"damage":12,"enemies":"Jaw Worm","floor":4,"turns":4},{"damage":67,"enemies":"3 Sentries","floor":6,"turns":11},{"damage":1,"enemies":"Looter","floor":13,"turns":4},{"damage":5,"enemies":"Blue Slaver","floor":14,"turns":5},{"damage":69,"enemies":"Hexaghost","floor":16,"turns":9},{"damage":40,"enemies":"3 Byrds","floor":18,"turns":8},{"damage":29,"enemies":"Chosen","floor":19,"turns":7}],"seed_played":"2170261697456505511","potions_obtained":[{"floor":1,"key":"Regen Potion"},{"floor":3,"key":"EssenceOfSteel"},{"floor":4,"key":"Strength Potion"},{"floor":14,"key":"EntropicBrew"},{"floor":19,"key":"Explosive Potion"}],"is_trial":false,"path_per_floor":["M","?","M","M","?","E","R","?","T","$","$","R","M","M","R","B",null,"M","M","?"],"character_chosen":"IRONCLAD","items_purchased":["Pen Nib","Shrug It Off"],"campfire_rested":2,"item_purchase_floors":[10,10],"current_hp_per_floor":[80,80,80,74,79,33,58,58,58,58,58,83,85,85,85,22,69,35,12,0],"gold":258,"neow_bonus":"THREE_RARE_CARDS","is_prod":false,"is_daily":false,"chose_seed":false,"campfire_upgraded":1,"win_rate":0,"timestamp":1563015237,"path_taken":["M","?","?","M","?","E","R","?","T","?","$","R","M","M","R","BOSS","M","M","?"],"build_version":"2019-07-05","purchased_purges":1,"victory":false,"max_hp_per_floor":[80,80,80,80,85,85,85,85,85,85,85,85,85,85,85,85,85,85,85,85],"card_choices":[{"not_picked":["Impervious","Dark Embrace"],"picked":"Limit Break","floor":0},{"not_picked":["Iron Wave","Disarm"],"picked":"True Grit","floor":1},{"not_picked":["Rampage","Havoc"],"picked":"Pommel Strike","floor":3},{"not_picked":["Perfected Strike","Reckless Charge"],"picked":"Flex","floor":4},{"not_picked":["Sword Boomerang","Warcry"],"picked":"Heavy Blade","floor":6},{"not_picked":["Anger","Perfected Strike"],"picked":"Ghostly Armor","floor":12},{"not_picked":["Rampage","Warcry"],"picked":"Feel No Pain","floor":13},{"not_picked":["Sword Boomerang","Body Slam"],"picked":"True Grit","floor":14},{"not_picked":["Barricade","Brutality"],"picked":"Limit Break","floor":16},{"not_picked":["Ghostly Armor","Shrug It Off"],"picked":"Corruption","floor":17},{"not_picked":["Warcry","Intimidate"],"picked":"Battle Trance","floor":17},{"not_picked":["Evolve","Rupture"],"picked":"Havoc","floor":17},{"not_picked":["Dropkick","Entrench"],"picked":"Havoc","floor":17},{"not_picked":["Clothesline","Sword Boomerang"],"picked":"Body Slam","floor":17},{"not_picked":["Reckless Charge","Armaments"],"picked":"Seeing Red","floor":18},{"not_picked":["Havoc","Wild Strike"],"picked":"Warcry","floor":19}],"player_experience":118564,"relics_obtained":[{"floor":6,"key":"Whetstone"},{"floor":9,"key":"Dream Catcher"}],"event_choices":[{"damage_healed":0,"gold_gain":100,"player_choice":"Pray","damage_taken":0,"max_hp_gain":0,"max_hp_loss":0,"event_name":"Golden Shrine","floor":2,"gold_loss":0},{"damage_healed":0,"gold_gain":0,"player_choice":"Donut","damage_taken":0,"max_hp_gain":5,"max_hp_loss":0,"event_name":"Big Fish","floor":5,"gold_loss":0},{"damage_healed":0,"gold_gain":0,"player_choice":"Take Wound","damage_taken":0,"relics_obtained":["Golden Idol"],"max_hp_gain":0,"max_hp_loss":0,"event_name":"Golden Idol","floor":8,"gold_loss":0,"cards_obtained":["Injury"]}],"is_beta":false,"boss_relics":[{"not_picked":["Runic Pyramid","Velvet Choker"],"picked":"Orrery"}],"items_purged_floors":[10],"is_endless":false,"potions_floor_spawned":[1,3,4,14,19],"ascension_level":5}