{"path_per_floor":["M","?","?","M","$","R","M","M","T","R","M","$","M","?","R","B",null,"M","?","$","M"],"character_chosen":"DEFECT","items_purchased":["Sunder","Ball Lightning","Defragment"],"gold_per_floor":[17,17,192,202,49,49,67,81,81,81,93,44,59,59,59,154,154,164,414,245,262,262],"floor_reached":22,"campfire_rested":0,"playtime":758,"current_hp_per_floor":[75,75,75,72,72,72,60,58,58,58,48,48,41,41,41,5,75,41,41,41,39,0],"items_purged":["Decay","Regret"],"gold":262,"score":194,"play_id":"7c319c4a-77e1-4011-850c-2340645c047e","local_time":"20180508113900","is_prod":false,"is_daily":false,"chose_seed":false,"is_ascension_mode":true,"campfire_upgraded":3,"timestamp":1525772340,"path_taken":["M","?","?","M","?","R","M","M","T","R","M","$","?","?","R","BOSS","M","?","$","M","M"],"build_version":"2018-05-07","seed_source_timestamp":2587875013025241,"purchased_purges":2,"victory":false,"master_deck":["Strike_B","Strike_B","Defend_B","Defend_B","Defend_B","Defend_B","Zap+1","Dualcast+1","Ball Lightning+1","Doubt","Sunder+1","Ball Lightning+1","Rainbow","Defragment","Leap+1"],"max_hp_per_floor":[75,75,75,75,75,75,75,75,75,75,75,75,75,75,75,75,75,75,75,75,75,75],"relics":["Cracked Core","Molten Egg 2","Black Star"],"card_choices":[{"not_picked":["Streamline","Capacitor"],"picked":"Ball Lightning","floor":1},{"not_picked":["Creative AI","Multi-Cast"],"picked":"Rainbow","floor":16},{"not_picked":["Genetic Algorithm","Heatsinks"],"picked":"Leap","floor":21}],"player_experience":376337,"potions_floor_usage":[],"damage_taken":[{"damage":0,"enemies":"2 Louse","floor":1,"turns":2},{"damage":3,"enemies":"Cultist","floor":4,"turns":3},{"damage":12,"enemies":"Jaw Worm","floor":7,"turns":2},{"damage":2,"enemies":"3 Louse","floor":8,"turns":2},{"damage":10,"enemies":"Large Slime","floor":11,"turns":5},{"damage":7,"enemies":"2 Fungi Beasts","floor":13,"turns":2},{"damage":36,"enemies":"The Guardian","floor":16,"turns":9},{"damage":34,"enemies":"3 Byrds","floor":18,"turns":4},{"damage":2,"enemies":"Chosen","floor":21,"turns":4},{"damage":39,"enemies":"Slaver and Parasite","floor":22,"turns":2}],"event_choices":[{"event_name":"Wheel of Change","player_choice":"Curse","floor":2,"damage_taken":0},{"event_name":"Liars Game","player_choice":"agreed","floor":3,"damage_taken":0},{"event_name":"Accursed Blacksmith","player_choice":"Forge","floor":14,"damage_taken":0},{"event_name":"Golden Shrine","player_choice":"Desecrate","floor":19,"damage_taken":0}],"boss_relics":[{"not_picked":["Orrery","Lizard Tail"],"picked":"Black Star"}],"potions_floor_spawned":[11,13],"seed_played":"5301074739650658566","killed_by":"Slaver and Parasite","ascension_level":2,"is_trial":false}