{"gold_per_floor":[111,61,61,76,7,39,39,59,59,59,59,94,109,109,109,204,204,217,227,74,74,92,92,126,31,31,73,85,97,141,169,181,296,358,380,392,88,108,108,123,123,137,185,185,0,29,103,28,28,28],"floor_reached":50,"playtime":3068,"items_purged":["Shame"],"score":615,"play_id":"90a4f11b-9ae5-4587-bcae-9db7255a7d1c","local_time":"20190707120823","is_ascension_mode":true,"campfire_choices":[{"floor":7,"key":"REST"},{"data":"Thunderclap","floor":10,"key":"SMITH"},{"floor":15,"key":"REST"},{"floor":23,"key":"REST"},{"data":"Strike_R","floor":28,"key":"PURGE"},{"floor":32,"key":"REST"},{"floor":41,"key":"REST"},{"floor":44,"key":"REST"},{"floor":49,"key":"REST"}],"neow_cost":"NONE","seed_source_timestamp":789933558605901,"circlet_count":0,"master_deck":["Strike_R","Strike_R+1","Strike_R+1","Defend_R","Defend_R","Defend_R","Bash","Power Through","Pommel Strike+1","Battle Trance+1","Double Tap+1","Thunderclap+1","Burning Pact+1","Flex+1","Juggernaut","Entrench+1","Dual Wield+1","Cleave+1","Battle Trance+1","Madness+1","Rage+1","Ghostly Armor+1","Fiend Fire+1","Iron Wave+1","Heavy Blade+1","Good Instincts+1","Impervious+1","Demon Form","Armaments+1","Shockwave+1","Sentinel+1","Double Tap+1"],"relics":["Burning Blood","Toxic Egg 2","Happy Flower","Shuriken","Peace Pipe","Vajra","Fusion Hammer","Red Skull","Matryoshka","Boot","Letter Opener","MawBank","Juzu Bracelet","Molten Egg 2","Tiny House","PreservedInsect","Whetstone","Red Mask","Centennial Puzzle","Gremlin Horn"],"potions_floor_usage":[12,16,30,31,40,46,46,50],"damage_taken":[{"damage":5,"enemies":"Small Slimes","floor":1,"turns":3},{"damage":1,"enemies":"Cultist","floor":4,"turns":4},{"damage":38,"enemies":"Lagavulin","floor":6,"turns":8},{"damage":12,"enemies":"Jaw Worm","floor":8,"turns":2},{"damage":16,"enemies":"Gremlin Nob","floor":12,"turns":3},{"damage":10,"enemies":"Exordium Thugs","floor":13,"turns":3},{"damage":24,"enemies":"Slime Boss","floor":16,"turns":8},{"damage":18,"enemies":"2 Thieves","floor":18,"turns":3},{"damage":7,"enemies":"3 Byrds","floor":19,"turns":4},{"damage":30,"enemies":"Snake Plant","floor":22,"turns":4},{"damage":0,"enemies":"Gremlin Leader","floor":24,"turns":4},{"damage":10,"enemies":"Book of Stabbing","floor":27,"turns":3},{"damage":15,"enemies":"Slavers","floor":30,"turns":2},{"damage":0,"enemies":"Centurion and Healer","floor":31,"turns":4},{"damage":60,"enemies":"Champ","floor":33,"turns":9},{"damage":7,"enemies":"Orb Walker","floor":35,"turns":4},{"damage":14,"enemies":"3 Shapes","floor":38,"turns":2},{"damage":46,"enemies":"3 Darklings","floor":40,"turns":4},{"damage":44,"enemies":"Transient","floor":42,"turns":5},{"damage":37,"enemies":"Nemesis","floor":46,"turns":7},{"damage":60,"enemies":"Donu and Deca","floor":50,"turns":5}],"seed_played":"3711421198436620725","potions_obtained":[{"floor":1,"key":"Strength Potion"},{"floor":4,"key":"Swift Potion"},{"floor":8,"key":"PowerPotion"},{"floor":12,"key":"Block Potion"},{"floor":13,"key":"Explosive Potion"},{"floor":18,"key":"LiquidBronze"},{"floor":30,"key":"Fire Potion"},{"floor":33,"key":"Swift Potion"},{"floor":35,"key":"EssenceOfSteel"},{"floor":46,"key":"Explosive Potion"}],"is_trial":false,"path_per_floor":["M","?","?","M","$","E","R","M","T","R","?","E","M","?","R","B",null,"M","M","$","?","M","R","E","$","T","E","R","?","E","M","R","B",null,"M","?","$","M","?","M","R","M","T","R","?","E","T","$","R","B"],"character_chosen":"IRONCLAD","items_purchased":["Battle Trance+1","Red Skull","Madness+1","Good Instincts+1","Impervious+1","Demon Form"],"campfire_rested":7,"item_purchase_floors":[5,20,25,37,37,37],"current_hp_per_floor":[88,88,88,88,88,56,82,76,76,76,64,54,50,50,76,58,88,76,75,75,75,51,77,83,83,83,79,79,79,70,76,88,34,93,92,92,92,84,84,44,71,33,33,60,60,29,29,29,56,0],"gold":28,"neow_bonus":"TEN_PERCENT_HP_BONUS","is_prod":false,"is_daily":false,"chose_seed":false,"campfire_upgraded":1,"win_rate":0,"timestamp":1562497703,"path_taken":["M","?","?","?","?","E","R","M","T","R","?","E","?","?","R","BOSS","M","M","$","?","M","R","E","$","T","E","R","?","E","M","R","BOSS","M","?","$","M","?","M","R","M","T","R","?","E","?","$","R","BOSS"],"build_version":"2019-07-05","purchased_purges":1,"victory":false,"max_hp_per_floor":[88,88,88,88,88,88,88,88,88,88,88,88,88,88,88,88,88,88,88,88,88,88,88,88,88,88,88,88,88,88,88,88,88,93,93,93,93,93,93,93,93,93,93,93,93,93,93,93,93,93],"card_choices":[{"not_picked":["Warcry","Twin Strike"],"picked":"Power Through","floor":1},{"not_picked":["Havoc+1","Clash"],"picked":"Pommel Strike","floor":4},{"not_picked":["Dropkick","Battle Trance+1"],"picked":"Double Tap+1","floor":6},{"not_picked":["Battle Trance+1","Twin Strike"],"picked":"Thunderclap","floor":8},{"not_picked":["Carnage","Clothesline"],"picked":"Burning Pact+1","floor":12},{"not_picked":["Headbutt","Sword Boomerang"],"picked":"Flex+1","floor":13},{"not_picked":["Reaper","Exhume+1"],"picked":"Juggernaut","floor":16},{"not_picked":["Warcry+1","Wild Strike"],"picked":"Entrench+1","floor":18},{"not_picked":["Evolve","Uppercut"],"picked":"Dual Wield+1","floor":19},{"not_picked":["Corruption","Clothesline"],"picked":"Cleave+1","floor":22},{"not_picked":["Combust","Reckless Charge"],"picked":"Battle Trance+1","floor":24},{"not_picked":["Bludgeon","Combust"],"picked":"Rage+1","floor":27},{"not_picked":["Corruption","Iron Wave"],"picked":"Ghostly Armor+1","floor":30},{"not_picked":["Feel No Pain","Shrug It Off+1"],"picked":"Heavy Blade+1","floor":31},{"not_picked":["Dark Embrace","Double Tap+1"],"picked":"Fiend Fire+1","floor":33},{"not_picked":["Perfected Strike+1","Flex+1"],"picked":"Iron Wave+1","floor":34},{"not_picked":["Fire Breathing","Bloodletting+1"],"picked":"Heavy Blade+1","floor":35},{"not_picked":["Rupture+1","Clothesline+1"],"picked":"Armaments+1","floor":38},{"not_picked":["Armaments+1","True Grit+1"],"picked":"Shockwave+1","floor":40},{"not_picked":["Havoc+1","Pummel+1"],"picked":"Sentinel+1","floor":42},{"not_picked":["Burning Pact+1","Warcry+1"],"picked":"Double Tap+1","floor":46}],"player_experience":60975,"relics_obtained":[{"floor":6,"key":"Happy Flower"},{"floor":9,"key":"Shuriken"},{"floor":12,"key":"Vajra"},{"floor":24,"key":"Boot"},{"floor":26,"key":"Letter Opener"},{"floor":26,"key":"MawBank"},{"floor":27,"key":"Juzu Bracelet"},{"floor":30,"key":"Molten Egg 2"},{"floor":43,"key":"PreservedInsect"},{"floor":43,"key":"Whetstone"},{"floor":46,"key":"Centennial Puzzle"},{"floor":47,"key":"Gremlin Horn"}],"event_choices":[{"cards_removed":["Defend_R"],"damage_healed":0,"gold_gain":0,"player_choice":"Card Removal","damage_taken":0,"max_hp_gain":0,"max_hp_loss":0,"event_name":"The Cleric","floor":2,"gold_loss":50},{"damage_healed":0,"gold_gain":0,"player_choice":"Gave Potion","damage_taken":0,"relics_obtained":["Toxic Egg 2"],"max_hp_gain":0,"max_hp_loss":0,"event_name":"WeMeetAgain","floor":3,"gold_loss":0},{"damage_healed":0,"gold_gain":0,"player_choice":"Success","damage_taken":12,"relics_obtained":["Peace Pipe"],"max_hp_gain":0,"max_hp_loss":0,"event_name":"Scrap Ooze","floor":11,"gold_loss":0},{"cards_removed":["Strike_R"],"damage_healed":0,"gold_gain":0,"player_choice":"Purged","damage_taken":0,"max_hp_gain":0,"max_hp_loss":0,"event_name":"Purifier","floor":14,"gold_loss":0},{"damage_healed":0,"gold_gain":0,"player_choice":"Stole Relic","damage_taken":0,"relics_obtained":["Matryoshka"],"max_hp_gain":0,"max_hp_loss":0,"event_name":"Addict","floor":21,"gold_loss":0,"cards_obtained":["Shame"]},{"damage_healed":0,"gold_gain":0,"player_choice":"Ignored","damage_taken":0,"max_hp_gain":0,"max_hp_loss":0,"event_name":"Ghosts","floor":29,"gold_loss":0},{"damage_healed":0,"gold_gain":0,"player_choice":"Bought 0 Potions","damage_taken":0,"max_hp_gain":0,"max_hp_loss":0,"event_name":"The Woman in Blue","floor":36,"gold_loss":0},{"cards_removed":["Heavy Blade"],"damage_healed":0,"gold_gain":0,"player_choice":"Removed Attack","damage_taken":0,"max_hp_gain":0,"max_hp_loss":0,"event_name":"Falling","floor":39,"gold_loss":0},{"damage_healed":0,"gold_gain":0,"player_choice":"Paid","damage_taken":0,"relics_obtained":["Red Mask"],"max_hp_gain":0,"max_hp_loss":0,"event_name":"Tomb of Lord Red Mask","floor":45,"gold_loss":185}],"is_beta":false,"boss_relics":[{"not_picked":["White Beast Statue","Lizard Tail"],"picked":"Fusion Hammer"},{"not_picked":["Runic Dome","Snecko Eye"],"picked":"Tiny House"}],"items_purged_floors":[48],"is_endless":false,"potions_floor_spawned":[1,4,8,12,13,18,19,30,33,35,46],"killed_by":"Donu and Deca","ascension_level":2}