{"gold_per_floor":[11,11,11,11,11,11,31,43,43,43,43,43,61,88,88,88],"floor_reached":16,"playtime":610,"items_purged":[],"score":162,"play_id":"c0fc6715-9b46-4f55-be2e-22c59504cbe7","local_time":"20190812210737","is_ascension_mode":true,"campfire_choices":[{"data":"True Grit","floor":6,"key":"SMITH"},{"data":"Power Through","floor":10,"key":"SMITH"},{"floor":12,"key":"REST"},{"floor":15,"key":"REST"}],"neow_cost":"NO_GOLD","seed_source_timestamp":114928343860575,"circlet_count":0,"master_deck":["AscendersBane","Strike_R","Strike_R+1","Strike_R","Defend_R","Defend_R","Bash+1","True Grit+1","Power Through+1","Impervious+1"],"relics":["Burning Blood","Toxic Egg 2","Dodecahedron"],"potions_floor_usage":[14,14],"damage_taken":[{"damage":9,"enemies":"2 Louse","floor":1,"turns":3},{"damage":1,"enemies":"Small Slimes","floor":7,"turns":4},{"damage":12,"enemies":"Jaw Worm","floor":8,"turns":2},{"damage":32,"enemies":"Gremlin Gang","floor":13,"turns":7},{"damage":24,"enemies":"Gremlin Nob","floor":14,"turns":5},{"damage":56,"enemies":"Hexaghost","floor":16,"turns":11}],"seed_played":"-8700224416761641686","potions_obtained":[{"floor":8,"key":"Weak Potion"},{"floor":13,"key":"Poison Potion"}],"is_trial":false,"path_per_floor":["M","?","?","?","$","R","M","M","T","R","$","R","M","E","R","B"],"character_chosen":"IRONCLAD","items_purchased":[],"campfire_rested":2,"item_purchase_floors":[],"current_hp_per_floor":[69,69,53,46,46,46,51,45,45,45,45,69,43,25,49,0],"gold":88,"neow_bonus":"REMOVE_TWO","is_prod":false,"is_daily":false,"chose_seed":false,"campfire_upgraded":2,"win_rate":0,"timestamp":1565669257,"path_taken":["M","?","?","?","?","R","?","M","T","R","$","R","M","E","R","BOSS"],"build_version":"2019-07-17","purchased_purges":0,"victory":false,"max_hp_per_floor":[80,80,80,80,80,80,80,80,80,80,80,80,80,80,80,80],"card_choices":[{"not_picked":["Seeing Red","Heavy Blade"],"picked":"True Grit","floor":1},{"not_picked":["Sever Soul","Flex","Sword Boomerang"],"picked":"SKIP","floor":7},{"not_picked":["Heavy Blade","Infernal Blade"],"picked":"Power Through","floor":8},{"not_picked":["Iron Wave","Battle Trance+1"],"picked":"Impervious+1","floor":13},{"not_picked":["Thunderclap","Wild Strike","Pummel"],"picked":"SKIP","floor":14}],"player_experience":705357,"relics_obtained":[{"floor":9,"key":"Toxic Egg 2"},{"floor":14,"key":"Dodecahedron"}],"event_choices":[{"cards_removed":["Strike_R"],"damage_healed":0,"gold_gain":0,"player_choice":"Forget","damage_taken":0,"max_hp_gain":0,"max_hp_loss":0,"event_name":"Living Wall","floor":2,"gold_loss":0},{"damage_healed":0,"gold_gain":0,"player_choice":"Entered Light","damage_taken":16,"max_hp_gain":0,"max_hp_loss":0,"event_name":"Shining Light","floor":3,"gold_loss":0,"cards_upgraded":["Bash","Strike_R"]},{"cards_removed":["Strike_R"],"damage_healed":0,"gold_gain":0,"player_choice":"Card Removal","damage_taken":7,"max_hp_gain":0,"max_hp_loss":0,"event_name":"Golden Wing","floor":4,"gold_loss":0}],"is_beta":false,"boss_relics":[],"items_purged_floors":[],"is_endless":false,"potions_floor_spawned":[8,13],"killed_by":"Hexaghost","ascension_level":13}