{"gold_per_floor":[363,363,313,324,343,343,358,433,433,464,464,495,512,17,17,115,115,135,145,145,163,180,180,211,211,211,311,324,324,48,61,61,61],"floor_reached":33,"playtime":3786,"items_purged":["Strike_G","Defend_G"],"score":302,"play_id":"2ba7b0ca-916a-4e90-976a-f4915dfc821b","local_time":"20190813120537","is_ascension_mode":false,"campfire_choices":[{"data":"Sucker Punch","floor":6,"key":"SMITH"},{"floor":11,"key":"REST"},{"floor":15,"key":"REST"},{"data":"Backflip","floor":23,"key":"SMITH"},{"data":"Leg Sweep","floor":25,"key":"SMITH"},{"floor":29,"key":"REST"},{"data":"Dodge and Roll","floor":32,"key":"SMITH"}],"neow_cost":"CURSE","seed_source_timestamp":150498811247500,"circlet_count":0,"master_deck":["Strike_G","Strike_G","Strike_G","Strike_G","Defend_G+1","Defend_G","Defend_G+1","Defend_G","Survivor","Neutralize","Leg Sweep+1","Sucker Punch+1","Poisoned Stab","Dash","Footwork","Caltrops","Glass Knife","Backflip+1","Calculated Gamble+1","Envenom","Reflex","Predator","Leg Sweep+1","Prepared+1","Dodge and Roll+1","Blade Dance+1","Master of Strategy","PiercingWail+1"],"relics":["Ring of the Snake","Mummified Hand","Matryoshka","Bag of Marbles","Anchor","Philosopher\u0027s Stone","War Paint","Bottled Lightning","Lantern","Question Card"],"potions_floor_usage":[10,10,16,16,24,24,33],"damage_taken":[{"damage":0,"enemies":"2 Louse","floor":1,"turns":4},{"damage":0,"enemies":"Jaw Worm","floor":4,"turns":5},{"damage":0,"enemies":"Cultist","floor":5,"turns":4},{"damage":0,"enemies":"Large Slime","floor":7,"turns":9},{"damage":12,"enemies":"Lagavulin","floor":10,"turns":9},{"damage":16,"enemies":"3 Sentries","floor":12,"turns":12},{"damage":0,"enemies":"Exordium Thugs","floor":13,"turns":8},{"damage":14,"enemies":"The Guardian","floor":16,"turns":10},{"damage":3,"enemies":"Chosen","floor":18,"turns":4},{"damage":0,"enemies":"Shell Parasite","floor":19,"turns":7},{"damage":17,"enemies":"Sentry and Sphere","floor":21,"turns":8},{"damage":0,"enemies":"Snecko","floor":22,"turns":5},{"damage":0,"enemies":"Book of Stabbing","floor":24,"turns":5},{"damage":20,"enemies":"Snake Plant","floor":28,"turns":4},{"damage":2,"enemies":"Sentry and Sphere","floor":31,"turns":7},{"damage":64,"enemies":"Champ","floor":33,"turns":17}],"seed_played":"-4651695312126872528","potions_obtained":[{"floor":1,"key":"SteroidPotion"},{"floor":4,"key":"SpeedPotion"},{"floor":10,"key":"Strength Potion"},{"floor":16,"key":"Regen Potion"},{"floor":18,"key":"PowerPotion"},{"floor":31,"key":"FearPotion"}],"is_trial":false,"path_per_floor":["M","?","?","M","M","R","M","?","T","E","R","E","M","$","R","B",null,"M","M","?","M","M","R","E","R","T","?","M","R","$","M","R","B"],"character_chosen":"THE_SILENT","items_purchased":["Glass Knife","Anchor","Regen Potion","Backflip","Calculated Gamble","Master of Strategy"],"campfire_rested":3,"item_purchase_floors":[14,14,14,14,14,30],"current_hp_per_floor":[70,56,56,56,56,56,56,45,45,33,54,38,38,38,59,56,70,67,67,67,50,50,50,64,64,64,64,44,65,65,63,63,0],"gold":61,"neow_bonus":"TWO_FIFTY_GOLD","is_prod":false,"is_daily":false,"chose_seed":false,"campfire_upgraded":4,"win_rate":0.0,"timestamp":1565712337,"path_taken":["M","?","?","M","M","R","M","?","T","E","R","E","M","$","R","BOSS","M","M","?","M","?","R","E","R","T","?","M","R","$","M","R","BOSS"],"build_version":"2019-07-17","purchased_purges":2,"victory":false,"max_hp_per_floor":[70,70,70,70,70,70,70,70,70,70,70,70,70,70,70,70,70,70,70,70,70,70,70,70,70,70,70,70,70,70,70,70,70],"card_choices":[{"not_picked":["Acrobatics","Sucker Punch"],"picked":"Leg Sweep","floor":1},{"not_picked":["All Out Attack","Blade Dance"],"picked":"Sucker Punch","floor":4},{"not_picked":["Doppelganger","Dagger Throw"],"picked":"Skewer","floor":5},{"not_picked":["Dodge and Roll","Eviscerate"],"picked":"Poisoned Stab","floor":7},{"not_picked":["Dagger Throw","Predator"],"picked":"Dash","floor":10},{"not_picked":["Infinite Blades","Poisoned Stab"],"picked":"Footwork","floor":12},{"not_picked":["Quick Slash","Sucker Punch"],"picked":"Caltrops","floor":13},{"not_picked":["A Thousand Cuts","Venomology"],"picked":"Envenom","floor":16},{"not_picked":["Crippling Poison+1","Eviscerate"],"picked":"Reflex","floor":18},{"not_picked":["Noxious Fumes","Backstab"],"picked":"Predator","floor":19},{"not_picked":["Deadly Poison","Masterful Stab"],"picked":"Leg Sweep","floor":21},{"not_picked":["Skewer","Eviscerate+1"],"picked":"Prepared+1","floor":22},{"not_picked":["Calculated Gamble","Quick Slash"],"picked":"Dodge and Roll","floor":24},{"not_picked":["Dagger Throw","Bane+1","Venomology"],"picked":"Blade Dance+1","floor":28},{"not_picked":["Catalyst","Reflex","Slice+1"],"picked":"PiercingWail+1","floor":31}],"player_experience":16753,"relics_obtained":[{"floor":9,"key":"Mummified Hand"},{"floor":10,"key":"Matryoshka"},{"floor":12,"key":"Bag of Marbles"},{"floor":24,"key":"Bottled Lightning"},{"floor":26,"key":"Lantern"},{"floor":26,"key":"Question Card"}],"event_choices":[{"damage_healed":0,"gold_gain":0,"player_choice":"Entered Light","damage_taken":14,"max_hp_gain":0,"max_hp_loss":0,"event_name":"Shining Light","floor":2,"gold_loss":0,"cards_upgraded":["Leg Sweep","Defend_G"]},{"cards_removed":["Clumsy"],"damage_healed":0,"gold_gain":0,"player_choice":"Card Removal","damage_taken":0,"max_hp_gain":0,"max_hp_loss":0,"event_name":"The Cleric","floor":3,"gold_loss":50},{"damage_healed":0,"gold_gain":75,"player_choice":"Gather Gold","damage_taken":11,"max_hp_gain":0,"max_hp_loss":0,"event_name":"World of Goop","floor":8,"gold_loss":0},{"cards_removed":["Skewer"],"damage_healed":0,"gold_gain":0,"player_choice":"Gave Card","damage_taken":0,"relics_obtained":["War Paint"],"max_hp_gain":0,"max_hp_loss":0,"event_name":"WeMeetAgain","floor":20,"gold_loss":0},{"damage_healed":0,"gold_gain":100,"player_choice":"Pray","damage_taken":0,"max_hp_gain":0,"max_hp_loss":0,"event_name":"Golden Shrine","floor":27,"gold_loss":0}],"is_beta":false,"boss_relics":[{"not_picked":["Runic Dome","Snecko Eye"],"picked":"Philosopher\u0027s Stone"}],"items_purged_floors":[14,30],"is_endless":false,"potions_floor_spawned":[1,4,10,16,18,31],"killed_by":"Champ","ascension_level":0}