{"gold_per_floor":[13,29,44,63,63,63,138,469,540,540,555,555,569,590,590,679,679,695,711,747,846,36,36,59,59],"floor_reached":25,"playtime":5241,"items_purged":["Strike_R"],"score":338,"play_id":"cce631d7-c1b4-4a94-bdc9-776962957d75","local_time":"20190812184154","is_ascension_mode":true,"campfire_choices":[{"data":"Armaments","floor":6,"key":"SMITH"},{"floor":12,"key":"REST"},{"floor":15,"key":"REST"},{"floor":23,"key":"REST"}],"neow_cost":"NO_GOLD","seed_source_timestamp":101545939409602,"circlet_count":0,"master_deck":["AscendersBane","Strike_R","Strike_R","Strike_R","Strike_R","Defend_R","Defend_R","Bash","Metallicize","Clash","Armaments+1","Ghostly Armor","Burning Pact","Rage","Metallicize","Demon Form","Battle Trance+1","Rampage","Impervious"],"relics":["Burning Blood","Golden Idol","Old Coin","Kunai","Velvet Choker","Red Mask","PreservedInsect","Turnip"],"potions_floor_usage":[8,11,11,16,19,20,20,25,25],"damage_taken":[{"damage":4,"enemies":"Jaw Worm","floor":1,"turns":3},{"damage":2,"enemies":"2 Louse","floor":2,"turns":3},{"damage":5,"enemies":"Small Slimes","floor":3,"turns":2},{"damage":13,"enemies":"Blue Slaver","floor":4,"turns":4},{"damage":23,"enemies":"Lagavulin","floor":8,"turns":7},{"damage":2,"enemies":"Exordium Thugs","floor":11,"turns":2},{"damage":1,"enemies":"2 Fungi Beasts","floor":13,"turns":4},{"damage":8,"enemies":"Looter","floor":14,"turns":4},{"damage":25,"enemies":"The Guardian","floor":16,"turns":10},{"damage":35,"enemies":"2 Thieves","floor":18,"turns":5},{"damage":38,"enemies":"3 Byrds","floor":19,"turns":6},{"damage":25,"enemies":"Masked Bandits","floor":20,"turns":6},{"damage":16,"enemies":"Centurion and Healer","floor":24,"turns":6},{"damage":30,"enemies":"Slavers","floor":25,"turns":3}],"seed_played":"-1932288599535951923","potions_obtained":[{"floor":2,"key":"PowerPotion"},{"floor":3,"key":"SkillPotion"},{"floor":8,"key":"AttackPotion"},{"floor":11,"key":"BloodPotion"},{"floor":14,"key":"Fire Potion"},{"floor":18,"key":"Ancient Potion"},{"floor":19,"key":"Ancient Potion"}],"is_trial":false,"path_per_floor":["M","M","M","M","?","R","?","E","T","?","M","R","M","M","R","B",null,"M","M","?","?","$","R","M","E"],"character_chosen":"IRONCLAD","items_purchased":["PreservedInsect","Impervious","Turnip","LiquidBronze","Fire Potion"],"campfire_rested":3,"item_purchase_floors":[22,22,22,22,22],"current_hp_per_floor":[74,78,79,72,52,52,41,24,24,6,10,34,39,37,61,42,71,42,30,11,11,11,35,25,0],"gold":59,"neow_bonus":"TRANSFORM_TWO_CARDS","is_prod":false,"is_daily":false,"chose_seed":false,"campfire_upgraded":1,"win_rate":0,"timestamp":1565660514,"path_taken":["M","M","M","M","?","R","?","E","T","?","M","R","M","M","R","BOSS","M","M","?","?","$","R","M","E"],"build_version":"2019-07-17","purchased_purges":1,"victory":false,"max_hp_per_floor":[80,80,80,80,80,80,80,80,80,80,80,80,80,80,80,80,80,80,80,80,80,80,80,80,80],"card_choices":[{"not_picked":["Perfected Strike","Iron Wave","Sword Boomerang"],"picked":"SKIP","floor":1},{"not_picked":["Warcry","Sever Soul","Iron Wave"],"picked":"SKIP","floor":2},{"not_picked":["True Grit","Anger"],"picked":"Armaments","floor":3},{"not_picked":["Perfected Strike","Twin Strike"],"picked":"Ghostly Armor","floor":4},{"not_picked":["Headbutt","Bloodletting","Brutality"],"picked":"SKIP","floor":8},{"not_picked":["Headbutt","Sword Boomerang"],"picked":"Burning Pact","floor":11},{"not_picked":["Armaments","Ghostly Armor"],"picked":"Rage","floor":13},{"not_picked":["Warcry","Armaments"],"picked":"Metallicize","floor":14},{"not_picked":["Immolate","Barricade"],"picked":"Demon Form","floor":16},{"not_picked":["Heavy Blade","Dual Wield"],"picked":"Battle Trance+1","floor":18},{"not_picked":["Havoc","Body Slam","Hemokinesis"],"picked":"SKIP","floor":19},{"not_picked":["Havoc","Body Slam","Hemokinesis"],"picked":"SKIP","floor":19},{"not_picked":["Twin Strike","Iron Wave"],"picked":"Rampage","floor":20},{"not_picked":["Clothesline","Power Through","Sentinel"],"picked":"SKIP","floor":24}],"player_experience":699209,"relics_obtained":[{"floor":8,"key":"Old Coin"},{"floor":9,"key":"Kunai"},{"floor":20,"key":"Red Mask"}],"event_choices":[{"damage_healed":0,"gold_gain":0,"player_choice":"Take Damage","damage_taken":20,"relics_obtained":["Golden Idol"],"max_hp_gain":0,"max_hp_loss":0,"event_name":"Golden Idol","floor":5,"gold_loss":0},{"damage_healed":0,"gold_gain":75,"player_choice":"Gather Gold","damage_taken":11,"max_hp_gain":0,"max_hp_loss":0,"event_name":"World of Goop","floor":7,"gold_loss":0},{"damage_healed":0,"gold_gain":0,"player_choice":"Fled","damage_taken":18,"max_hp_gain":0,"max_hp_loss":0,"event_name":"Scrap Ooze","floor":10,"gold_loss":0},{"damage_healed":0,"gold_gain":0,"player_choice":"Fought Bandits","damage_taken":0,"max_hp_gain":0,"max_hp_loss":0,"event_name":"Masked Bandits","floor":20,"gold_loss":0},{"damage_healed":0,"gold_gain":99,"player_choice":"Stole From Cult","damage_taken":0,"max_hp_gain":0,"max_hp_loss":0,"event_name":"Nest","floor":21,"gold_loss":0}],"is_beta":false,"boss_relics":[{"not_picked":["Runic Dome","Sozu"],"picked":"Velvet Choker"}],"items_purged_floors":[22],"is_endless":false,"potions_floor_spawned":[2,3,8,11,14,18,19],"killed_by":"Slavers","ascension_level":13}