{"gold_per_floor":[361,135,155,166,181,213,213,227,300,129,158,123,153,153,153,258,308,319,42,42,60,70,70,100,100,100,120,120,120,131,131,131,229,229,247,257,35,35,55,55,55,55,55,55,55,75,91,91,91,91],"floor_reached":51,"playtime":2534,"items_purged":["Parasite","Strike_B","Strike_B","Strike_B+1"],"score":957,"play_id":"38f464bc-f823-4635-86f6-2ce8efde75e4","local_time":"20190428153306","is_ascension_mode":true,"campfire_choices":[{"data":"Capacitor","floor":7,"key":"SMITH"},{"floor":15,"key":"REST"},{"data":"Defragment","floor":23,"key":"SMITH"},{"data":"Barrage","floor":25,"key":"SMITH"},{"floor":29,"key":"REST"},{"floor":32,"key":"REST"},{"floor":40,"key":"REST"},{"floor":42,"key":"REST"},{"data":"Coolheaded","floor":44,"key":"SMITH"},{"floor":49,"key":"REST"}],"neow_cost":"CURSE","seed_source_timestamp":1227942173728000,"circlet_count":0,"master_deck":["Defend_B+1","Defend_B+1","Defend_B+1","Defend_B+1","Dualcast","Coolheaded","Cold Snap+1","Coolheaded","Capacitor+1","Cold Snap","Cold Snap","Core Surge","Cold Snap","Barrage+1","Defragment+1","Coolheaded+1","Glacier","Barrage+1","Creative AI","Madness","Madness","Apotheosis","Master of Strategy"],"relics":["Cracked Core","Shuriken","Pear","Calipers","Potion Belt","Tiny House","Bag of Preparation","PreservedInsect","Kunai","Velvet Choker","Mercury Hourglass"],"potions_floor_usage":[5,5,13,33,50,50],"damage_taken":[{"damage":0,"enemies":"Small Slimes","floor":1,"turns":3},{"damage":0,"enemies":"2 Louse","floor":3,"turns":4},{"damage":0,"enemies":"Cultist","floor":4,"turns":4},{"damage":11,"enemies":"Gremlin Gang","floor":5,"turns":5},{"damage":18,"enemies":"Gremlin Nob","floor":6,"turns":4},{"damage":12,"enemies":"3 Louse","floor":8,"turns":4},{"damage":10,"enemies":"Lagavulin","floor":11,"turns":7},{"damage":22,"enemies":"3 Sentries","floor":13,"turns":9},{"damage":16,"enemies":"Hexaghost","floor":16,"turns":16},{"damage":13,"enemies":"Shell Parasite","floor":18,"turns":8},{"damage":19,"enemies":"Chosen","floor":21,"turns":6},{"damage":27,"enemies":"Centurion and Healer","floor":22,"turns":7},{"damage":32,"enemies":"Book of Stabbing","floor":24,"turns":10},{"damage":0,"enemies":"Snecko","floor":27,"turns":7},{"damage":11,"enemies":"Shelled Parasite and Fungi","floor":30,"turns":7},{"damage":14,"enemies":"Collector","floor":33,"turns":11},{"damage":5,"enemies":"Orb Walker","floor":35,"turns":3},{"damage":18,"enemies":"3 Shapes","floor":36,"turns":8},{"damage":16,"enemies":"Jaw Worm Horde","floor":39,"turns":5},{"damage":9,"enemies":"Sphere and 2 Shapes","floor":46,"turns":6},{"damage":9,"enemies":"4 Shapes","floor":47,"turns":7},{"damage":58,"enemies":"Awakened One","floor":50,"turns":22}],"seed_played":"9054363946221077473","potions_obtained":[{"floor":3,"key":"Swift Potion"},{"floor":4,"key":"Poison Potion"},{"floor":11,"key":"Swift Potion"},{"floor":13,"key":"FocusPotion"},{"floor":17,"key":"FairyPotion"},{"floor":21,"key":"GamblersBrew"},{"floor":33,"key":"Ancient Potion"},{"floor":36,"key":"LiquidBronze"}],"is_trial":false,"path_per_floor":["M","$","M","M","M","E","R","M","T","$","E","?","E","?","R","B",null,"M","$","?","M","M","R","E","R","T","M","?","R","M","?","R","B",null,"M","M","$","?","M","R","?","R","T","R","$","M","M","?","R","B",null],"character_chosen":"DEFECT","items_purchased":["Cold Snap","Coolheaded","Capacitor","Defragment","Bag of Preparation","EssenceOfSteel"],"campfire_rested":6,"item_purchase_floors":[2,2,2,10,19,37],"current_hp_per_floor":[68,68,68,68,57,39,39,27,37,37,27,47,25,25,49,33,75,62,62,97,78,51,51,19,19,19,19,19,48,37,37,66,52,86,81,63,63,63,47,76,64,93,93,93,93,84,75,70,97,39],"gold":91,"neow_bonus":"TWO_FIFTY_GOLD","is_prod":false,"is_daily":false,"chose_seed":false,"campfire_upgraded":4,"win_rate":0,"timestamp":1556458386,"path_taken":["M","$","M","M","M","E","R","M","T","$","E","?","E","?","R","BOSS","M","$","?","M","?","R","E","R","T","M","?","R","M","?","R","BOSS","M","?","$","?","M","R","?","R","T","R","?","?","M","?","R","BOSS"],"build_version":"2019-04-23","purchased_purges":4,"victory":true,"max_hp_per_floor":[75,72,72,72,72,72,72,72,82,82,82,82,82,82,82,82,87,87,87,97,97,97,97,97,97,97,97,97,97,97,97,97,97,97,97,97,97,97,97,97,97,97,97,97,97,97,97,97,97,97],"card_choices":[{"not_picked":["Turbo","Steam"],"picked":"Coolheaded","floor":1},{"not_picked":["Compile Driver","Ball Lightning"],"picked":"Cold Snap","floor":3},{"not_picked":["Gash","Recycle"],"picked":"Cold Snap","floor":4},{"not_picked":["Ball Lightning","Go for the Eyes"],"picked":"Core Surge","floor":5},{"not_picked":["Chill","All For One"],"picked":"Cold Snap","floor":6},{"not_picked":["Streamline","Go for the Eyes"],"picked":"Barrage","floor":8},{"not_picked":["Scrape","Rip and Tear","Ball Lightning"],"picked":"SKIP","floor":11},{"not_picked":["Force Field","Aggregate"],"picked":"Coolheaded","floor":13},{"not_picked":["All For One","Thunder Strike"],"picked":"Reboot","floor":16},{"not_picked":["Sweeping Beam","Beam Cell"],"picked":"Glacier","floor":17},{"not_picked":["Steam","Conserve Battery"],"picked":"Barrage","floor":18},{"not_picked":["Recycle","Rebound","Turbo"],"picked":"SKIP","floor":21},{"not_picked":["Cold Snap","Compile Driver","Ball Lightning"],"picked":"SKIP","floor":22},{"not_picked":["Auto Shields","Compile Driver","Core Surge"],"picked":"SKIP","floor":24},{"not_picked":["Chill","FTL","Force Field"],"picked":"SKIP","floor":27},{"not_picked":["Stack+1","Turbo","Gash"],"picked":"SKIP","floor":30},{"not_picked":["Electrodynamics","Fission"],"picked":"Creative AI","floor":33},{"not_picked":["Beam Cell+1","Go for the Eyes+1","Lockon+1"],"picked":"SKIP","floor":35},{"not_picked":["Go for the Eyes+1","Streamline","Compile Driver+1"],"picked":"SKIP","floor":36},{"not_picked":["Go for the Eyes+1","Electrodynamics","Conserve Battery+1"],"picked":"SKIP","floor":39},{"not_picked":["Scrape","Ball Lightning","Hologram+1"],"picked":"SKIP","floor":46},{"not_picked":["Beam Cell+1","Turbo","Creative AI"],"picked":"SKIP","floor":47},{"not_picked":["Purity","Jack Of All Trades"],"picked":"Apotheosis","floor":48},{"not_picked":["Metamorphosis","Swift Strike"],"picked":"Master of Strategy","floor":48}],"player_experience":523638,"relics_obtained":[{"floor":6,"key":"Shuriken"},{"floor":9,"key":"Pear"},{"floor":11,"key":"Calipers"},{"floor":13,"key":"Potion Belt"},{"floor":24,"key":"PreservedInsect"},{"floor":26,"key":"Kunai"},{"floor":43,"key":"Mercury Hourglass"}],"event_choices":[{"damage_healed":20,"gold_gain":0,"player_choice":"Healed","damage_taken":0,"max_hp_gain":0,"max_hp_loss":0,"event_name":"The Cleric","floor":12,"gold_loss":35},{"cards_removed":["Strike_B"],"damage_healed":0,"gold_gain":0,"player_choice":"Purged","damage_taken":0,"max_hp_gain":0,"max_hp_loss":0,"event_name":"Purifier","floor":14,"gold_loss":0},{"cards_removed":["Reboot"],"damage_healed":25,"gold_gain":0,"player_choice":"Offered Rare","damage_taken":0,"max_hp_gain":10,"max_hp_loss":0,"event_name":"Bonfire Elementals","floor":20,"gold_loss":0},{"damage_healed":0,"gold_gain":0,"player_choice":"Simplicity","damage_taken":0,"max_hp_gain":0,"max_hp_loss":0,"event_name":"Back to Basics","floor":28,"gold_loss":0,"cards_upgraded":["Strike_B","Defend_B","Defend_B","Defend_B","Defend_B"]},{"damage_healed":0,"gold_gain":0,"player_choice":"Forge","damage_taken":0,"max_hp_gain":0,"max_hp_loss":0,"event_name":"Accursed Blacksmith","floor":31,"gold_loss":0,"cards_upgraded":["Barrage"]},{"cards_removed":["Zap"],"damage_healed":0,"gold_gain":0,"player_choice":"Removed Skill","damage_taken":0,"max_hp_gain":0,"max_hp_loss":0,"event_name":"Falling","floor":38,"gold_loss":0},{"damage_healed":0,"gold_gain":0,"player_choice":"Embrace Madness","damage_taken":12,"max_hp_gain":0,"max_hp_loss":0,"event_name":"Winding Halls","floor":41,"gold_loss":0,"cards_obtained":["Madness","Madness"]},{"damage_healed":0,"gold_gain":0,"player_choice":"Memory 2","damage_taken":5,"max_hp_gain":0,"max_hp_loss":0,"event_name":"SensoryStone","floor":48,"gold_loss":0}],"is_beta":true,"boss_relics":[{"not_picked":["Coffee Dripper","Snecko Eye"],"picked":"Tiny House"},{"not_picked":["Black Star","White Beast Statue"],"picked":"Velvet Choker"}],"items_purged_floors":[2,10,19,37],"is_endless":false,"potions_floor_spawned":[3,4,11,13,21,33,36,39,47],"ascension_level":7}