{"gold_per_floor":[359,534,119,139,139,139,150,150,177,177,207,220,120,120,120,219,219,231,247,38,38,52,52,0,0],"floor_reached":25,"playtime":1297,"items_purged":["Doubt","Strike_R"],"score":199,"play_id":"a2b75cb6-3cd7-49c1-a2c1-f366dfa3b792","local_time":"20190127131126","is_ascension_mode":false,"campfire_choices":[{"data":"True Grit","floor":6,"key":"SMITH"},{"data":"Pommel Strike","floor":10,"key":"SMITH"},{"data":"Bash","floor":15,"key":"SMITH"},{"floor":23,"key":"RECALL"}],"neow_cost":"PERCENT_DAMAGE","seed_source_timestamp":131683398150252,"circlet_count":0,"master_deck":["Strike_R","Defend_R","Defend_R","Defend_R","Bash+1","Pommel Strike+1","True Grit+1","Feel No Pain","Infernal Blade+1","Corruption+1","Fire Breathing+1"],"relics":["Burning Blood","Frozen Eye","PreservedInsect","Unceasing Top","Astrolabe","Medical Kit"],"potions_floor_usage":[11,22],"damage_taken":[{"damage":7,"enemies":"Small Slimes","floor":1,"turns":4},{"damage":1,"enemies":"Jaw Worm","floor":4,"turns":3},{"damage":0,"enemies":"2 Louse","floor":7,"turns":2},{"damage":6,"enemies":"Gremlin Nob","floor":11,"turns":3},{"damage":0,"enemies":"2 Fungi Beasts","floor":12,"turns":4},{"damage":64,"enemies":"The Guardian","floor":16,"turns":9},{"damage":4,"enemies":"3 Byrds","floor":18,"turns":5},{"damage":12,"enemies":"Shell Parasite","floor":19,"turns":4},{"damage":24,"enemies":"Chosen and Byrds","floor":22,"turns":6},{"damage":52,"enemies":"Colosseum Slavers","floor":25,"turns":5}],"seed_played":"853394835634208791","potions_obtained":[{"floor":1,"key":"Swift Potion"},{"floor":7,"key":"SteroidPotion"},{"floor":12,"key":"Dexterity Potion"},{"floor":16,"key":"Energy Potion"}],"is_trial":false,"path_per_floor":["M","?","$","M","?","R","M","?","T","R","E","M","$","?","R","B",null,"M","M","$","?","M","R","?","?"],"character_chosen":"IRONCLAD","items_purchased":["Pommel Strike","True Grit","Frozen Eye","Havoc","Medical Kit"],"campfire_rested":0,"item_purchase_floors":[3,3,3,3,20],"current_hp_per_floor":[55,55,55,60,60,60,66,80,80,80,80,80,80,73,73,15,80,80,74,74,74,56,56,56,4],"gold":0,"neow_bonus":"TWO_FIFTY_GOLD","is_prod":false,"is_daily":false,"chose_seed":false,"campfire_upgraded":3,"win_rate":0,"timestamp":1548619886,"path_taken":["M","?","$","M","?","R","M","?","T","R","E","M","$","?","R","BOSS","M","M","$","?","M","R","?","?"],"build_version":"2019-01-23","purchased_purges":2,"victory":false,"max_hp_per_floor":[80,80,80,80,80,80,80,80,80,80,80,80,80,80,80,80,80,80,80,80,80,80,80,80,80],"card_choices":[{"not_picked":["Hemokinesis","Cleave","Second Wind"],"picked":"SKIP","floor":1},{"not_picked":["Ghostly Armor","Sword Boomerang"],"picked":"Feel No Pain","floor":4},{"not_picked":["Armaments","Headbutt","Clothesline"],"picked":"SKIP","floor":7},{"not_picked":["Rupture","Havoc","Combust"],"picked":"SKIP","floor":11},{"not_picked":["Flex","Body Slam","Corruption"],"picked":"SKIP","floor":12},{"not_picked":["Second Wind","Fire Breathing","Armaments"],"picked":"SKIP","floor":18},{"not_picked":["Clash","Spot Weakness+1","Rupture+1"],"picked":"SKIP","floor":19},{"not_picked":["Clash","Havoc+1","Clothesline"],"picked":"SKIP","floor":22}],"player_experience":324615,"relics_obtained":[{"floor":9,"key":"PreservedInsect"},{"floor":11,"key":"Unceasing Top"}],"event_choices":[{"damage_healed":0,"gold_gain":175,"player_choice":"AGREE","damage_taken":0,"max_hp_gain":0,"max_hp_loss":0,"event_name":"Liars Game","floor":2,"gold_loss":0,"cards_obtained":["Doubt"]},{"damage_healed":0,"gold_gain":0,"player_choice":"Grow","damage_taken":0,"max_hp_gain":0,"max_hp_loss":0,"event_name":"Living Wall","floor":5,"gold_loss":0,"cards_upgraded":["Havoc"]},{"damage_healed":26,"gold_gain":0,"player_choice":"Banana","damage_taken":0,"max_hp_gain":0,"max_hp_loss":0,"event_name":"Big Fish","floor":8,"gold_loss":0},{"cards_removed":["Defend_R"],"damage_healed":0,"gold_gain":0,"player_choice":"Card Removal","damage_taken":7,"max_hp_gain":0,"max_hp_loss":0,"event_name":"Golden Wing","floor":14,"gold_loss":0},{"cards_removed":["Strike_R"],"damage_healed":0,"gold_gain":0,"player_choice":"Elegance","damage_taken":0,"max_hp_gain":0,"max_hp_loss":0,"event_name":"Back to Basics","floor":21,"gold_loss":0},{"damage_healed":0,"gold_gain":0,"player_choice":"Paid Fearfully","damage_taken":0,"max_hp_gain":0,"max_hp_loss":0,"event_name":"Masked Bandits","floor":24,"gold_loss":52},{"damage_healed":0,"gold_gain":0,"player_choice":"Fight","damage_taken":0,"max_hp_gain":0,"max_hp_loss":0,"event_name":"Colosseum","floor":25,"gold_loss":0}],"is_beta":false,"boss_relics":[{"not_picked":["Orrery","Ectoplasm"],"picked":"Astrolabe"}],"items_purged_floors":[3,13],"is_endless":false,"potions_floor_spawned":[1,7,12,16],"killed_by":"Colosseum Slavers","ascension_level":0}