{"gold_per_floor":[113,113,38,38,38,38,78,102,102,102,177,177,221,246,246,246],"floor_reached":16,"playtime":947,"items_purged":["Strike_R"],"score":106,"play_id":"6f4f0999-6671-49ce-ba21-68f51a28e273","local_time":"20181210110147","is_ascension_mode":false,"campfire_choices":[{"data":"Trip","floor":6,"key":"SMITH"},{"data":"Whirlwind","floor":12,"key":"SMITH"},{"data":"True Grit","floor":15,"key":"SMITH"}],"neow_cost":"NONE","seed_source_timestamp":488513909759008,"circlet_count":0,"master_deck":["Strike_R","Strike_R","Defend_R","Defend_R","Defend_R","Defend_R","Bash","Trip+1","Headbutt","Feel No Pain","Whirlwind+1","True Grit+1","Headbutt","Headbutt"],"relics":["Burning Blood","Golden Idol","Prayer Wheel","Charon\u0027s Ashes","Thread and Needle","FossilizedHelix"],"potions_floor_usage":[13,13],"damage_taken":[{"damage":1,"enemies":"2 Louse","floor":1,"turns":3},{"damage":25,"enemies":"3 Sentries","floor":7,"turns":9},{"damage":2,"enemies":"Small Slimes","floor":8,"turns":3},{"damage":11,"enemies":"Lagavulin","floor":13,"turns":4},{"damage":0,"enemies":"Jaw Worm","floor":14,"turns":2},{"damage":32,"enemies":"The Guardian","floor":16,"turns":15}],"seed_played":"656367626677548305","potions_obtained":[{"floor":7,"key":"SkillPotion"},{"floor":8,"key":"Poison Potion"}],"is_trial":false,"path_per_floor":["M","?","$","?","T","R","E","M","T","?","?","R","E","M","R","B"],"character_chosen":"IRONCLAD","items_purchased":[],"campfire_rested":0,"item_purchase_floors":[],"current_hp_per_floor":[80,80,80,60,60,60,41,45,45,38,27,27,22,28,28,0],"gold":246,"neow_bonus":"RANDOM_COLORLESS","is_prod":false,"is_daily":false,"chose_seed":false,"campfire_upgraded":3,"win_rate":0.0,"timestamp":1544464907,"path_taken":["M","?","$","?","?","R","E","M","T","?","?","R","E","M","R","BOSS"],"build_version":"2018-12-06","purchased_purges":1,"victory":false,"max_hp_per_floor":[80,80,80,80,80,80,80,80,80,80,80,80,80,80,80,80],"card_choices":[{"not_picked":["Heavy Blade","Sword Boomerang"],"picked":"Headbutt","floor":1},{"not_picked":["Flex","Body Slam"],"picked":"Feel No Pain","floor":7},{"not_picked":["Clash","Twin Strike"],"picked":"Whirlwind","floor":8},{"not_picked":["Disarm","Thunderclap","Sword Boomerang"],"picked":"SKIP","floor":8},{"not_picked":["Whirlwind","Twin Strike"],"picked":"True Grit","floor":13},{"not_picked":["Flex","Infernal Blade"],"picked":"Headbutt","floor":14},{"not_picked":["Clash","Wild Strike"],"picked":"Headbutt","floor":14}],"player_experience":48473,"relics_obtained":[{"floor":5,"key":"Prayer Wheel"},{"floor":7,"key":"Charon\u0027s Ashes"},{"floor":9,"key":"Thread and Needle"},{"floor":13,"key":"FossilizedHelix"}],"event_choices":[{"cards_removed":["Strike_R"],"damage_healed":0,"gold_gain":0,"player_choice":"Forget","damage_taken":0,"max_hp_gain":0,"max_hp_loss":0,"event_name":"Living Wall","floor":2,"gold_loss":0},{"damage_healed":0,"gold_gain":0,"player_choice":"Take Damage","damage_taken":20,"relics_obtained":["Golden Idol"],"max_hp_gain":0,"max_hp_loss":0,"event_name":"Golden Idol","floor":4,"gold_loss":0},{"cards_removed":["Strike_R"],"damage_healed":0,"gold_gain":0,"player_choice":"Card Removal","damage_taken":7,"max_hp_gain":0,"max_hp_loss":0,"event_name":"Golden Wing","floor":10,"gold_loss":0},{"damage_healed":0,"gold_gain":75,"player_choice":"Gather Gold","damage_taken":11,"max_hp_gain":0,"max_hp_loss":0,"event_name":"World of Goop","floor":11,"gold_loss":0}],"is_beta":false,"boss_relics":[],"items_purged_floors":[3],"is_endless":false,"potions_floor_spawned":[7,8],"killed_by":"The Guardian","ascension_level":0}