{"gold_per_floor":[117,128,128,138,69,69,96,96,96,96,131,148,148,36,36,36],"floor_reached":16,"playtime":743,"items_purged":["Strike_R"],"score":146,"play_id":"3174d083-503f-4d07-aa00-24ee49743c49","local_time":"20190725200957","is_ascension_mode":true,"campfire_choices":[{"floor":6,"key":"REST"},{"floor":13,"key":"REST"},{"data":"Feel No Pain","floor":15,"key":"SMITH"}],"neow_cost":"NONE","seed_source_timestamp":214954045531829,"circlet_count":0,"master_deck":["Strike_R","Strike_R","Strike_R","Strike_R","Defend_R","Defend_R","Defend_R","Defend_R","Bash","Pummel","Warcry","Twin Strike","Feel No Pain+1","Metallicize+1","Offering","True Grit","Feel No Pain"],"relics":["Burning Blood","Blood Vial","Happy Flower","Mercury Hourglass","Matryoshka"],"potions_floor_usage":[4,7],"damage_taken":[{"damage":2,"enemies":"2 Louse","floor":1,"turns":3},{"damage":14,"enemies":"Jaw Worm","floor":2,"turns":3},{"damage":11,"enemies":"Cultist","floor":4,"turns":5},{"damage":32,"enemies":"Lagavulin","floor":7,"turns":5},{"damage":25,"enemies":"Gremlin Nob","floor":11,"turns":5},{"damage":15,"enemies":"Blue Slaver","floor":12,"turns":3},{"damage":66,"enemies":"The Guardian","floor":16,"turns":12}],"seed_played":"-3304767993890862020","potions_obtained":[{"floor":1,"key":"SkillPotion"},{"floor":2,"key":"Strength Potion"},{"floor":7,"key":"Swift Potion"}],"is_trial":false,"path_per_floor":["M","M","?","M","$","R","E","?","T","?","E","M","R","$","R","B"],"character_chosen":"IRONCLAD","items_purchased":["Feel No Pain","Feel No Pain"],"campfire_rested":2,"item_purchase_floors":[5,14],"current_hp_per_floor":[84,76,58,55,55,81,57,57,57,57,40,33,59,59,59,0],"gold":36,"neow_bonus":"TEN_PERCENT_HP_BONUS","is_prod":false,"is_daily":false,"chose_seed":false,"campfire_upgraded":1,"win_rate":0,"timestamp":1564081797,"path_taken":["M","M","?","M","$","R","E","?","T","?","E","M","R","?","R","BOSS"],"build_version":"2019-07-05","purchased_purges":1,"victory":false,"max_hp_per_floor":[88,88,88,88,88,88,88,88,88,88,88,88,88,88,88,88],"card_choices":[{"not_picked":["Shrug It Off","Wild Strike"],"picked":"Pummel","floor":1},{"not_picked":["Perfected Strike","Second Wind"],"picked":"Warcry","floor":2},{"not_picked":["Warcry","Thunderclap"],"picked":"Twin Strike","floor":4},{"not_picked":["Wild Strike","Sentinel"],"picked":"Metallicize","floor":7},{"not_picked":["Searing Blow","Cleave"],"picked":"Offering","floor":11},{"not_picked":["Cleave","Body Slam"],"picked":"True Grit","floor":12}],"player_experience":163386,"relics_obtained":[{"floor":7,"key":"Happy Flower"},{"floor":9,"key":"Mercury Hourglass"},{"floor":11,"key":"Matryoshka"}],"event_choices":[{"damage_healed":0,"gold_gain":0,"player_choice":"Success","damage_taken":18,"relics_obtained":["Blood Vial"],"max_hp_gain":0,"max_hp_loss":0,"event_name":"Scrap Ooze","floor":3,"gold_loss":0},{"damage_healed":0,"gold_gain":0,"player_choice":"Grow","damage_taken":0,"max_hp_gain":0,"max_hp_loss":0,"event_name":"Living Wall","floor":8,"gold_loss":0,"cards_upgraded":["Metallicize"]},{"damage_healed":0,"gold_gain":0,"player_choice":"Searched \u00270\u0027 times","damage_taken":0,"max_hp_gain":0,"max_hp_loss":0,"event_name":"Dead Adventurer","floor":10,"gold_loss":0}],"is_beta":false,"boss_relics":[],"items_purged_floors":[14],"is_endless":false,"potions_floor_spawned":[1,2,7],"killed_by":"The Guardian","ascension_level":7}