{"path_per_floor":["M","M","?","?","M","E","R","E","T","R","M","?","M","?","R","B",null,"M","M","$","M","?","E","?","M","T","M","?","$","M","M","R"],"character_chosen":"DEFECT","items_purchased":["DataDisk","Ball Lightning","Capacitor","Regal Pillow"],"gold_per_floor":[116,135,85,85,105,135,135,170,170,170,181,239,253,253,253,349,349,366,384,132,145,145,173,173,186,186,196,346,105,123,140,140,140],"floor_reached":33,"campfire_rested":3,"playtime":1889,"item_purchase_floors":[20,20,29,29],"current_hp_per_floor":[66,55,55,60,60,29,29,23,23,44,44,17,12,12,33,7,57,57,57,57,51,51,51,51,34,34,31,31,31,18,18,54,0],"items_purged":["Strike_B","Defend_B"],"gold":140,"score":410,"play_id":"2ae1c2f1-5227-442e-bddc-859cef72d2ac","local_time":"20180608162425","is_prod":false,"is_daily":false,"chose_seed":false,"is_ascension_mode":true,"campfire_upgraded":1,"win_rate":0,"timestamp":1528467865,"campfire_choices":[{"data":"Zap","floor":7.0,"key":"SMITH"},{"floor":10.0,"key":"REST"},{"floor":15.0,"key":"REST"},{"floor":32,"key":"REST"}],"path_taken":["M","M","?","?","?","E","R","E","T","R","?","?","M","?","R","BOSS","M","M","$","M","?","E","?","?","T","M","?","$","M","M","R","BOSS"],"build_version":"2018-06-07v2","seed_source_timestamp":0,"purchased_purges":2,"victory":false,"master_deck":["Defend_B","Defend_B","Zap+1","Dualcast","Coolheaded","Cold Snap","Rainbow","Ball Lightning","Compile Driver+1","Compile Driver+1","Capacitor"],"max_hp_per_floor":[68,68,68,73,73,73,73,73,73,73,73,73,73,73,73,73,73,73,73,73,73,73,73,73,73,73,73,73,73,73,73,73,73],"relics":["Cracked Core","Dead Branch","Mummified Hand","Centennial Puzzle","Smiling Mask","Nuclear Battery","DataDisk","Molten Egg 2","Darkstone Periapt","Regal Pillow"],"card_choices":[{"not_picked":["Go for the Eyes","Barrage"],"picked":"Coolheaded","floor":1.0},{"not_picked":["Consume","Compile Driver","Redo"],"picked":"SKIP","floor":2.0},{"not_picked":["Undo","Streamline","Self Repair"],"picked":"SKIP","floor":5.0},{"not_picked":["Heatsinks","Compile Driver","Static Discharge"],"picked":"SKIP","floor":6.0},{"not_picked":["Beam Cell","Reboot","Sweeping Beam"],"picked":"SKIP","floor":8.0},{"not_picked":["Go for the Eyes","Barrage","Gash"],"picked":"SKIP","floor":11.0},{"not_picked":["Turbo","Tempest"],"picked":"Cold Snap","floor":13.0},{"not_picked":["Amplify","Multi-Cast"],"picked":"Rainbow","floor":16.0},{"not_picked":["Recycle+1","Stack+1","Leap"],"picked":"SKIP","floor":18},{"not_picked":["Recycle","Steam","Hologram"],"picked":"SKIP","floor":19},{"not_picked":["Redo","Reprogram","Cold Snap"],"picked":"SKIP","floor":21},{"not_picked":["Leap","Coolheaded"],"picked":"Compile Driver+1","floor":23},{"not_picked":["Cold Snap+1","Melter+1"],"picked":"Compile Driver+1","floor":25},{"not_picked":["Hello World+1","Scrape+1","Machine Learning"],"picked":"SKIP","floor":27},{"not_picked":["Steam","Coolheaded+1","Force Field"],"picked":"SKIP","floor":30},{"not_picked":["Gash+1","Fusion","Cold Snap+1"],"picked":"SKIP","floor":31}],"player_experience":474503,"potions_floor_usage":[33,33],"damage_taken":[{"damage":2.0,"enemies":"2 Louse","floor":1.0,"turns":3.0},{"damage":11.0,"enemies":"Small Slimes","floor":2.0,"turns":3.0},{"damage":0.0,"enemies":"Cultist","floor":5.0,"turns":4.0},{"damage":31.0,"enemies":"Gremlin Nob","floor":6.0,"turns":4.0},{"damage":13.0,"enemies":"3 Sentries","floor":8.0,"turns":6.0},{"damage":0.0,"enemies":"Exordium Wildlife","floor":11.0,"turns":4.0},{"damage":27.0,"enemies":"Lagavulin Event","floor":12.0,"turns":8.0},{"damage":5.0,"enemies":"Large Slime","floor":13.0,"turns":6.0},{"damage":26.0,"enemies":"The Guardian","floor":16.0,"turns":17.0},{"damage":0,"enemies":"Chosen","floor":18,"turns":4},{"damage":0,"enemies":"Spheric Guardian","floor":19,"turns":3},{"damage":6,"enemies":"Snake Plant","floor":21,"turns":3},{"damage":0,"enemies":"Gremlin Leader","floor":23,"turns":9},{"damage":17,"enemies":"Centurion and Healer","floor":25,"turns":4},{"damage":3,"enemies":"3 Cultists","floor":27,"turns":4},{"damage":13,"enemies":"Snake Plant","floor":30,"turns":2},{"damage":0,"enemies":"Snecko","floor":31,"turns":2},{"damage":72,"enemies":"Collector","floor":33,"turns":7}],"relics_obtained":[{"floor":6.0,"key":"Dead Branch"},{"floor":8.0,"key":"Mummified Hand"},{"floor":9.0,"key":"Centennial Puzzle"},{"floor":12.0,"key":"Smiling Mask"},{"floor":23,"key":"Molten Egg 2"},{"floor":26,"key":"Darkstone Periapt"}],"event_choices":[{"event_name":"The Cleric","player_choice":"Card Removal","floor":3.0,"damage_taken":0.0},{"event_name":"Big Fish","player_choice":"Donut","floor":4.0,"damage_taken":0.0},{"event_name":"Dead Adventurer","player_choice":"Searched \u00271\u0027 times","floor":12.0,"damage_taken":0.0},{"event_name":"Golden Idol","player_choice":"Ignored","floor":14.0,"damage_taken":0.0},{"event_name":"Purifier","player_choice":"One Purge","floor":22,"damage_taken":0},{"event_name":"Drug Dealer","player_choice":"Ignored","floor":24,"damage_taken":0},{"event_name":"Nest","player_choice":"Stole From Cult","floor":28,"damage_taken":0}],"boss_relics":[{"not_picked":["Astrolabe","Tiny House"],"picked":"Nuclear Battery"}],"items_purged_floors":[20,29],"potions_floor_spawned":[2,8,11,13,18,23,25,27],"seed_played":"5630917961557863147","killed_by":"Collector","ascension_level":7,"potions_obtained":[{"floor":2.0,"key":"GamblersBrew"},{"floor":8.0,"key":"FearPotion"},{"floor":11.0,"key":"GamblersBrew"},{"floor":13.0,"key":"Poison Potion"}],"is_trial":false}