{"gold_per_floor":[211,222,222,236,248,248,267,281,281,281,300,311,311,360,360,462,462,480,493,507,518,518,518,518,518,543,567,579],"floor_reached":28,"playtime":2251,"items_purged":[],"score":227,"play_id":"c461dcb3-f026-4b5a-81fa-ffedc6ede2f5","local_time":"20190811094425","is_ascension_mode":true,"campfire_choices":[{"floor":6.0,"key":"RECALL"},{"data":"Tools of the Trade","floor":10.0,"key":"SMITH"},{"floor":15.0,"key":"REST"},{"floor":23.0,"key":"REST"},{"floor":25.0,"key":"REST"}],"neow_cost":"NONE","seed_source_timestamp":7745051545529,"circlet_count":0,"master_deck":["Strike_G","Strike_G","Strike_G","Strike_G","Strike_G","Defend_G","Defend_G","Defend_G","Defend_G","Defend_G","Survivor","Neutralize","Bouncing Flask","Poisoned Stab","Deflect","Expertise","Blur","Tools of the Trade+1","Backflip","Bouncing Flask","Die Die Die","Backflip","Dodge and Roll+1","Crippling Poison","Backflip","Dodge and Roll"],"special_seed":0,"relics":["Ring of the Snake","PreservedInsect","WristBlade","Dodecahedron","MawBank"],"potions_floor_usage":[],"damage_taken":[{"damage":0.0,"enemies":"Jaw Worm","floor":1.0,"turns":6.0},{"damage":0.0,"enemies":"2 Louse","floor":2.0,"turns":3.0},{"damage":2.0,"enemies":"Small Slimes","floor":4.0,"turns":4.0},{"damage":1.0,"enemies":"Exordium Thugs","floor":5.0,"turns":6.0},{"damage":1.0,"enemies":"Large Slime","floor":7.0,"turns":6.0},{"damage":5.0,"enemies":"Lots of Slimes","floor":8.0,"turns":8.0},{"damage":1.0,"enemies":"Red Slaver","floor":11.0,"turns":4.0},{"damage":0.0,"enemies":"Exordium Wildlife","floor":12.0,"turns":4.0},{"damage":29.0,"enemies":"Hexaghost","floor":16.0,"turns":8.0},{"damage":14.0,"enemies":"Spheric Guardian","floor":18.0,"turns":4.0},{"damage":17.0,"enemies":"Shell Parasite","floor":19.0,"turns":7.0},{"damage":18.0,"enemies":"Shelled Parasite and Fungi","floor":20.0,"turns":7.0},{"damage":40.0,"enemies":"3 Cultists","floor":21.0,"turns":6.0},{"damage":53,"enemies":"Chosen and Byrds","floor":27,"turns":7},{"damage":20,"enemies":"Centurion and Healer","floor":28,"turns":5}],"seed_played":"-5541509919171249868","potions_obtained":[{"floor":1.0,"key":"EssenceOfSteel"},{"floor":12.0,"key":"Regen Potion"},{"floor":16.0,"key":"Explosive Potion"},{"floor":18.0,"key":"Weak Potion"},{"floor":20.0,"key":"Weak Potion"}],"is_trial":false,"path_per_floor":["M","M","?","M","M","R","M","M","T","R","M","M","?","T","R","B",null,"M","M","M","M","?","R","?","R","T","M","M"],"character_chosen":"THE_SILENT","items_purchased":[],"campfire_rested":3,"item_purchase_floors":[],"current_hp_per_floor":[70,70,75,73,72,72,71,66,66,66,65,65,65,65,75,46,75,61,59,41,1,26,48,48,70,70,17,0],"gold":579,"neow_bonus":"HUNDRED_GOLD","is_prod":false,"is_daily":false,"chose_seed":false,"campfire_upgraded":1,"win_rate":0,"timestamp":1565534665,"path_taken":["M","M","?","M","M","R","M","M","T","R","M","M","?","?","R","BOSS","M","M","M","M","?","R","?","R","T","M","?"],"build_version":"2019-07-17","purchased_purges":0,"victory":false,"max_hp_per_floor":[70,70,75,75,75,75,75,75,75,75,75,75,75,75,75,75,75,75,75,75,75,75,75,75,75,75,75,75],"card_choices":[{"not_picked":["Flechettes","Bane"],"picked":"Bouncing Flask","floor":1.0},{"not_picked":["Reflex","Bane"],"picked":"Poisoned Stab","floor":2.0},{"not_picked":["Backstab","Slice"],"picked":"Deflect","floor":4.0},{"not_picked":["Poisoned Stab","Finisher"],"picked":"Expertise","floor":5.0},{"not_picked":["Reflex","Finisher"],"picked":"Blur","floor":7.0},{"not_picked":["Blade Dance","Finisher"],"picked":"Tools of the Trade","floor":8.0},{"not_picked":["Expertise","Choke"],"picked":"Backflip","floor":11.0},{"not_picked":["Dagger Spray","PiercingWail"],"picked":"Bouncing Flask","floor":12.0},{"not_picked":["Phantasmal Killer","Malaise"],"picked":"Die Die Die","floor":16.0},{"not_picked":["Poisoned Stab+1","Deadly Poison"],"picked":"Backflip","floor":18.0},{"not_picked":["Terror","Heel Hook+1"],"picked":"Dodge and Roll+1","floor":19.0},{"not_picked":["Slice","Predator+1"],"picked":"Crippling Poison","floor":20.0},{"not_picked":["Crippling Poison","Quick Slash"],"picked":"Backflip","floor":21.0},{"not_picked":["Backflip","Deadly Poison+1"],"picked":"Dodge and Roll","floor":27}],"player_experience":81849,"relics_obtained":[{"floor":14.0,"key":"PreservedInsect"},{"floor":26.0,"key":"MawBank"}],"event_choices":[{"damage_healed":0.0,"max_hp_gain":5.0,"max_hp_loss":0.0,"gold_gain":0.0,"event_name":"Big Fish","player_choice":"Donut","floor":3.0,"gold_loss":0.0,"damage_taken":0.0},{"damage_healed":0.0,"max_hp_gain":0.0,"max_hp_loss":0.0,"gold_gain":0.0,"event_name":"Golden Wing","player_choice":"Ignored","floor":13.0,"gold_loss":0.0,"damage_taken":0.0},{"damage_healed":25.0,"max_hp_gain":0.0,"max_hp_loss":0.0,"gold_gain":0.0,"event_name":"The Library","player_choice":"Heal","floor":22.0,"gold_loss":0.0,"damage_taken":0.0},{"damage_healed":0.0,"max_hp_gain":0.0,"max_hp_loss":0.0,"gold_gain":0.0,"event_name":"The Mausoleum","player_choice":"Opened","floor":24.0,"gold_loss":0.0,"damage_taken":0.0,"relics_obtained":["Dodecahedron"]}],"is_beta":false,"boss_relics":[{"not_picked":["Coffee Dripper","Sozu"],"picked":"WristBlade"}],"items_purged_floors":[],"is_endless":false,"potions_floor_spawned":[1,12,16,18,20],"killed_by":"Centurion and Healer","ascension_level":1}