{"gold_per_floor":[117,132,132,207,220,220,109,135,203,203,203,203,217,69,69,173,173,193,213,231,245,20,51,51,79,79,91,83,106,150,176,188,200],"floor_reached":33,"playtime":1792,"items_purged":["Strike_R","Defend_R","Strike_R"],"score":538,"play_id":"4017be6b-963b-4089-86a0-86e085af5faf","local_time":"20190208185807","is_ascension_mode":true,"campfire_choices":[{"data":"Bash","floor":6,"key":"SMITH"},{"data":"Rampage","floor":10,"key":"SMITH"},{"floor":15,"key":"REST"},{"floor":24,"key":"REST"},{"floor":27,"key":"REST"},{"floor":32,"key":"REST"}],"neow_cost":"NONE","seed_source_timestamp":0,"circlet_count":0,"master_deck":["Strike_R","Defend_R","Defend_R","Bash+1","Rampage+1","Shrug It Off","Dropkick","Entrench+1"],"special_seed":0,"relics":["Burning Blood","Pen Nib","Vajra","Matryoshka","Unceasing Top","Empty Cage","FossilizedHelix","Mummified Hand","MawBank","Peace Pipe"],"potions_floor_usage":[13,16,16,19,20,21,21,23,29,30,31,31,33,33,33],"damage_taken":[{"damage":6,"enemies":"Cultist","floor":1,"turns":3},{"damage":4,"enemies":"2 Louse","floor":2,"turns":3},{"damage":12,"enemies":"Jaw Worm","floor":5,"turns":2},{"damage":37,"enemies":"Lagavulin","floor":8,"turns":7},{"damage":10,"enemies":"Gremlin Gang","floor":13,"turns":4},{"damage":12,"enemies":"Hexaghost","floor":16,"turns":5},{"damage":2,"enemies":"Chosen","floor":18,"turns":4},{"damage":18,"enemies":"3 Byrds","floor":19,"turns":6},{"damage":22,"enemies":"Centurion and Healer","floor":20,"turns":6},{"damage":2,"enemies":"Snecko","floor":21,"turns":3},{"damage":40,"enemies":"Gremlin Leader","floor":23,"turns":4},{"damage":25,"enemies":"Book of Stabbing","floor":25,"turns":5},{"damage":22,"enemies":"Snake Plant","floor":29,"turns":4},{"damage":12,"enemies":"Gremlin Leader","floor":30,"turns":3},{"damage":30,"enemies":"3 Cultists","floor":31,"turns":6},{"damage":58,"enemies":"Collector","floor":33,"turns":5}],"seed_played":"7822468367626651301","potions_obtained":[{"floor":1,"key":"LiquidBronze"},{"floor":8,"key":"PowerPotion"},{"floor":13,"key":"Dexterity Potion"},{"floor":16,"key":"Regen Potion"},{"floor":18,"key":"Swift Potion"},{"floor":20,"key":"Fire Potion"},{"floor":21,"key":"Ancient Potion"},{"floor":28,"key":"EntropicBrew"},{"floor":29,"key":"SkillPotion"},{"floor":31,"key":"Regen Potion"}],"is_trial":false,"path_per_floor":["M","M","$","?","M","R","$","E","T","R","?","?","M","$","R","B",null,"M","M","M","M","$","E","R","E","T","R","?","M","E","M","R","B"],"character_chosen":"IRONCLAD","items_purchased":["Rampage","Weak Potion","Fire Potion","Poison Potion"],"campfire_rested":4,"item_purchase_floors":[7,14,22,22],"current_hp_per_floor":[80,80,80,69,63,63,63,32,32,32,32,25,21,21,45,39,70,74,62,60,64,64,30,54,35,35,59,59,43,37,13,37,0],"gold":200,"neow_bonus":"RANDOM_COMMON_RELIC","is_prod":false,"is_daily":false,"chose_seed":false,"campfire_upgraded":2,"win_rate":0,"timestamp":1549677487,"path_taken":["M","M","$","?","M","R","$","E","T","R","?","?","M","?","R","BOSS","M","M","M","?","$","E","R","E","T","R","?","?","E","M","R","BOSS"],"build_version":"2019-01-23","purchased_purges":3,"victory":false,"max_hp_per_floor":[80,80,80,80,80,80,80,80,80,80,80,80,80,80,80,80,80,80,80,80,80,80,80,80,80,80,80,80,80,80,80,80,80],"card_choices":[{"not_picked":["Wild Strike","True Grit","Iron Wave"],"picked":"SKIP","floor":1},{"not_picked":["Iron Wave","Thunderclap","Cleave"],"picked":"SKIP","floor":2},{"not_picked":["Perfected Strike","Clothesline","Combust"],"picked":"SKIP","floor":5},{"not_picked":["Feed","Hemokinesis","Iron Wave"],"picked":"SKIP","floor":8},{"not_picked":["Flex","Iron Wave"],"picked":"Shrug It Off","floor":13},{"not_picked":["Feel No Pain","Pommel Strike"],"picked":"Dropkick","floor":18},{"not_picked":["Iron Wave","Cleave","Thunderclap+1"],"picked":"SKIP","floor":19},{"not_picked":["Iron Wave","Cleave","Thunderclap+1"],"picked":"SKIP","floor":19},{"not_picked":["Flex","Whirlwind","Thunderclap"],"picked":"SKIP","floor":20},{"not_picked":["Armaments","Perfected Strike","Shrug It Off"],"picked":"SKIP","floor":21},{"not_picked":["Combust+1","Clash","Shrug It Off"],"picked":"SKIP","floor":23},{"not_picked":["Heavy Blade","Perfected Strike+1","Iron Wave+1"],"picked":"SKIP","floor":25},{"not_picked":["Metallicize+1","Dark Embrace","Headbutt"],"picked":"SKIP","floor":29},{"not_picked":["Reckless Charge","Heavy Blade","Spot Weakness+1"],"picked":"SKIP","floor":30},{"not_picked":["Clothesline","Dark Embrace"],"picked":"Entrench+1","floor":31}],"player_experience":383082,"relics_obtained":[{"floor":8,"key":"Vajra"},{"floor":9,"key":"Matryoshka"},{"floor":23,"key":"FossilizedHelix"},{"floor":25,"key":"Mummified Hand"},{"floor":26,"key":"MawBank"},{"floor":30,"key":"Peace Pipe"}],"event_choices":[{"damage_healed":0,"gold_gain":75,"player_choice":"Gather Gold","damage_taken":11,"max_hp_gain":0,"max_hp_loss":0,"event_name":"World of Goop","floor":4,"gold_loss":0},{"cards_removed":["Defend_R"],"damage_healed":0,"gold_gain":0,"player_choice":"Forget","damage_taken":0,"max_hp_gain":0,"max_hp_loss":0,"event_name":"Living Wall","floor":11,"gold_loss":0},{"damage_healed":0,"gold_gain":0,"player_choice":"Success","damage_taken":7,"relics_obtained":["Unceasing Top"],"max_hp_gain":0,"max_hp_loss":0,"event_name":"Scrap Ooze","floor":12,"gold_loss":0},{"damage_healed":0,"gold_gain":0,"player_choice":"Bought 1 Potion","damage_taken":0,"max_hp_gain":0,"max_hp_loss":0,"event_name":"The Woman in Blue","floor":28,"gold_loss":0}],"is_beta":false,"boss_relics":[{"not_picked":["Black Star","White Beast Statue"],"picked":"Empty Cage"}],"items_purged_floors":[7,14,22],"is_endless":false,"potions_floor_spawned":[1,8,13,16,18,20,21,29,31],"killed_by":"Collector","ascension_level":5}