{"path_per_floor":["M","$","M","$","M","R","M","$","T","?","E","M","R","?","R","B",null,"M","$","?","M"],"character_chosen":"DEFECT","items_purchased":["Ball Lightning","Ball Lightning","Omamori","Barrage"],"gold_per_floor":[117,72,85,32,46,46,66,66,92,154,184,201,201,201,201,304,304,319,72,72,82,82],"floor_reached":22,"campfire_rested":1,"playtime":781,"current_hp_per_floor":[74,74,68,68,66,66,66,66,73,60,42,30,30,30,58,24,77,61,61,61,33,0],"items_purged":["Undo"],"gold":82,"score":273,"play_id":"ff2ff4d4-70d0-4470-9f97-49c1edcbc322","local_time":"20180517203714","is_prod":false,"is_daily":false,"chose_seed":false,"is_ascension_mode":true,"campfire_upgraded":2,"timestamp":1526582234,"campfire_choices":[{"data":"Zap","floor":6,"key":"SMITH"},{"data":"Dualcast","floor":13,"key":"SMITH"},{"floor":15,"key":"REST"}],"path_taken":["M","$","?","?","M","R","?","$","T","?","E","M","R","?","R","BOSS","M","$","?","M","M"],"build_version":"2018-05-17","seed_source_timestamp":0,"purchased_purges":1,"victory":false,"master_deck":["Strike_B","Strike_B","Strike_B","Defend_B","Defend_B","Defend_B","Defend_B","Zap+1","Dualcast+1","Ball Lightning","Ball Lightning","Ball Lightning","Seek","Barrage","Barrage"],"max_hp_per_floor":[82,82,82,82,82,82,82,82,89,94,94,94,94,94,94,94,94,94,94,94,94,94],"relics":["Cracked Core","Art of War","Unceasing Top","Inserter","Omamori","Nloth\u0027s Gift"],"card_choices":[{"not_picked":["Double Energy","Chaos"],"picked":"Ball Lightning","floor":1},{"not_picked":["Aggregate","Hello World","Hologram"],"picked":"SKIP","floor":3},{"not_picked":["Capacitor","Gash","Hologram"],"picked":"SKIP","floor":5},{"not_picked":["Axe Kick","Undo","Consume"],"picked":"SKIP","floor":7},{"not_picked":["Cold Snap","Leap","Sunder"],"picked":"SKIP","floor":11},{"not_picked":["Rip and Tear","Streamline","Capacitor"],"picked":"SKIP","floor":12},{"not_picked":["Machine Learning","Hyperbeam"],"picked":"Seek","floor":16},{"not_picked":["Cold Snap","Rebound+1","Steam+1"],"picked":"SKIP","floor":18},{"not_picked":["Sweeping Beam","Beam Cell+1"],"picked":"Barrage","floor":21}],"player_experience":458885,"potions_floor_usage":[10,16,16],"damage_taken":[{"damage":1,"enemies":"Cultist","floor":1,"turns":3},{"damage":6,"enemies":"Small Slimes","floor":3,"turns":2},{"damage":2,"enemies":"2 Louse","floor":5,"turns":2},{"damage":0,"enemies":"Large Slime","floor":7,"turns":3},{"damage":18,"enemies":"Gremlin Nob","floor":10,"turns":3},{"damage":18,"enemies":"Gremlin Nob","floor":11,"turns":3},{"damage":12,"enemies":"Looter","floor":12,"turns":3},{"damage":34,"enemies":"Hexaghost","floor":16,"turns":8},{"damage":16,"enemies":"Spheric Guardian","floor":18,"turns":4},{"damage":28,"enemies":"2 Thieves","floor":21,"turns":3},{"damage":42,"enemies":"3 Cultists","floor":22,"turns":4}],"relics_obtained":[{"floor":9,"key":"Strawberry"},{"floor":10,"key":"Art of War"},{"floor":11,"key":"Unceasing Top"}],"event_choices":[{"event_name":"Dead Adventurer","player_choice":"Searched \u00271\u0027 times","floor":10,"damage_taken":0},{"event_name":"Transmorgrifier","player_choice":"Transform","floor":14,"damage_taken":0},{"event_name":"N\u0027loth","player_choice":"Traded a Strawberry","floor":20,"damage_taken":0}],"boss_relics":[{"not_picked":["Nuclear Battery","Astrolabe"],"picked":"Inserter"}],"potions_floor_spawned":[1,7,10,10,12],"seed_played":"3333670514096584021","killed_by":"3 Cultists","ascension_level":7,"potions_obtained":[{"floor":1,"key":"FocusPotion"},{"floor":7,"key":"Fruit Juice"},{"floor":10,"key":"Weak Potion"},{"floor":10,"key":"Dexterity Potion"}],"is_trial":false}