{"gold_per_floor":[118,193,210,210,228,272,272,272,272,305,305,330,361,384,384,503,503,518,50,50,50,63,63,86,86],"floor_reached":25,"playtime":1525,"items_purged":[],"score":254,"play_id":"bc49babb-ba69-4110-ace9-219b714134aa","local_time":"20190711194147","is_ascension_mode":true,"campfire_choices":[{"floor":8.0,"key":"REST"},{"floor":11.0,"key":"REST"},{"floor":15.0,"key":"REST"},{"floor":23,"key":"REST"}],"neow_cost":"TEN_PERCENT_HP_LOSS","seed_source_timestamp":0,"circlet_count":0,"master_deck":["Strike_R","Strike_R","Strike_R","Strike_R","Strike_R","Defend_R","Defend_R","Defend_R","Defend_R","Bash","Demon Form","Headbutt","Ghostly Armor","Shrug It Off","Fiend Fire","True Grit","Heavy Blade","Feed","Armaments","Barricade","Flex+1","Whirlwind","Entrench","Power Through","Body Slam"],"special_seed":0,"relics":["Burning Blood","Golden Idol","Meat on the Bone","Dodecahedron","Paper Frog","StoneCalendar","Black Star","Incense Burner","Regal Pillow"],"potions_floor_usage":[22,25],"damage_taken":[{"damage":4.0,"enemies":"Small Slimes","floor":1.0,"turns":5.0},{"damage":0.0,"enemies":"2 Louse","floor":3.0,"turns":3.0},{"damage":1.0,"enemies":"Cultist","floor":5.0,"turns":3.0},{"damage":42.0,"enemies":"Gremlin Nob","floor":6.0,"turns":6.0},{"damage":22.0,"enemies":"Lagavulin","floor":10.0,"turns":7.0},{"damage":17.0,"enemies":"Exordium Wildlife","floor":12.0,"turns":3.0},{"damage":32.0,"enemies":"Gremlin Nob","floor":13.0,"turns":5.0},{"damage":7.0,"enemies":"Lots of Slimes","floor":14.0,"turns":2.0},{"damage":66.0,"enemies":"The Guardian","floor":16.0,"turns":12.0},{"damage":18.0,"enemies":"Chosen","floor":18.0,"turns":5.0},{"damage":18,"enemies":"3 Byrds","floor":22,"turns":4},{"damage":37,"enemies":"Centurion and Healer","floor":24,"turns":7},{"damage":54,"enemies":"Gremlin Leader","floor":25,"turns":5}],"seed_played":"-5134803683272481249","potions_obtained":[{"floor":1.0,"key":"SneckoOil"},{"floor":3.0,"key":"Weak Potion"},{"floor":12.0,"key":"Dexterity Potion"},{"floor":13.0,"key":"Explosive Potion"},{"floor":21,"key":"Strength Potion"},{"floor":21,"key":"LiquidBronze"},{"floor":22,"key":"SneckoOil"}],"is_trial":false,"path_per_floor":["M","?","M","?","M","E","?","R","T","E","R","M","E","M","R","B",null,"M","$","T","?","M","R","M","E"],"character_chosen":"IRONCLAD","items_purchased":["Whirlwind","Incense Burner","Entrench"],"campfire_rested":4,"item_purchase_floors":[19,19,19],"current_hp_per_floor":[72,61,67,67,72,36,36,57,57,53,72,61,47,49,71,23,75,63,63,63,63,51,75,44,0],"gold":86,"neow_bonus":"THREE_RARE_CARDS","is_prod":false,"is_daily":false,"chose_seed":false,"campfire_upgraded":0,"win_rate":0,"timestamp":1562870507,"path_taken":["M","?","M","?","M","E","?","R","T","E","R","M","E","M","R","BOSS","M","$","?","?","M","R","?","E"],"build_version":"2019-07-05","purchased_purges":0,"victory":false,"max_hp_per_floor":[72,72,72,72,72,72,72,72,72,72,72,72,72,75,75,75,75,75,75,75,75,75,75,75,75],"card_choices":[{"not_picked":["Limit Break","Bludgeon"],"picked":"Demon Form","floor":0.0},{"not_picked":["Dual Wield","Power Through"],"picked":"Headbutt","floor":1.0},{"not_picked":["Perfected Strike","Iron Wave"],"picked":"Ghostly Armor","floor":3.0},{"not_picked":["Wild Strike","Headbutt"],"picked":"Shrug It Off","floor":5.0},{"not_picked":["Anger","Iron Wave"],"picked":"Fiend Fire","floor":6.0},{"not_picked":["Warcry","Blood for Blood"],"picked":"True Grit","floor":10.0},{"not_picked":["Wild Strike","Body Slam"],"picked":"Heavy Blade","floor":12.0},{"not_picked":["Whirlwind","Metallicize"],"picked":"Feed","floor":13.0},{"not_picked":["Shrug It Off","Perfected Strike"],"picked":"Armaments","floor":14.0},{"not_picked":["Fiend Fire","Juggernaut"],"picked":"Barricade","floor":16.0},{"not_picked":["Twin Strike","Anger+1"],"picked":"Flex+1","floor":18.0},{"not_picked":["Ghostly Armor","Hemokinesis+1"],"picked":"Power Through","floor":22},{"not_picked":["Clothesline","Heavy Blade"],"picked":"Body Slam","floor":24}],"player_experience":91216,"relics_obtained":[{"floor":6.0,"key":"Meat on the Bone"},{"floor":9.0,"key":"Dodecahedron"},{"floor":10.0,"key":"Paper Frog"},{"floor":13.0,"key":"StoneCalendar"},{"floor":20,"key":"Regal Pillow"}],"event_choices":[{"damage_healed":0.0,"max_hp_gain":0.0,"max_hp_loss":0.0,"gold_gain":75.0,"event_name":"World of Goop","player_choice":"Gather Gold","floor":2.0,"gold_loss":0.0,"damage_taken":11.0},{"damage_healed":0.0,"max_hp_gain":0.0,"max_hp_loss":0.0,"gold_gain":0.0,"event_name":"Golden Idol","player_choice":"Take Wound","floor":4.0,"gold_loss":0.0,"damage_taken":0.0,"relics_obtained":["Golden Idol"],"cards_obtained":["Injury"]},{"cards_removed":["Injury"],"damage_healed":0.0,"max_hp_gain":0.0,"max_hp_loss":0.0,"gold_gain":0.0,"event_name":"Purifier","player_choice":"Purged","floor":7.0,"gold_loss":0.0,"damage_taken":0.0},{"damage_healed":0,"gold_gain":0,"player_choice":"Got Potions","damage_taken":0,"max_hp_gain":0,"max_hp_loss":0,"event_name":"Lab","floor":21,"gold_loss":0}],"is_beta":false,"boss_relics":[{"not_picked":["Calling Bell","Eternal Feather"],"picked":"Black Star"}],"items_purged_floors":[],"is_endless":false,"potions_floor_spawned":[1,3,12,13,22],"killed_by":"Gremlin Leader","ascension_level":3}