{"gold_per_floor":[109,139,139,154,229,229,34,65,120,130,145,176,194,208,208,311,311,325,342,360,360],"floor_reached":21,"playtime":1322,"items_purged":[],"score":349,"play_id":"10c8fc44-2e93-43ef-8428-bd9d46ea12c0","local_time":"20190407091145","is_ascension_mode":true,"campfire_choices":[{"floor":6,"key":"REST"},{"floor":15,"key":"REST"}],"neow_cost":"NONE","seed_source_timestamp":96103896663386,"circlet_count":0,"master_deck":["AscendersBane","Strike_R","Strike_R","Strike_R","Strike_R","Strike_R","Defend_R","Defend_R","Defend_R","Bash","Burning Pact","True Grit","Blood for Blood","Apotheosis","Power Through","Sever Soul","Dual Wield","Shockwave","Dropkick","Headbutt","Dark Embrace","Offering","Second Wind","Warcry"],"relics":["Burning Blood","Dream Catcher","Tiny Chest","Boot","Ancient Tea Set","Strawberry","Fusion Hammer"],"potions_floor_usage":[11,12,18,20,21],"damage_taken":[{"damage":6,"enemies":"Cultist","floor":1,"turns":3},{"damage":6,"enemies":"2 Louse","floor":4,"turns":4},{"damage":65,"enemies":"Gremlin Nob","floor":8,"turns":6},{"damage":0,"enemies":"Small Slimes","floor":10,"turns":4},{"damage":19,"enemies":"Exordium Wildlife","floor":11,"turns":4},{"damage":0,"enemies":"Lagavulin","floor":12,"turns":7},{"damage":9,"enemies":"Blue Slaver","floor":13,"turns":5},{"damage":7,"enemies":"2 Fungi Beasts","floor":14,"turns":4},{"damage":6,"enemies":"Hexaghost","floor":16,"turns":9},{"damage":38,"enemies":"Spheric Guardian","floor":18,"turns":6},{"damage":18,"enemies":"Chosen","floor":19,"turns":3},{"damage":18,"enemies":"Snecko","floor":20,"turns":3},{"damage":21,"enemies":"Colosseum Slavers","floor":21,"turns":2}],"seed_played":"-5834361318819455688","potions_obtained":[{"floor":1,"key":"Ancient Potion"},{"floor":10,"key":"BloodPotion"},{"floor":11,"key":"Fire Potion"},{"floor":12,"key":"FearPotion"},{"floor":18,"key":"SneckoOil"},{"floor":20,"key":"SteroidPotion"}],"is_trial":false,"path_per_floor":["M","?","?","M","?","R","$","E","T","M","M","E","M","M","R","B",null,"M","M","M","?"],"character_chosen":"IRONCLAD","items_purchased":["Apotheosis"],"campfire_rested":2,"item_purchase_floors":[7],"current_hp_per_floor":[72,54,54,54,43,67,67,8,8,14,9,22,19,18,44,44,76,44,32,20,0],"gold":360,"neow_bonus":"RANDOM_COMMON_RELIC","is_prod":false,"is_daily":false,"chose_seed":false,"campfire_upgraded":0,"win_rate":0,"timestamp":1554653505,"path_taken":["M","?","?","M","?","R","$","E","T","M","M","E","?","M","R","BOSS","M","M","M","?"],"build_version":"2019-01-23","purchased_purges":0,"victory":false,"max_hp_per_floor":[80,80,80,80,80,80,80,80,80,80,80,87,87,87,87,87,87,87,87,87,87],"card_choices":[{"not_picked":["Perfected Strike","Bloodletting"],"picked":"Burning Pact","floor":1},{"not_picked":["Body Slam","Clothesline"],"picked":"True Grit","floor":4},{"not_picked":["Corruption","Ghostly Armor"],"picked":"Blood for Blood","floor":6},{"not_picked":["Perfected Strike","Flex"],"picked":"Power Through","floor":8},{"not_picked":["Body Slam","Flex"],"picked":"Sever Soul","floor":10},{"not_picked":["Pommel Strike","Sword Boomerang"],"picked":"Dual Wield","floor":11},{"not_picked":["Corruption","Thunderclap"],"picked":"Shockwave","floor":12},{"not_picked":["True Grit","Burning Pact"],"picked":"Dropkick","floor":13},{"not_picked":["Rage","Wild Strike"],"picked":"Headbutt","floor":14},{"not_picked":["Pommel Strike","Wild Strike"],"picked":"Dark Embrace","floor":15},{"not_picked":["Juggernaut","Bludgeon"],"picked":"Offering","floor":16},{"not_picked":["Heavy Blade","Shrug It Off"],"picked":"Second Wind","floor":18},{"not_picked":["Body Slam","Havoc","Anger"],"picked":"SKIP","floor":19},{"not_picked":["Clothesline","Shrug It Off"],"picked":"Warcry","floor":20}],"player_experience":619198,"relics_obtained":[{"floor":8,"key":"Boot"},{"floor":9,"key":"Ancient Tea Set"},{"floor":12,"key":"Strawberry"}],"event_choices":[{"damage_healed":0,"gold_gain":0,"player_choice":"Success","damage_taken":18,"relics_obtained":["Tiny Chest"],"max_hp_gain":0,"max_hp_loss":0,"event_name":"Scrap Ooze","floor":2,"gold_loss":0},{"cards_removed":["Defend_R"],"damage_healed":0,"gold_gain":0,"player_choice":"Forget","damage_taken":0,"max_hp_gain":0,"max_hp_loss":0,"event_name":"Living Wall","floor":3,"gold_loss":0},{"damage_healed":0,"gold_gain":75,"player_choice":"Gather Gold","damage_taken":11,"max_hp_gain":0,"max_hp_loss":0,"event_name":"World of Goop","floor":5,"gold_loss":0},{"damage_healed":0,"gold_gain":0,"player_choice":"Fight","damage_taken":0,"max_hp_gain":0,"max_hp_loss":0,"event_name":"Colosseum","floor":21,"gold_loss":0}],"is_beta":false,"boss_relics":[{"not_picked":["Astrolabe","Runic Cube"],"picked":"Fusion Hammer"}],"items_purged_floors":[],"is_endless":false,"potions_floor_spawned":[1,10,11,12,16,18,19,20],"killed_by":"Colosseum Slavers","ascension_level":12}