{"gold_per_floor":[116,116,116,4,27,27,50,89,89,105,5,38,38],"floor_reached":13,"playtime":565,"items_purged":["Strike_R","Strike_R"],"score":112,"play_id":"10234a8f-12d6-41e5-a34b-75f53bc05df3","local_time":"20181224144637","is_ascension_mode":true,"campfire_choices":[{"data":"Inflame","floor":6,"key":"SMITH"}],"neow_cost":"NONE","seed_source_timestamp":745573223333,"circlet_count":0,"master_deck":["Strike_R","Strike_R","Strike_R","Defend_R","Defend_R","Defend_R","Bash","Inflame+1","Dual Wield","Inflame","Heavy Blade+1"],"relics":["Burning Blood","NeowsBlessing","Golden Idol","Molten Egg 2","Bottled Lightning"],"potions_floor_usage":[8,10,12],"damage_taken":[{"damage":0,"enemies":"Jaw Worm","floor":1,"turns":1},{"damage":0,"enemies":"2 Louse","floor":5,"turns":1},{"damage":0,"enemies":"Cultist","floor":7,"turns":1},{"damage":28,"enemies":"Gremlin Nob","floor":8,"turns":4},{"damage":22,"enemies":"Exordium Thugs","floor":10,"turns":4},{"damage":25,"enemies":"Lagavulin","floor":12,"turns":6},{"damage":18,"enemies":"The Mushroom Lair","floor":13,"turns":1}],"seed_played":"-6904425173926129944","potions_obtained":[{"floor":7,"key":"Ancient Potion"},{"floor":8,"key":"GamblersBrew"},{"floor":10,"key":"Fruit Juice"}],"is_trial":false,"path_per_floor":["M","?","?","$","M","R","M","E","T","M","$","E","?"],"character_chosen":"IRONCLAD","items_purchased":["Inflame"],"campfire_rested":0,"item_purchase_floors":[4],"current_hp_per_floor":[80,60,53,53,59,59,65,43,43,27,27,13,0],"gold":38,"neow_bonus":"THREE_ENEMY_KILL","is_prod":false,"is_daily":false,"chose_seed":false,"campfire_upgraded":1,"win_rate":0,"timestamp":1545687997,"path_taken":["M","?","?","$","M","R","M","E","T","M","$","E","?"],"build_version":"2018-12-20","purchased_purges":2,"victory":false,"max_hp_per_floor":[80,80,80,80,80,80,80,80,80,80,80,85,85],"card_choices":[{"not_picked":["Body Slam","True Grit","Clash"],"picked":"SKIP","floor":1},{"not_picked":["Reckless Charge","Metallicize","Perfected Strike"],"picked":"SKIP","floor":5},{"not_picked":["Sword Boomerang","Entrench"],"picked":"Dual Wield","floor":7},{"not_picked":["Sword Boomerang","Headbutt"],"picked":"Inflame","floor":8},{"not_picked":["Flex","Iron Wave+1"],"picked":"Heavy Blade+1","floor":10},{"not_picked":["Exhume","Havoc","Pummel+1"],"picked":"SKIP","floor":12}],"player_experience":188373,"relics_obtained":[{"floor":8,"key":"Molten Egg 2"},{"floor":12,"key":"Bottled Lightning"}],"event_choices":[{"damage_healed":0,"gold_gain":0,"player_choice":"Take Damage","damage_taken":20,"relics_obtained":["Golden Idol"],"max_hp_gain":0,"max_hp_loss":0,"event_name":"Golden Idol","floor":2,"gold_loss":0},{"cards_removed":["Defend_R"],"damage_healed":0,"gold_gain":0,"player_choice":"Card Removal","damage_taken":7,"max_hp_gain":0,"max_hp_loss":0,"event_name":"Golden Wing","floor":3,"gold_loss":0},{"damage_healed":0,"gold_gain":0,"player_choice":"Fought Mushrooms","damage_taken":0,"max_hp_gain":0,"max_hp_loss":0,"event_name":"Mushrooms","floor":13,"gold_loss":0}],"is_beta":false,"boss_relics":[],"items_purged_floors":[4,11],"is_endless":false,"potions_floor_spawned":[7,8,10],"killed_by":"The Mushroom Lair","ascension_level":4}