{"gold_per_floor":[119,119,130,130,130,161,185,206,230,230,195,235,29,53,53,53],"floor_reached":16,"playtime":887,"items_purged":[],"score":135,"play_id":"fa7ab88b-ca54-4153-b29d-124a44072563","local_time":"20190705221312","is_ascension_mode":false,"campfire_choices":[{"floor":10,"key":"REST"},{"data":"Infernal Blade","floor":15,"key":"SMITH"}],"neow_cost":"NONE","seed_source_timestamp":737658728476972,"circlet_count":0,"master_deck":["Strike_R+1","Strike_R","Strike_R","Strike_R","Strike_R","Defend_R","Defend_R","Defend_R","Defend_R","Bash","Infernal Blade","Heavy Blade+1","Injury","Limit Break","Rampage","Heavy Blade","Clash","Infernal Blade+1","Sweeping Beam"],"relics":["Burning Blood","Golden Idol","Dream Catcher","Whetstone","Strawberry","PrismaticShard"],"potions_floor_usage":[8],"damage_taken":[{"damage":3,"enemies":"Jaw Worm","floor":1,"turns":4},{"damage":5,"enemies":"Small Slimes","floor":3,"turns":5},{"damage":50,"enemies":"Lagavulin","floor":6,"turns":9},{"damage":1,"enemies":"2 Louse","floor":7,"turns":3},{"damage":19,"enemies":"Exordium Wildlife","floor":8,"turns":3},{"damage":30,"enemies":"3 Sentries","floor":12,"turns":6},{"damage":0,"enemies":"3 Louse","floor":14,"turns":1},{"damage":86,"enemies":"The Guardian","floor":16,"turns":8}],"seed_played":"-7952025647313463400","potions_obtained":[{"floor":1,"key":"GamblersBrew"},{"floor":6,"key":"EntropicBrew"},{"floor":8,"key":"Block Potion"}],"is_trial":false,"path_per_floor":["M","?","M","$","?","E","M","M","T","R","?","E","$","M","R","B"],"character_chosen":"IRONCLAD","items_purchased":["PrismaticShard"],"campfire_rested":1,"item_purchase_floors":[13],"current_hp_per_floor":[88,93,93,93,93,49,54,41,41,68,91,74,74,80,80,0],"gold":53,"neow_bonus":"TEN_PERCENT_HP_BONUS","is_prod":false,"is_daily":false,"chose_seed":false,"campfire_upgraded":1,"win_rate":0.0,"timestamp":1562361192,"path_taken":["M","?","M","$","?","E","?","M","T","R","?","E","$","M","R","BOSS"],"build_version":"2019-07-01","purchased_purges":0,"victory":false,"max_hp_per_floor":[88,93,93,93,93,93,93,93,93,93,93,100,100,100,100,100],"card_choices":[{"not_picked":["Perfected Strike","Carnage"],"picked":"Infernal Blade","floor":1},{"not_picked":["Iron Wave","Searing Blow"],"picked":"Heavy Blade","floor":3},{"not_picked":["Pummel","Wild Strike"],"picked":"Limit Break","floor":6},{"not_picked":["Flame Barrier","Power Through"],"picked":"Rampage","floor":7},{"not_picked":["Pommel Strike","Pummel"],"picked":"Heavy Blade","floor":8},{"not_picked":["Bloodletting","Pommel Strike"],"picked":"Clash","floor":10},{"not_picked":["Intimidate","Disarm"],"picked":"Infernal Blade","floor":12},{"not_picked":["Acrobatics","Conserve Battery"],"picked":"Sweeping Beam","floor":14}],"player_experience":29154,"relics_obtained":[{"floor":6,"key":"Dream Catcher"},{"floor":9,"key":"Whetstone"},{"floor":12,"key":"Strawberry"}],"event_choices":[{"damage_healed":0,"gold_gain":0,"player_choice":"Donut","damage_taken":0,"max_hp_gain":5,"max_hp_loss":0,"event_name":"Big Fish","floor":2,"gold_loss":0},{"damage_healed":0,"gold_gain":0,"player_choice":"Take Wound","damage_taken":0,"relics_obtained":["Golden Idol"],"max_hp_gain":0,"max_hp_loss":0,"event_name":"Golden Idol","floor":5,"gold_loss":0,"cards_obtained":["Injury"]},{"damage_healed":23,"gold_gain":0,"player_choice":"Healed","damage_taken":0,"max_hp_gain":0,"max_hp_loss":0,"event_name":"The Cleric","floor":11,"gold_loss":35}],"is_beta":false,"boss_relics":[],"items_purged_floors":[],"is_endless":false,"potions_floor_spawned":[1,6,8],"killed_by":"The Guardian","ascension_level":0}