{"gold_per_floor":[114,64,64,64,64,64,12,32,106,142,18,18,39,58,58,187,187,211,211,211,211,26,26,26],"floor_reached":24,"playtime":996,"items_purged":["Strike_R+1"],"score":304,"play_id":"621cdf7d-0dfa-4318-a6d4-aa2090d0da29","local_time":"20190407092831","is_ascension_mode":true,"campfire_choices":[{"data":"Armaments","floor":6,"key":"SMITH"},{"data":"Bash","floor":12,"key":"SMITH"},{"data":"Clothesline","floor":15,"key":"SMITH"},{"floor":23,"key":"REST"}],"neow_cost":"TEN_PERCENT_HP_LOSS","seed_source_timestamp":97435533780393,"circlet_count":0,"master_deck":["AscendersBane","Strike_R+1","Strike_R+1","Strike_R+1","Defend_R+1","Defend_R+1","Defend_R+1","Defend_R+1","Bash+1","Barricade","Armaments+1","Shrug It Off","Clothesline+1","Warcry","Blood for Blood","Shrug It Off","Ghostly Armor","Iron Wave","Juggernaut","True Grit+1","Disarm","Metallicize"],"relics":["Burning Blood","Golden Idol","Mummified Hand","Pen Nib","Sozu","Bottled Flame"],"potions_floor_usage":[10,16],"damage_taken":[{"damage":5,"enemies":"Small Slimes","floor":1,"turns":6},{"damage":7,"enemies":"Jaw Worm","floor":8,"turns":4},{"damage":20,"enemies":"Gremlin Nob","floor":10,"turns":4},{"damage":0,"enemies":"2 Louse","floor":13,"turns":3},{"damage":4,"enemies":"Blue Slaver","floor":14,"turns":5},{"damage":24,"enemies":"The Guardian","floor":16,"turns":16},{"damage":12,"enemies":"3 Byrds","floor":18,"turns":7},{"damage":26,"enemies":"Colosseum Slavers","floor":20,"turns":6},{"damage":65,"enemies":"Gremlin Leader","floor":24,"turns":4}],"seed_played":"-2839485452747541005","potions_obtained":[{"floor":1,"key":"SpeedPotion"},{"floor":8,"key":"AttackPotion"}],"is_trial":false,"path_per_floor":["M","?","?","?","?","R","$","M","T","E","$","R","M","M","R","B",null,"M","?","?","T","$","R","E"],"character_chosen":"IRONCLAD","items_purchased":["Shrug It Off","Blood for Blood","Shrug It Off","Disarm","Metallicize"],"campfire_rested":1,"item_purchase_floors":[7,11,11,22,22],"current_hp_per_floor":[72,72,77,62,43,43,43,42,42,28,28,28,34,36,36,18,62,56,56,36,36,36,59,0],"gold":26,"neow_bonus":"THREE_RARE_CARDS","is_prod":false,"is_daily":false,"chose_seed":false,"campfire_upgraded":3,"win_rate":0,"timestamp":1554654511,"path_taken":["M","?","?","?","?","R","$","M","T","E","$","R","?","M","R","BOSS","M","?","?","?","?","R","E"],"build_version":"2019-01-23","purchased_purges":1,"victory":false,"max_hp_per_floor":[72,72,77,77,77,77,77,77,77,77,77,77,77,77,77,77,77,77,77,77,77,77,77,77],"card_choices":[{"not_picked":["Double Tap","Reaper"],"picked":"Barricade","floor":0},{"not_picked":["Iron Wave","Metallicize"],"picked":"Armaments","floor":1},{"not_picked":["Clash","Anger"],"picked":"Clothesline","floor":8},{"not_picked":["Infernal Blade","Anger"],"picked":"Warcry","floor":10},{"not_picked":["Wild Strike","Clothesline"],"picked":"Ghostly Armor","floor":13},{"not_picked":["Wild Strike","Shrug It Off"],"picked":"Iron Wave","floor":14},{"not_picked":["Barricade","Fiend Fire"],"picked":"Juggernaut","floor":16},{"not_picked":["Cleave","Second Wind"],"picked":"True Grit+1","floor":18}],"player_experience":620520,"relics_obtained":[{"floor":9,"key":"Mummified Hand"},{"floor":10,"key":"Pen Nib"},{"floor":21,"key":"Bottled Flame"}],"event_choices":[{"cards_removed":["Strike_R"],"damage_healed":0,"gold_gain":0,"player_choice":"Card Removal","damage_taken":0,"max_hp_gain":0,"max_hp_loss":0,"event_name":"The Cleric","floor":2,"gold_loss":50},{"damage_healed":0,"gold_gain":0,"player_choice":"Donut","damage_taken":0,"max_hp_gain":5,"max_hp_loss":0,"event_name":"Big Fish","floor":3,"gold_loss":0},{"damage_healed":0,"gold_gain":0,"player_choice":"Entered Light","damage_taken":15,"max_hp_gain":0,"max_hp_loss":0,"event_name":"Shining Light","floor":4,"gold_loss":0,"cards_upgraded":["Defend_R","Defend_R"]},{"damage_healed":0,"gold_gain":0,"player_choice":"Take Damage","damage_taken":19,"relics_obtained":["Golden Idol"],"max_hp_gain":0,"max_hp_loss":0,"event_name":"Golden Idol","floor":5,"gold_loss":0},{"damage_healed":0,"gold_gain":0,"player_choice":"Simplicity","damage_taken":0,"max_hp_gain":0,"max_hp_loss":0,"event_name":"Back to Basics","floor":19,"gold_loss":0,"cards_upgraded":["Strike_R","Strike_R","Strike_R","Strike_R","Defend_R","Defend_R"]},{"damage_healed":0,"gold_gain":0,"player_choice":"Fight","damage_taken":0,"max_hp_gain":0,"max_hp_loss":0,"event_name":"Colosseum","floor":20,"gold_loss":0},{"damage_healed":0,"gold_gain":0,"player_choice":"Fled From Nobs","damage_taken":0,"max_hp_gain":0,"max_hp_loss":0,"event_name":"Colosseum","floor":20,"gold_loss":0}],"is_beta":false,"boss_relics":[{"not_picked":["Philosopher\u0027s Stone","Runic Cube"],"picked":"Sozu"}],"items_purged_floors":[22],"is_endless":false,"potions_floor_spawned":[1,8,18],"killed_by":"Gremlin Leader","ascension_level":12}