{"gold_per_floor":[115,115,40,54,66,66,94,156,156,166,166,178,78,78,78,173,173,185,185,198,73,173,206,225,225,225,26,26,37,48,48,48,143,143,153,3,3,23,34,34,51,70,70,70,88,88,104,119,119,119,119,119,119,152,152],"floor_reached":56,"playtime":2517,"items_purged":["Strike_R","Strike_R","Defend_R","Bash"],"score":1396,"play_id":"be538fbe-4a6e-46ef-b5ab-d74ce7454e94","local_time":"20190208194045","is_ascension_mode":false,"campfire_choices":[{"data":"Pommel Strike","floor":6,"key":"SMITH"},{"data":"Pommel Strike","floor":11,"key":"SMITH"},{"floor":15,"key":"REST"},{"data":"True Grit","floor":25,"key":"SMITH"},{"data":"Rampage","floor":28,"key":"SMITH"},{"floor":32,"key":"RECALL"},{"floor":40,"key":"REST"},{"floor":49,"key":"REST"},{"floor":52,"key":"REST"}],"neow_cost":"TEN_PERCENT_HP_LOSS","seed_source_timestamp":1005554022439344,"circlet_count":0,"master_deck":["Defend_R+1","Pommel Strike+1","Pommel Strike+1","Rampage+1","True Grit+1"],"relics":["Burning Blood","StoneCalendar","Sundial","Art of War","Thread and Needle","Empty Cage","Omamori","Ornamental Fan","Medical Kit","Lizard Tail","Vajra"],"potions_floor_usage":[7,8,16,55],"damage_taken":[{"damage":8,"enemies":"Jaw Worm","floor":1,"turns":5},{"damage":2,"enemies":"2 Louse","floor":4,"turns":3},{"damage":5,"enemies":"Small Slimes","floor":5,"turns":3},{"damage":27,"enemies":"3 Sentries","floor":7,"turns":5},{"damage":18,"enemies":"3 Sentries","floor":8,"turns":4},{"damage":6,"enemies":"Exordium Thugs","floor":10,"turns":3},{"damage":3,"enemies":"Blue Slaver","floor":12,"turns":2},{"damage":17,"enemies":"The Guardian","floor":16,"turns":5},{"damage":0,"enemies":"Spheric Guardian","floor":18,"turns":1},{"damage":0,"enemies":"2 Thieves","floor":20,"turns":1},{"damage":0,"enemies":"Slavers","floor":23,"turns":1},{"damage":0,"enemies":"Cultist and Chosen","floor":24,"turns":1},{"damage":0,"enemies":"3 Cultists","floor":29,"turns":1},{"damage":0,"enemies":"Snake Plant","floor":30,"turns":1},{"damage":0,"enemies":"Automaton","floor":33,"turns":1},{"damage":15,"enemies":"3 Shapes","floor":35,"turns":2},{"damage":0,"enemies":"Orb Walker","floor":38,"turns":1},{"damage":0,"enemies":"Writhing Mass","floor":39,"turns":1},{"damage":0,"enemies":"Spire Growth","floor":41,"turns":1},{"damage":0,"enemies":"Maw","floor":42,"turns":1},{"damage":0,"enemies":"Transient","floor":45,"turns":1},{"damage":0,"enemies":"Jaw Worm Horde","floor":47,"turns":1},{"damage":0,"enemies":"Maw","floor":48,"turns":1},{"damage":0,"enemies":"Awakened One","floor":50,"turns":2},{"damage":0,"enemies":"Shield and Spear","floor":54,"turns":1},{"damage":54,"enemies":"The Heart","floor":55,"turns":4}],"seed_played":"6515135275806101368","potions_obtained":[{"floor":1,"key":"AttackPotion"},{"floor":7,"key":"Explosive Potion"},{"floor":8,"key":"Weak Potion"},{"floor":10,"key":"Swift Potion"},{"floor":12,"key":"SteroidPotion"},{"floor":18,"key":"Poison Potion"},{"floor":23,"key":"Block Potion"}],"is_trial":false,"path_per_floor":["M","?","$","M","M","R","E","?","T","M","R","M","$","?","R","B",null,"M","?","M","$","?","E","M","R","T","$","R","M","M","?","R","B",null,"M","$","?","M","M","R","M","M","T","?","M","?","M","M","R","B",null,"R","$","E","B",null],"character_chosen":"IRONCLAD","items_purchased":["Medical Kit"],"campfire_rested":4,"item_purchase_floors":[27],"current_hp_per_floor":[70,58,58,62,63,63,42,30,30,30,30,33,33,33,54,43,72,72,59,65,65,65,71,77,77,77,77,77,77,77,77,77,77,77,68,68,68,74,77,77,77,77,77,73,73,73,73,73,73,73,73,73,73,73,25],"gold":152,"neow_bonus":"REMOVE_TWO","is_prod":false,"is_daily":false,"chose_seed":false,"campfire_upgraded":4,"win_rate":0,"timestamp":1549680045,"path_taken":["M","?","$","M","M","R","E","?","T","M","R","M","$","?","R","BOSS","M","?","M","$","?","E","?","R","T","$","R","M","M","?","R","BOSS","M","$","?","M","M","R","?","M","T","?","M","?","M","M","R","BOSS","R","$","E","BOSS"],"build_version":"2019-01-23","purchased_purges":4,"victory":true,"max_hp_per_floor":[72,72,72,72,72,72,72,72,72,72,72,72,72,72,72,72,72,72,77,77,77,77,77,77,77,77,77,77,77,77,77,77,77,77,77,77,77,77,77,77,77,77,77,73,73,73,73,73,73,73,73,73,73,73,73],"card_choices":[{"not_picked":["Corruption","Warcry","Twin Strike"],"picked":"SKIP","floor":1},{"not_picked":["Warcry","Ghostly Armor","Pummel"],"picked":"SKIP","floor":4},{"not_picked":["Twin Strike","Thunderclap"],"picked":"Pommel Strike","floor":5},{"not_picked":["Heavy Blade","Perfected Strike"],"picked":"Fiend Fire","floor":7},{"not_picked":["Carnage","Thunderclap"],"picked":"Pommel Strike","floor":8},{"not_picked":["Infernal Blade","Clash","Sword Boomerang"],"picked":"SKIP","floor":10},{"not_picked":["Thunderclap","Cleave"],"picked":"Rampage","floor":12},{"not_picked":["Flex+1","Disarm+1","Wild Strike+1"],"picked":"SKIP","floor":18},{"not_picked":["Hemokinesis","Clothesline+1","Uppercut"],"picked":"SKIP","floor":20},{"not_picked":["Clash","Thunderclap+1"],"picked":"True Grit","floor":23},{"not_picked":["Limit Break","Reckless Charge","Clothesline"],"picked":"SKIP","floor":24},{"not_picked":["Perfected Strike","Evolve","Warcry"],"picked":"SKIP","floor":29},{"not_picked":["Twin Strike","Clothesline+1","Perfected Strike+1"],"picked":"SKIP","floor":30},{"not_picked":["Second Wind","Rampage","Heavy Blade+1"],"picked":"SKIP","floor":35},{"not_picked":["Twin Strike","Havoc","Anger+1"],"picked":"SKIP","floor":38},{"not_picked":["Shrug It Off+1","Flex","Perfected Strike+1"],"picked":"SKIP","floor":39},{"not_picked":["Carnage+1","Pommel Strike","Pummel+1"],"picked":"SKIP","floor":41},{"not_picked":["Sword Boomerang","Warcry+1","Twin Strike"],"picked":"SKIP","floor":42},{"not_picked":["Headbutt","Twin Strike","Blood for Blood+1"],"picked":"SKIP","floor":45},{"not_picked":["Iron Wave+1","Uppercut+1","Sever Soul+1"],"picked":"SKIP","floor":47},{"not_picked":["Cleave","Havoc+1","Headbutt"],"picked":"SKIP","floor":48},{"not_picked":["Headbutt","Warcry","Offering"],"picked":"SKIP","floor":54}],"player_experience":384874,"relics_obtained":[{"floor":7,"key":"Sundial"},{"floor":8,"key":"Art of War"},{"floor":9,"key":"Thread and Needle"},{"floor":23,"key":"Omamori"},{"floor":26,"key":"Ornamental Fan"},{"floor":54,"key":"Vajra"}],"event_choices":[{"damage_healed":0,"gold_gain":0,"player_choice":"Success","damage_taken":12,"relics_obtained":["StoneCalendar"],"max_hp_gain":0,"max_hp_loss":0,"event_name":"Scrap Ooze","floor":2,"gold_loss":0},{"damage_healed":0,"gold_gain":30,"player_choice":"Searched \u00272\u0027 times","damage_taken":0,"max_hp_gain":0,"max_hp_loss":0,"event_name":"Dead Adventurer","floor":8,"gold_loss":0},{"cards_removed":["Strike_R"],"damage_healed":0,"gold_gain":0,"player_choice":"Forget","damage_taken":0,"max_hp_gain":0,"max_hp_loss":0,"event_name":"Living Wall","floor":14,"gold_loss":0},{"damage_healed":0,"gold_gain":0,"player_choice":"Shed Blood","damage_taken":18,"max_hp_gain":5,"max_hp_loss":0,"event_name":"Forgotten Altar","floor":19,"gold_loss":0},{"damage_healed":0,"gold_gain":100,"player_choice":"Pray","damage_taken":0,"max_hp_gain":0,"max_hp_loss":0,"event_name":"Golden Shrine","floor":22,"gold_loss":0},{"cards_removed":["Fiend Fire"],"damage_healed":0,"gold_gain":0,"player_choice":"Purged","damage_taken":0,"max_hp_gain":0,"max_hp_loss":0,"event_name":"Purifier","floor":31,"gold_loss":0},{"damage_healed":0,"gold_gain":0,"player_choice":"Upgraded","damage_taken":0,"max_hp_gain":0,"max_hp_loss":0,"event_name":"Upgrade Shrine","floor":37,"gold_loss":0,"cards_upgraded":["Defend_R"]},{"damage_healed":0,"gold_gain":0,"player_choice":"Max HP","damage_taken":0,"max_hp_gain":0,"max_hp_loss":4,"event_name":"Winding Halls","floor":44,"gold_loss":0},{"damage_healed":0,"gold_gain":0,"player_choice":"Memory 1","damage_taken":0,"max_hp_gain":0,"max_hp_loss":0,"event_name":"SensoryStone","floor":46,"gold_loss":0}],"is_beta":false,"boss_relics":[{"not_picked":["Velvet Choker","Black Star"],"picked":"Empty Cage"},{"not_picked":["Pandora\u0027s Box","Orrery"],"picked":"Lizard Tail"}],"items_purged_floors":[3,13,21,36],"is_endless":false,"potions_floor_spawned":[1,7,8,10,12,18,23,33,42,45,47],"ascension_level":0}