{"gold_per_floor":[116,94,64,64,64,98,115,40,65,77,77,107,118,149,161,277,289,287,313,339,351,373,385],"floor_reached":23,"playtime":1833,"items_purged":["Pain"],"score":366,"play_id":"bc3187df-42d1-4d88-9925-ba01760a7905","local_time":"20190325205911","is_ascension_mode":true,"campfire_choices":[{"data":"Armaments","floor":11,"key":"SMITH"},{"floor":15,"key":"RECALL"}],"neow_cost":"NONE","seed_source_timestamp":0,"circlet_count":0,"master_deck":["AscendersBane","Bash","Armaments+1","Shrug It Off","Dual Wield","Second Wind","Rupture","Rage","True Grit","Anger","Limit Break","Uppercut","Reckless Charge","Flex","Combust","Havoc","Thunderclap","Pommel Strike","Twin Strike","Sentinel","Corruption","Bloodletting"],"special_seed":0,"relics":["Burning Blood","NeowsBlessing","WarpedTongs","Bird Faced Urn","PreservedInsect","Gambling Chip","MawBank","Pandora\u0027s Box"],"potions_floor_usage":[12,16,16],"damage_taken":[{"damage":0.0,"enemies":"Jaw Worm","floor":1.0,"turns":1.0},{"damage":0,"enemies":"Gremlin Nob","floor":6,"turns":1},{"damage":0,"enemies":"Cultist","floor":7,"turns":1},{"damage":0,"enemies":"Small Slimes","floor":10,"turns":4},{"damage":9,"enemies":"3 Sentries","floor":12,"turns":6},{"damage":13,"enemies":"Gremlin Gang","floor":13,"turns":8},{"damage":30,"enemies":"Lagavulin","floor":14,"turns":8},{"damage":50,"enemies":"Slime Boss","floor":16,"turns":13},{"damage":9,"enemies":"2 Thieves","floor":18,"turns":4},{"damage":26,"enemies":"Spheric Guardian","floor":19,"turns":5},{"damage":51,"enemies":"Snake Plant","floor":20,"turns":5},{"damage":8,"enemies":"Chosen and Byrds","floor":22,"turns":6},{"damage":22,"enemies":"Slavers","floor":23,"turns":1}],"seed_played":"4114493703837219789","potions_obtained":[{"floor":3.0,"key":"Fruit Juice"},{"floor":3.0,"key":"Strength Potion"},{"floor":6,"key":"Explosive Potion"},{"floor":12,"key":"SpeedPotion"},{"floor":13,"key":"Strength Potion"},{"floor":18,"key":"SmokeBomb"}],"is_trial":false,"path_per_floor":["M","$","?","$","?","E","M","$","T","M","R","E","M","E","R","B",null,"M","M","M","?","M","E"],"character_chosen":"IRONCLAD","items_purchased":["Shrug It Off"],"campfire_rested":0,"item_purchase_floors":[2],"current_hp_per_floor":[78,78,83,83,83,85,85,85,85,85,85,82,77,55,55,13,67,66,50,11,11,13,0],"gold":385,"neow_bonus":"THREE_ENEMY_KILL","is_prod":false,"is_daily":false,"chose_seed":false,"campfire_upgraded":1,"win_rate":0,"timestamp":1553572751,"path_taken":["M","$","?","?","?","E","M","$","T","?","R","E","M","E","R","BOSS","M","?","M","?","M","E"],"build_version":"2019-01-23","purchased_purges":1,"victory":false,"max_hp_per_floor":[80,80,85,85,85,85,85,85,85,85,85,85,85,85,85,85,85,85,85,85,85,85,85],"card_choices":[{"not_picked":["Carnage","Entrench"],"picked":"Armaments","floor":1.0},{"not_picked":["Anger","Clothesline"],"picked":"Dual Wield","floor":6},{"not_picked":["Anger","Sword Boomerang"],"picked":"Second Wind","floor":7},{"not_picked":["Pommel Strike","True Grit"],"picked":"Rupture","floor":10},{"not_picked":["Reckless Charge","Perfected Strike","Rage"],"picked":"SKIP","floor":12},{"not_picked":["Reckless Charge","Perfected Strike"],"picked":"Rage","floor":12},{"not_picked":["Bloodletting","Armaments"],"picked":"True Grit","floor":13},{"not_picked":["Shockwave","Warcry"],"picked":"Anger","floor":14},{"not_picked":["Impervious","Feed"],"picked":"Limit Break","floor":16},{"not_picked":["Headbutt+1","Clothesline"],"picked":"Sentinel","floor":18},{"not_picked":["Thunderclap","Armaments"],"picked":"Corruption","floor":19},{"not_picked":["Twin Strike","Clothesline","Barricade"],"picked":"SKIP","floor":20},{"not_picked":["Fire Breathing","Pummel"],"picked":"Bloodletting","floor":22}],"player_experience":541694,"relics_obtained":[{"floor":6,"key":"Bird Faced Urn"},{"floor":9,"key":"PreservedInsect"},{"floor":12,"key":"Gambling Chip"},{"floor":14,"key":"MawBank"}],"event_choices":[{"damage_healed":0.0,"max_hp_gain":0.0,"max_hp_loss":0.0,"gold_gain":0.0,"event_name":"The Woman in Blue","player_choice":"Bought 2 Potions","floor":3.0,"gold_loss":0.0,"damage_taken":0.0},{"damage_healed":0,"gold_gain":0,"player_choice":"Rummage","damage_taken":0,"relics_obtained":["WarpedTongs"],"max_hp_gain":0,"max_hp_loss":0,"event_name":"Accursed Blacksmith","floor":5,"gold_loss":0,"cards_obtained":["Pain"]},{"cards_removed":["Anger"],"damage_healed":0,"gold_gain":0,"player_choice":"Elegance","damage_taken":0,"max_hp_gain":0,"max_hp_loss":0,"event_name":"Back to Basics","floor":21,"gold_loss":0}],"is_beta":false,"boss_relics":[{"not_picked":["Fusion Hammer","Astrolabe"],"picked":"Pandora\u0027s Box"}],"items_purged_floors":[8],"is_endless":false,"potions_floor_spawned":[6,12,13,14,18],"killed_by":"Slavers","ascension_level":11}