{"gold_per_floor":[115,115,130,150,32,52,52,85,108,119,130,145,172,35,35,35],"floor_reached":16,"playtime":912,"items_purged":["Strike_R"],"score":207,"play_id":"d864d420-2f9e-4795-ac84-120afaa3e24d","local_time":"20190505145817","is_ascension_mode":true,"campfire_choices":[{"data":"Dual Wield","floor":7,"key":"SMITH"},{"data":"Armaments","floor":15,"key":"SMITH"}],"neow_cost":"PERCENT_DAMAGE","seed_source_timestamp":462484641570800,"circlet_count":0,"master_deck":["AscendersBane","Strike_R","Strike_R","Strike_R","Strike_R","Defend_R","Defend_R","Defend_R","Bash","Inflame","Dropkick","Thunderclap","Dual Wield+1","Burning Pact","Headbutt","Armaments+1","Fiend Fire"],"relics":["Burning Blood","Anchor","Strawberry","MawBank"],"potions_floor_usage":[6,10,13,16],"damage_taken":[{"damage":2,"enemies":"2 Louse","floor":1,"turns":4},{"damage":6,"enemies":"Cultist","floor":3,"turns":4},{"damage":15,"enemies":"Small Slimes","floor":4,"turns":4},{"damage":11,"enemies":"2 Fungi Beasts","floor":6,"turns":4},{"damage":15,"enemies":"Lagavulin","floor":8,"turns":5},{"damage":5,"enemies":"Gremlin Gang","floor":10,"turns":3},{"damage":10,"enemies":"3 Louse","floor":11,"turns":4},{"damage":10,"enemies":"2 Fungi Beasts","floor":12,"turns":3},{"damage":16,"enemies":"Gremlin Nob","floor":13,"turns":3},{"damage":62,"enemies":"Hexaghost","floor":16,"turns":7}],"seed_played":"-7440446035559077073","potions_obtained":[{"floor":3,"key":"Regen Potion"},{"floor":6,"key":"SpeedPotion"},{"floor":12,"key":"FearPotion"},{"floor":13,"key":"BloodPotion"}],"is_trial":false,"path_per_floor":["M","?","M","M","$","M","R","E","T","M","M","M","E","$","R","B"],"character_chosen":"IRONCLAD","items_purchased":["Dual Wield","AttackPotion","Fiend Fire"],"campfire_rested":0,"item_purchase_floors":[5,5,14],"current_hp_per_floor":[71,71,71,62,62,69,69,60,67,68,64,60,50,50,50,0],"gold":35,"neow_bonus":"TWENTY_PERCENT_HP_BONUS","is_prod":false,"is_daily":false,"chose_seed":false,"campfire_upgraded":2,"win_rate":0,"timestamp":1557093497,"path_taken":["M","?","M","M","$","M","R","E","T","?","M","M","E","$","R","BOSS"],"build_version":"2019-01-23","purchased_purges":1,"victory":false,"max_hp_per_floor":[96,96,96,96,96,96,96,96,103,103,103,103,103,103,103,103],"card_choices":[{"not_picked":["Armaments","Heavy Blade"],"picked":"Inflame","floor":1},{"not_picked":["Blood for Blood","Rupture"],"picked":"Dropkick","floor":3},{"not_picked":["Wild Strike","Blood for Blood"],"picked":"Thunderclap","floor":4},{"not_picked":["Thunderclap","Cleave","Flex"],"picked":"SKIP","floor":6},{"not_picked":["Evolve","Fire Breathing"],"picked":"Burning Pact","floor":8},{"not_picked":["Combust","Reckless Charge"],"picked":"Headbutt","floor":10},{"not_picked":["Perfected Strike","Brutality","Sentinel"],"picked":"SKIP","floor":11},{"not_picked":["Warcry","Thunderclap"],"picked":"Armaments","floor":12},{"not_picked":["Iron Wave","Pummel","Anger"],"picked":"SKIP","floor":13}],"player_experience":673301,"relics_obtained":[{"floor":8,"key":"Anchor"},{"floor":9,"key":"Strawberry"},{"floor":13,"key":"MawBank"}],"event_choices":[{"cards_removed":["Defend_R"],"damage_healed":0,"gold_gain":0,"player_choice":"Purged","damage_taken":0,"max_hp_gain":0,"max_hp_loss":0,"event_name":"Purifier","floor":2,"gold_loss":0}],"is_beta":false,"boss_relics":[],"items_purged_floors":[14],"is_endless":false,"potions_floor_spawned":[3,6,12,13],"killed_by":"Hexaghost","ascension_level":12}