{"gold_per_floor":[12,187,60,60,60,95,95,105,182,199,199,217,249,268,268,370,370,381,37,37,56,30,30,41,71,71,71,82,82,97,97,97,97],"floor_reached":33,"playtime":2415,"items_purged":["Strike_R","Defend_R"],"score":275,"play_id":"899fc211-3465-4618-83fc-03cbe36b073a","local_time":"20181209163817","is_ascension_mode":false,"campfire_choices":[{"data":"True Grit","floor":7,"key":"SMITH"},{"data":"Perfected Strike","floor":11,"key":"SMITH"},{"data":"Heavy Blade","floor":15,"key":"SMITH"},{"data":"Searing Blow","floor":23,"key":"SMITH"},{"data":"Searing Blow+1","floor":27,"key":"SMITH"},{"data":"RitualDagger","floor":32,"key":"SMITH"}],"neow_cost":"NO_GOLD","seed_source_timestamp":420844596326508,"circlet_count":0,"master_deck":["Strike_R","Strike_R","Strike_R","Strike_R","Defend_R","Defend_R","Bash","True Grit+1","Doubt","Headbutt","Bash","Doubt","Blind","Thunderclap","Perfected Strike+1","Battle Trance","Heavy Blade+1","Rage+1","Berserk","Rupture","Bandage Up+1","Searing Blow+2","Armaments+1","Cleave+1","Entrench+1","Headbutt","RitualDagger+1"],"relics":["Burning Blood","Du-Vu Doll","Omamori","Mummified Hand","Toxic Egg 2","Busted Crown","Membership Card","Question Card","Pantograph"],"potions_floor_usage":[16,16,16,18,18,25,25,25,33],"damage_taken":[{"damage":17,"enemies":"Small Slimes","floor":1,"turns":3},{"damage":37,"enemies":"Lagavulin","floor":6,"turns":7},{"damage":1,"enemies":"2 Louse","floor":8,"turns":3},{"damage":0,"enemies":"Cultist","floor":10,"turns":2},{"damage":2,"enemies":"Looter","floor":12,"turns":3},{"damage":14,"enemies":"3 Sentries","floor":13,"turns":7},{"damage":0,"enemies":"Large Slime","floor":14,"turns":4},{"damage":40,"enemies":"Slime Boss","floor":16,"turns":12},{"damage":11,"enemies":"Chosen","floor":18,"turns":4},{"damage":33,"enemies":"3 Byrds","floor":21,"turns":5},{"damage":25,"enemies":"Snecko","floor":24,"turns":5},{"damage":15,"enemies":"Book of Stabbing","floor":25,"turns":4},{"damage":10,"enemies":"Chosen and Byrds","floor":28,"turns":4},{"damage":28,"enemies":"Shelled Parasite and Fungi","floor":30,"turns":5},{"damage":113,"enemies":"Automaton","floor":33,"turns":6}],"seed_played":"5651752432846063312","potions_obtained":[{"floor":8,"key":"Block Potion"},{"floor":10,"key":"SpeedPotion"},{"floor":12,"key":"SkillPotion"},{"floor":16,"key":"EntropicBrew"},{"floor":21,"key":"Strength Potion"},{"floor":24,"key":"Strength Potion"},{"floor":30,"key":"Energy Potion"}],"is_trial":false,"path_per_floor":["M","?","$","?","?","E","R","M","T","M","R","M","E","M","R","B",null,"M","$","?","M","$","R","M","E","T","R","M","?","M","?","R","B"],"character_chosen":"IRONCLAD","items_purchased":["Headbutt","Membership Card","Rupture","Bandage Up+1","Searing Blow","Armaments+1"],"campfire_rested":0,"item_purchase_floors":[3,19,19,19,19,22],"current_hp_per_floor":[69,69,69,69,69,38,38,43,43,49,49,53,45,51,51,17,80,80,80,80,59,59,59,46,43,43,43,45,45,29,23,23,0],"gold":97,"neow_bonus":"ONE_RARE_RELIC","is_prod":false,"is_daily":false,"chose_seed":false,"campfire_upgraded":6,"win_rate":0.0,"timestamp":1544398697,"path_taken":["M","?","$","?","?","E","R","M","T","M","R","?","E","M","R","BOSS","M","$","?","M","$","R","M","E","T","R","M","?","M","?","R","BOSS"],"build_version":"2018-12-06","purchased_purges":2,"victory":false,"max_hp_per_floor":[80,80,80,80,80,80,80,80,80,80,80,80,80,80,80,80,80,80,80,80,80,80,80,80,80,80,80,80,80,80,80,80,80],"card_choices":[{"not_picked":["Reckless Charge","Clothesline"],"picked":"True Grit","floor":1},{"not_picked":["Reckless Charge","Body Slam"],"picked":"Thunderclap","floor":6},{"not_picked":["Armaments","Iron Wave"],"picked":"Perfected Strike","floor":8},{"not_picked":["Flame Barrier","Flex"],"picked":"Battle Trance","floor":10},{"not_picked":["Carnage","Shockwave"],"picked":"Heavy Blade","floor":12},{"not_picked":["Offering","Second Wind","Uppercut"],"picked":"SKIP","floor":13},{"not_picked":["Anger","Sword Boomerang"],"picked":"Rage+1","floor":14},{"not_picked":["Brutality","Fiend Fire"],"picked":"Berserk","floor":16},{"not_picked":["Clothesline"],"picked":"SKIP","floor":18},{"not_picked":["Blood for Blood"],"picked":"SKIP","floor":21},{"not_picked":["Shockwave+1"],"picked":"SKIP","floor":24},{"not_picked":[],"picked":"Cleave+1","floor":25},{"not_picked":["Shockwave+1"],"picked":"Entrench+1","floor":28},{"not_picked":["Perfected Strike"],"picked":"Headbutt","floor":30}],"player_experience":34276,"relics_obtained":[{"floor":6,"key":"Omamori"},{"floor":9,"key":"Mummified Hand"},{"floor":13,"key":"Toxic Egg 2"},{"floor":25,"key":"Question Card"},{"floor":26,"key":"Pantograph"}],"event_choices":[{"damage_healed":0,"gold_gain":175,"player_choice":"AGREE","damage_taken":0,"max_hp_gain":0,"max_hp_loss":0,"event_name":"Liars Game","floor":2,"gold_loss":0,"cards_obtained":["Doubt"]},{"cards_removed":["Defend_R"],"damage_healed":0,"gold_gain":0,"player_choice":"Forget","damage_taken":0,"max_hp_gain":0,"max_hp_loss":0,"event_name":"Living Wall","floor":4,"gold_loss":0},{"damage_healed":0,"gold_gain":0,"player_choice":"3 cards matched","damage_taken":0,"max_hp_gain":0,"max_hp_loss":0,"event_name":"Match and Keep!","floor":5,"gold_loss":0,"cards_obtained":["Bash","Doubt","Blind"]},{"damage_healed":0,"gold_gain":0,"player_choice":"Ignored","damage_taken":0,"max_hp_gain":0,"max_hp_loss":0,"event_name":"Ghosts","floor":20,"gold_loss":0},{"damage_healed":0,"gold_gain":0,"player_choice":"Smashed Altar","damage_taken":0,"max_hp_gain":0,"max_hp_loss":0,"event_name":"Forgotten Altar","floor":29,"gold_loss":0,"cards_obtained":["Decay"]},{"damage_healed":0,"gold_gain":0,"player_choice":"Joined the Cult","damage_taken":6,"max_hp_gain":0,"max_hp_loss":0,"event_name":"Nest","floor":31,"gold_loss":0,"cards_obtained":["RitualDagger"]}],"is_beta":false,"boss_relics":[{"not_picked":["Snecko Eye","Fusion Hammer"],"picked":"Busted Crown"}],"items_purged_floors":[3,19],"is_endless":false,"potions_floor_spawned":[8,10,12,16,21,24,30],"killed_by":"Automaton","ascension_level":0}