{"gold_per_floor":[118,132,132,142,153,153,169,186,210,224,224,224,294,306,306,406,406,425,437,451,471,254,254,267,279,279,297,307,317,317,332,332,332],"floor_reached":33,"playtime":2719,"items_purged":[],"score":326,"play_id":"25734bdc-fcda-4ded-80a2-959f1c6c1633","local_time":"20190808204751","is_ascension_mode":false,"campfire_choices":[{"data":"Perfected Strike","floor":6.0,"key":"SMITH"},{"data":"Seeing Red","floor":11.0,"key":"SMITH"},{"data":"Perfected Strike","floor":15.0,"key":"SMITH"},{"floor":23.0,"key":"REST"},{"floor":30,"key":"REST"},{"data":"Deep Breath","floor":32,"key":"SMITH"}],"neow_cost":"NONE","seed_source_timestamp":2423917461309271,"circlet_count":0,"master_deck":["Strike_R","Strike_R","Strike_R","Strike_R","Strike_R","Defend_R","Defend_R","Defend_R","Defend_R","Bash","Flex+1","Pommel Strike","Deep Breath+1","Battle Trance+1","Perfected Strike+1","Iron Wave","Seeing Red+1","Perfected Strike+1","Twin Strike","Feed","Pommel Strike","Headbutt","Power Through","Warcry","Flex","True Grit","Flex","Twin Strike","Entrench+1","Corruption","Pommel Strike","Wild Strike"],"special_seed":0,"relics":["Black Blood","Boot","Pear","Vajra","War Paint"],"potions_floor_usage":[25,33],"damage_taken":[{"damage":1.0,"enemies":"2 Louse","floor":1.0,"turns":3.0},{"damage":9.0,"enemies":"Small Slimes","floor":2.0,"turns":5.0},{"damage":5.0,"enemies":"Jaw Worm","floor":4.0,"turns":4.0},{"damage":3.0,"enemies":"Gremlin Gang","floor":5.0,"turns":7.0},{"damage":4.0,"enemies":"Blue Slaver","floor":7.0,"turns":3.0},{"damage":0.0,"enemies":"Large Slime","floor":8.0,"turns":3.0},{"damage":1.0,"enemies":"Exordium Wildlife","floor":10.0,"turns":3.0},{"damage":5.0,"enemies":"Exordium Thugs","floor":14.0,"turns":3.0},{"damage":0.0,"enemies":"Slime Boss","floor":16.0,"turns":5.0},{"damage":0.0,"enemies":"Shell Parasite","floor":18.0,"turns":3.0},{"damage":10.0,"enemies":"2 Thieves","floor":19.0,"turns":3.0},{"damage":19.0,"enemies":"Shelled Parasite and Fungi","floor":20.0,"turns":3.0},{"damage":37.0,"enemies":"3 Cultists","floor":21.0,"turns":5.0},{"damage":4.0,"enemies":"Snake Plant","floor":24.0,"turns":3.0},{"damage":4,"enemies":"Cultist and Chosen","floor":25,"turns":6},{"damage":16,"enemies":"Chosen and Byrds","floor":27,"turns":5},{"damage":31,"enemies":"Snake Plant","floor":28,"turns":4},{"damage":27,"enemies":"Centurion and Healer","floor":29,"turns":5},{"damage":8,"enemies":"Snecko","floor":31,"turns":3},{"damage":105,"enemies":"Automaton","floor":33,"turns":6}],"seed_played":"-8587719718195508407","potions_obtained":[{"floor":1.0,"key":"Swift Potion"},{"floor":2.0,"key":"SkillPotion"},{"floor":5.0,"key":"Swift Potion"},{"floor":14.0,"key":"SpeedPotion"},{"floor":18.0,"key":"SkillPotion"},{"floor":27,"key":"Poison Potion"},{"floor":29,"key":"Strength Potion"}],"is_trial":false,"path_per_floor":["M","M","?","M","M","R","M","M","T","M","R","?","T","M","R","B",null,"M","M","M","M","$","R","M","M","T","M","M","M","R","M","R","B"],"character_chosen":"IRONCLAD","items_purchased":["Vajra","Flex","True Grit"],"campfire_rested":2,"item_purchase_floors":[22,22,22],"current_hp_per_floor":[80,77,77,78,80,80,80,80,80,80,80,80,90,90,90,90,90,90,90,84,60,60,88,97,102,102,96,75,58,88,90,90,0],"gold":332,"neow_bonus":"RANDOM_COLORLESS","is_prod":false,"is_daily":false,"chose_seed":false,"campfire_upgraded":4,"win_rate":0.0,"timestamp":1565315271,"path_taken":["M","M","?","M","M","R","M","M","T","M","R","?","?","M","R","BOSS","M","M","M","M","$","R","M","?","T","M","M","M","R","M","R","BOSS"],"build_version":"2019-07-17","purchased_purges":0,"victory":false,"max_hp_per_floor":[80,80,80,80,80,80,80,80,80,80,80,80,90,90,90,90,90,90,90,93,96,96,96,99,102,102,102,102,102,102,102,102,102],"card_choices":[{"not_picked":["Intimidate","Warcry"],"picked":"Flex","floor":1.0},{"not_picked":["True Grit","Clothesline"],"picked":"Pommel Strike","floor":2.0},{"not_picked":["Second Wind","Armaments"],"picked":"Battle Trance","floor":4.0},{"not_picked":["Pommel Strike","Thunderclap"],"picked":"Perfected Strike","floor":5.0},{"not_picked":["Second Wind","Headbutt"],"picked":"Iron Wave","floor":7.0},{"not_picked":["Thunderclap","Bloodletting"],"picked":"Seeing Red","floor":8.0},{"not_picked":["Sword Boomerang","Clash"],"picked":"Perfected Strike","floor":10.0},{"not_picked":["Fire Breathing","Flame Barrier"],"picked":"Twin Strike","floor":14.0},{"not_picked":["Limit Break","Offering"],"picked":"Feed","floor":16.0},{"not_picked":["True Grit","Combust"],"picked":"Pommel Strike","floor":18.0},{"not_picked":["Clothesline+1","Dropkick"],"picked":"Headbutt","floor":19.0},{"not_picked":["Sword Boomerang","Shockwave"],"picked":"Power Through","floor":20.0},{"not_picked":["Heavy Blade","Headbutt+1"],"picked":"Warcry","floor":21.0},{"not_picked":["Cleave","Body Slam"],"picked":"Flex","floor":24.0},{"not_picked":["True Grit","Heavy Blade+1"],"picked":"Twin Strike","floor":25},{"not_picked":["Limit Break","Shrug It Off"],"picked":"Entrench+1","floor":27},{"not_picked":["Hemokinesis","Sword Boomerang"],"picked":"Corruption","floor":28},{"not_picked":["Thunderclap","Headbutt"],"picked":"Pommel Strike","floor":29},{"not_picked":["Flex+1","Clothesline+1"],"picked":"Wild Strike","floor":31}],"player_experience":70317,"relics_obtained":[{"floor":9.0,"key":"Boot"},{"floor":13.0,"key":"Pear"},{"floor":26,"key":"War Paint"}],"event_choices":[{"damage_healed":0.0,"max_hp_gain":0.0,"max_hp_loss":0.0,"gold_gain":0.0,"cards_transformed":["Purity"],"event_name":"Living Wall","player_choice":"Change","floor":3.0,"gold_loss":0.0,"damage_taken":0.0,"cards_obtained":["Deep Breath"]},{"damage_healed":0.0,"max_hp_gain":0.0,"max_hp_loss":0.0,"gold_gain":0.0,"event_name":"The Cleric","player_choice":"Leave","floor":12.0,"gold_loss":0.0,"damage_taken":0.0}],"is_beta":false,"boss_relics":[{"not_picked":["Runic Pyramid","Coffee Dripper"],"picked":"Black Blood"}],"items_purged_floors":[],"is_endless":false,"potions_floor_spawned":[1,2,5,14,18,27,29],"killed_by":"Automaton","ascension_level":0}