{"gold_per_floor":[111,111,124,0,11,11,45,60,86,133,133,133,144,154,154,255,255,273,273,287,297,297,297,297],"floor_reached":24,"playtime":5054,"items_purged":["Strike_R"],"score":297,"play_id":"ba0537b8-9707-4cd4-99ae-1bdd7c1b86ba","local_time":"20190324192152","is_ascension_mode":true,"campfire_choices":[{"data":"Bash","floor":6,"key":"SMITH"},{"floor":12,"key":"REST"},{"floor":15,"key":"REST"},{"data":"Body Slam","floor":23,"key":"SMITH"}],"neow_cost":"NONE","seed_source_timestamp":74220083521263,"circlet_count":0,"master_deck":["AscendersBane","Strike_R","Strike_R","Strike_R","Defend_R+1","Defend_R","Defend_R","Bash+1","Body Slam+1","Disarm+1","Armaments+1","Pommel Strike","Pommel Strike","Evolve","Sword Boomerang","Barricade","Fire Breathing","Offering","Iron Wave+1","Dual Wield"],"relics":["Burning Blood","NeowsBlessing","Potion Belt","War Paint","Oddly Smooth Stone","Coffee Dripper"],"potions_floor_usage":[7,14,24],"damage_taken":[{"damage":0,"enemies":"Small Slimes","floor":1,"turns":2},{"damage":0,"enemies":"Cultist","floor":3,"turns":1},{"damage":0,"enemies":"Jaw Worm","floor":5,"turns":1},{"damage":42,"enemies":"Lagavulin","floor":7,"turns":8},{"damage":33,"enemies":"Gremlin Gang","floor":8,"turns":7},{"damage":9,"enemies":"2 Fungi Beasts","floor":13,"turns":4},{"damage":32,"enemies":"Lots of Slimes","floor":14,"turns":6},{"damage":3,"enemies":"Hexaghost","floor":16,"turns":11},{"damage":9,"enemies":"Chosen","floor":18,"turns":4},{"damage":6,"enemies":"3 Byrds","floor":20,"turns":6},{"damage":23,"enemies":"Cultist and Chosen","floor":21,"turns":9},{"damage":36,"enemies":"Colosseum Slavers","floor":22,"turns":5},{"damage":32,"enemies":"Slavers","floor":24,"turns":1}],"seed_played":"980928127253907169","potions_obtained":[{"floor":1,"key":"SpeedPotion"},{"floor":3,"key":"SkillPotion"},{"floor":21,"key":"Fruit Juice"}],"is_trial":false,"path_per_floor":["M","?","M","$","M","R","E","M","T","T","?","R","M","M","R","B",null,"M","?","M","M","?","R","E"],"character_chosen":"IRONCLAD","items_purchased":["Armaments"],"campfire_rested":2,"item_purchase_floors":[4],"current_hp_per_floor":[78,78,80,80,80,80,44,17,17,17,17,41,38,12,36,39,70,67,67,67,50,20,20,0],"gold":297,"neow_bonus":"THREE_ENEMY_KILL","is_prod":false,"is_daily":false,"chose_seed":false,"campfire_upgraded":2,"win_rate":0,"timestamp":1553480512,"path_taken":["M","?","M","$","?","R","E","M","T","?","?","R","?","M","R","BOSS","M","?","M","?","?","R","E"],"build_version":"2019-01-23","purchased_purges":1,"victory":false,"max_hp_per_floor":[80,80,80,80,80,80,80,80,80,80,80,80,80,80,80,80,80,80,80,80,80,80,80,85],"card_choices":[{"not_picked":["Bloodletting","Twin Strike"],"picked":"Body Slam","floor":1},{"not_picked":["Rupture","Heavy Blade"],"picked":"Disarm","floor":3},{"not_picked":["Sword Boomerang","Havoc"],"picked":"Pommel Strike","floor":5},{"not_picked":["Fiend Fire","Clothesline"],"picked":"Pommel Strike","floor":7},{"not_picked":["Thunderclap","Havoc"],"picked":"Evolve","floor":8},{"not_picked":["Sever Soul","Burning Pact"],"picked":"Barricade","floor":13},{"not_picked":["Perfected Strike","Pommel Strike"],"picked":"Fire Breathing","floor":14},{"not_picked":["Barricade","Berserk"],"picked":"Offering","floor":16},{"not_picked":["Armaments","Warcry"],"picked":"Iron Wave+1","floor":18},{"not_picked":["Reckless Charge","Whirlwind+1"],"picked":"Dual Wield","floor":20},{"not_picked":["Infernal Blade+1","Battle Trance","Iron Wave"],"picked":"SKIP","floor":21}],"player_experience":519638,"relics_obtained":[{"floor":7,"key":"Potion Belt"},{"floor":9,"key":"War Paint"},{"floor":10,"key":"Oddly Smooth Stone"}],"event_choices":[{"cards_removed":["Defend_R"],"damage_healed":0,"gold_gain":0,"player_choice":"Card Removal","damage_taken":0,"max_hp_gain":0,"max_hp_loss":0,"event_name":"Wheel of Change","floor":2,"gold_loss":0},{"damage_healed":0,"gold_gain":0,"cards_transformed":["Strike_R"],"player_choice":"Transformed","damage_taken":0,"max_hp_gain":0,"max_hp_loss":0,"event_name":"Transmorgrifier","floor":11,"gold_loss":0,"cards_obtained":["Sword Boomerang"]},{"damage_healed":0,"gold_gain":0,"player_choice":"Upgraded","damage_taken":0,"max_hp_gain":0,"max_hp_loss":0,"event_name":"Upgrade Shrine","floor":19,"gold_loss":0,"cards_upgraded":["Armaments"]},{"damage_healed":0,"gold_gain":0,"player_choice":"Fight","damage_taken":0,"max_hp_gain":0,"max_hp_loss":0,"event_name":"Colosseum","floor":22,"gold_loss":0},{"damage_healed":0,"gold_gain":0,"player_choice":"Fled From Nobs","damage_taken":0,"max_hp_gain":0,"max_hp_loss":0,"event_name":"Colosseum","floor":22,"gold_loss":0}],"is_beta":false,"boss_relics":[{"not_picked":["Empty Cage","Tiny House"],"picked":"Coffee Dripper"}],"items_purged_floors":[4],"is_endless":false,"potions_floor_spawned":[1,3,21,22],"killed_by":"Slavers","ascension_level":10}