{"gold_per_floor":[111,131,58,133,144,169,188,188,215,215,229,229,229,241,241,340,340,351,104,114,134,147,147,147],"floor_reached":24,"playtime":1905,"items_purged":[],"score":200,"play_id":"91e8a782-bfb3-4961-82e1-eb03d85effb0","local_time":"20190705172954","is_ascension_mode":false,"campfire_choices":[{"data":"Searing Blow","floor":10,"key":"SMITH"},{"data":"Searing Blow+1","floor":12,"key":"SMITH"},{"floor":15,"key":"REST"},{"floor":23,"key":"REST"}],"neow_cost":"NONE","seed_source_timestamp":719634699676080,"circlet_count":0,"master_deck":["Strike_R+1","Strike_R","Strike_R","Strike_R","Strike_R","Defend_R","Defend_R","Defend_R","Defend_R","Bash","Heavy Blade","Rampage","Carnage","Clothesline","Searing Blow+2","Blood for Blood","Parasite","Reaper","Thunderclap","Berserk+1","Flame Barrier","Inflame+1","Armaments","Inflame+1","Perfected Strike"],"relics":["Burning Blood","Strawberry","Pen Nib","Frozen Egg 2","Runic Cube","Chemical X"],"potions_floor_usage":[6,16,16,16,16,20,24,24],"damage_taken":[{"damage":6,"enemies":"Cultist","floor":1,"turns":3},{"damage":10,"enemies":"Jaw Worm","floor":2,"turns":4},{"damage":12,"enemies":"Small Slimes","floor":5,"turns":2},{"damage":22,"enemies":"3 Sentries","floor":6,"turns":6},{"damage":17,"enemies":"Exordium Wildlife","floor":7,"turns":3},{"damage":5,"enemies":"Exordium Thugs","floor":11,"turns":4},{"damage":17,"enemies":"Gremlin Gang","floor":14,"turns":3},{"damage":66,"enemies":"Slime Boss","floor":16,"turns":10},{"damage":15,"enemies":"Chosen","floor":18,"turns":5},{"damage":33,"enemies":"3 Byrds","floor":20,"turns":3},{"damage":18,"enemies":"Snake Plant","floor":21,"turns":3},{"damage":39,"enemies":"Chosen and Byrds","floor":22,"turns":5},{"damage":69,"enemies":"Slavers","floor":24,"turns":4}],"seed_played":"488887331476336637","potions_obtained":[{"floor":2,"key":"Fire Potion"},{"floor":5,"key":"EntropicBrew"},{"floor":6,"key":"SkillPotion"},{"floor":7,"key":"Block Potion"},{"floor":14,"key":"Ancient Potion"},{"floor":20,"key":"Poison Potion"},{"floor":21,"key":"SpeedPotion"},{"floor":22,"key":"SteroidPotion"}],"is_trial":false,"path_per_floor":["M","M","$","?","M","E","M","?","T","R","M","R","T","M","R","B",null,"M","$","M","M","M","R","E"],"character_chosen":"IRONCLAD","items_purchased":["Carnage","Chemical X","Inflame+1"],"campfire_rested":2,"item_purchase_floors":[3,19,19],"current_hp_per_floor":[80,76,76,65,59,50,39,60,60,60,61,61,61,50,76,28,87,78,78,57,45,18,44,0],"gold":147,"neow_bonus":"UPGRADE_CARD","is_prod":false,"is_daily":false,"chose_seed":false,"campfire_upgraded":2,"win_rate":0.0,"timestamp":1562344194,"path_taken":["M","M","?","?","M","E","M","?","T","R","?","R","?","M","R","BOSS","M","$","M","M","M","R","E"],"build_version":"2019-07-01","purchased_purges":0,"victory":false,"max_hp_per_floor":[80,80,80,80,80,87,87,87,87,87,87,87,87,87,87,87,87,87,87,87,87,87,87,87],"card_choices":[{"not_picked":["Iron Wave","Corruption"],"picked":"Heavy Blade","floor":1},{"not_picked":["Warcry","Flex"],"picked":"Rampage","floor":2},{"not_picked":["Sword Boomerang","True Grit"],"picked":"Clothesline","floor":5},{"not_picked":["Bloodletting","Juggernaut"],"picked":"Searing Blow","floor":6},{"not_picked":["Anger","Flex"],"picked":"Blood for Blood","floor":7},{"not_picked":["Perfected Strike","Heavy Blade"],"picked":"Reaper","floor":11},{"not_picked":["Clothesline","Reckless Charge"],"picked":"Thunderclap","floor":14},{"not_picked":["Fiend Fire","Feed"],"picked":"Berserk+1","floor":16},{"not_picked":["Perfected Strike","Hemokinesis+1"],"picked":"Flame Barrier","floor":18},{"not_picked":["Hemokinesis","Sword Boomerang+1"],"picked":"Armaments","floor":20},{"not_picked":["Thunderclap","Carnage+1"],"picked":"Inflame+1","floor":21},{"not_picked":["Twin Strike","Pummel"],"picked":"Perfected Strike","floor":22}],"player_experience":13215,"relics_obtained":[{"floor":6,"key":"Strawberry"},{"floor":9,"key":"Pen Nib"},{"floor":13,"key":"Frozen Egg 2"}],"event_choices":[{"damage_healed":0,"gold_gain":75,"player_choice":"Gather Gold","damage_taken":11,"max_hp_gain":0,"max_hp_loss":0,"event_name":"World of Goop","floor":4,"gold_loss":0},{"damage_healed":21,"gold_gain":0,"player_choice":"Healed and dodged fight","damage_taken":0,"max_hp_gain":0,"max_hp_loss":0,"event_name":"Mushrooms","floor":8,"gold_loss":0,"cards_obtained":["Parasite"]}],"is_beta":false,"boss_relics":[{"not_picked":["Ectoplasm","Fusion Hammer"],"picked":"Runic Cube"}],"items_purged_floors":[],"is_endless":false,"potions_floor_spawned":[2,5,6,7,14,20,21,22],"killed_by":"Slavers","ascension_level":0}