{"gold_per_floor":[115,290,309,28,28,28,57,74,74,74,138,149,179,190,190,288,288,308,336,336,38,38,38,53,72,72,72,84,98,98,126,126,231,231,241,252,272,272,494,494,522,522,573,573,620,637,547,467,467,467,467,467,37,71,71],"floor_reached":56,"playtime":2638,"items_purged":["Doubt"],"score":1268,"play_id":"bcb62710-dbd4-466a-a8bc-e690345d0c85","local_time":"20190812204720","is_ascension_mode":false,"campfire_choices":[{"data":"Capacitor","floor":6,"key":"SMITH"},{"floor":10,"key":"RECALL"},{"floor":15,"key":"REST"},{"data":"Apotheosis","floor":23,"key":"SMITH"},{"data":"Electrodynamics","floor":27,"key":"SMITH"},{"data":"Capacitor","floor":30,"key":"SMITH"},{"data":"Loop","floor":32,"key":"SMITH"},{"data":"Echo Form","floor":40,"key":"SMITH"},{"data":"Echo Form","floor":42,"key":"SMITH"},{"data":"Madness","floor":44,"key":"SMITH"},{"data":"Consume","floor":49,"key":"SMITH"},{"data":"Dualcast","floor":52,"key":"SMITH"}],"neow_cost":"NONE","seed_source_timestamp":123487525922656,"circlet_count":0,"master_deck":["Defend_B+1","Defend_B+1","Defend_B+1","Defend_B+1","Dualcast+1","Capacitor+1","Cold Snap","Loop+1","Cold Snap","Electrodynamics+1","Ball Lightning","Bite","Bite","Bite","Bite","Bite","Apotheosis+1","Capacitor+1","Echo Form+1","Echo Form+1","Madness+1","Madness+1","Consume+1","Heatsinks","Master of Strategy","Consume+1"],"relics":["FrozenCore","NeowsBlessing","DataDisk","Letter Opener","Mummified Hand","Dead Branch","Odd Mushroom","Red Mask","Emotion Chip","Ginger","Sozu","Bronze Scales","Turnip","Lantern","Pen Nib"],"potions_floor_usage":[11,11,14,14,16,16,18,18,55],"damage_taken":[{"damage":0,"enemies":"Small Slimes","floor":1,"turns":1},{"damage":0,"enemies":"Cultist","floor":3,"turns":1},{"damage":0,"enemies":"Lagavulin","floor":7,"turns":1},{"damage":7,"enemies":"2 Louse","floor":8,"turns":2},{"damage":27,"enemies":"Gremlin Nob","floor":11,"turns":5},{"damage":0,"enemies":"Looter","floor":12,"turns":4},{"damage":18,"enemies":"The Mushroom Lair","floor":13,"turns":3},{"damage":7,"enemies":"Large Slime","floor":14,"turns":6},{"damage":7,"enemies":"Hexaghost","floor":16,"turns":13},{"damage":5,"enemies":"2 Thieves","floor":18,"turns":5},{"damage":41,"enemies":"Masked Bandits","floor":19,"turns":5},{"damage":4,"enemies":"3 Byrds","floor":24,"turns":3},{"damage":3,"enemies":"Snake Plant","floor":25,"turns":5},{"damage":11,"enemies":"Centurion and Healer","floor":28,"turns":4},{"damage":0,"enemies":"3 Cultists","floor":29,"turns":3},{"damage":37,"enemies":"Gremlin Leader","floor":31,"turns":6},{"damage":6,"enemies":"Collector","floor":33,"turns":9},{"damage":10,"enemies":"3 Darklings","floor":35,"turns":3},{"damage":5,"enemies":"Orb Walker","floor":36,"turns":4},{"damage":22,"enemies":"Transient","floor":37,"turns":5},{"damage":12,"enemies":"Reptomancer","floor":41,"turns":5},{"damage":19,"enemies":"2 Orb Walkers","floor":45,"turns":6},{"damage":3,"enemies":"Jaw Worm Horde","floor":46,"turns":3},{"damage":23,"enemies":"Awakened One","floor":50,"turns":21},{"damage":17,"enemies":"Shield and Spear","floor":54,"turns":4},{"damage":15,"enemies":"The Heart","floor":55,"turns":7}],"seed_played":"-1113313588450940641","potions_obtained":[{"floor":1,"key":"AttackPotion"},{"floor":3,"key":"Ancient Potion"},{"floor":5,"key":"GamblersBrew"},{"floor":5,"key":"Fire Potion"},{"floor":5,"key":"EntropicBrew"},{"floor":12,"key":"SkillPotion"},{"floor":14,"key":"SkillPotion"},{"floor":18,"key":"Fruit Juice"},{"floor":24,"key":"SpeedPotion"},{"floor":25,"key":"FocusPotion"},{"floor":29,"key":"FairyPotion"}],"is_trial":false,"path_per_floor":["M","?","M","$","?","R","E","M","T","R","?","M","?","M","R","B",null,"M","?","?","$","?","R","M","M","T","R","M","M","R","E","R","B",null,"M","M","M","?","?","R","E","R","T","R","?","M","?","$","R","B",null,"R","$","E","B",null],"character_chosen":"DEFECT","items_purchased":["DataDisk","Capacitor","Cold Snap","Apotheosis","Capacitor","Consume","Heatsinks","Lantern","Master of Strategy"],"campfire_rested":1,"item_purchase_floors":[4,4,4,21,21,48,53,53,53],"current_hp_per_floor":[75,75,75,75,75,75,75,68,68,68,41,41,23,16,38,46,75,75,34,34,34,34,34,41,56,56,56,54,56,56,43,43,50,56,54,51,56,49,49,49,56,56,56,56,43,45,45,45,45,56,56,56,56,48,52],"gold":71,"neow_bonus":"THREE_ENEMY_KILL","is_prod":false,"is_daily":false,"chose_seed":false,"campfire_upgraded":10,"win_rate":0,"timestamp":1565635640,"path_taken":["M","?","M","$","?","R","E","?","T","R","?","M","?","M","R","BOSS","M","?","?","$","?","R","M","M","T","R","M","M","R","E","R","BOSS","M","M","M","?","?","R","E","R","T","R","?","M","?","$","R","BOSS","R","$","E","BOSS"],"build_version":"2019-07-18","purchased_purges":1,"victory":true,"max_hp_per_floor":[75,75,75,75,75,75,75,75,75,75,75,75,75,75,75,75,75,80,80,56,56,56,56,56,56,56,56,56,56,56,56,56,56,56,56,56,56,56,56,56,56,56,56,56,56,56,56,56,56,56,56,56,56,56,56],"card_choices":[{"not_picked":["BootSequence","Redo","Beam Cell"],"picked":"SKIP","floor":1},{"not_picked":["Darkness","Go for the Eyes","Barrage"],"picked":"SKIP","floor":3},{"not_picked":["Compile Driver","Recycle","Buffer"],"picked":"SKIP","floor":7},{"not_picked":["Compile Driver","Gash","Double Energy"],"picked":"SKIP","floor":8},{"not_picked":["Redo","Turbo"],"picked":"Loop","floor":11},{"not_picked":["Compile Driver","Steam","Doom and Gloom"],"picked":"SKIP","floor":12},{"not_picked":["Reprogram","Beam Cell"],"picked":"Cold Snap","floor":14},{"not_picked":["Reboot","Thunder Strike"],"picked":"Electrodynamics","floor":16},{"not_picked":["Beam Cell","Leap"],"picked":"Ball Lightning","floor":18},{"not_picked":["Gash+1","Heatsinks+1"],"picked":"Echo Form","floor":24},{"not_picked":["Heatsinks","Turbo","Streamline+1"],"picked":"SKIP","floor":25},{"not_picked":["Doom and Gloom+1","Sweeping Beam","Skim"],"picked":"SKIP","floor":28},{"not_picked":["Beam Cell+1","Double Energy","Barrage"],"picked":"SKIP","floor":29},{"not_picked":["Static Discharge","Gash","Barrage"],"picked":"SKIP","floor":31},{"not_picked":["Core Surge","Buffer"],"picked":"Echo Form","floor":33},{"not_picked":["Go for the Eyes+1","Coolheaded+1","Hello World"],"picked":"SKIP","floor":35},{"not_picked":["Barrage+1","Fusion","Genetic Algorithm"],"picked":"SKIP","floor":36},{"not_picked":["Redo+1","Undo","Conserve Battery+1"],"picked":"SKIP","floor":37},{"not_picked":["Leap+1","Barrage","Cold Snap+1"],"picked":"SKIP","floor":41},{"not_picked":["Rip and Tear+1","Sweeping Beam","Ball Lightning"],"picked":"SKIP","floor":46},{"not_picked":["Go for the Eyes","Stack"],"picked":"Consume+1","floor":54}],"player_experience":594812,"relics_obtained":[{"floor":7,"key":"Letter Opener"},{"floor":9,"key":"Mummified Hand"},{"floor":11,"key":"Dead Branch"},{"floor":13,"key":"Odd Mushroom"},{"floor":19,"key":"Red Mask"},{"floor":26,"key":"Emotion Chip"},{"floor":31,"key":"Ginger"},{"floor":41,"key":"Bronze Scales"},{"floor":45,"key":"Turnip"},{"floor":54,"key":"Pen Nib"}],"event_choices":[{"damage_healed":0,"gold_gain":175,"player_choice":"AGREE","damage_taken":0,"max_hp_gain":0,"max_hp_loss":0,"event_name":"Liars Game","floor":2,"gold_loss":0,"cards_obtained":["Doubt"]},{"damage_healed":0,"gold_gain":0,"player_choice":"Got Potions","damage_taken":0,"max_hp_gain":0,"max_hp_loss":0,"event_name":"Lab","floor":5,"gold_loss":0},{"damage_healed":0,"gold_gain":0,"player_choice":"Searched \u00271\u0027 times","damage_taken":0,"max_hp_gain":0,"max_hp_loss":0,"event_name":"Dead Adventurer","floor":11,"gold_loss":0},{"damage_healed":0,"gold_gain":0,"player_choice":"Fought Mushrooms","damage_taken":0,"max_hp_gain":0,"max_hp_loss":0,"event_name":"Mushrooms","floor":13,"gold_loss":0},{"damage_healed":0,"gold_gain":0,"player_choice":"Fought Bandits","damage_taken":0,"max_hp_gain":0,"max_hp_loss":0,"event_name":"Masked Bandits","floor":19,"gold_loss":0},{"damage_healed":0,"gold_gain":0,"player_choice":"Became a vampire","damage_taken":0,"max_hp_gain":0,"max_hp_loss":24,"event_name":"Vampires","floor":20,"gold_loss":0,"cards_obtained":["Bite","Bite","Bite","Bite","Bite"]},{"damage_healed":0,"gold_gain":0,"player_choice":"Simplicity","damage_taken":0,"max_hp_gain":0,"max_hp_loss":0,"event_name":"Back to Basics","floor":22,"gold_loss":0,"cards_upgraded":["Defend_B","Defend_B","Defend_B","Defend_B"]},{"damage_healed":0,"gold_gain":0,"player_choice":"Embrace Madness","damage_taken":7,"max_hp_gain":0,"max_hp_loss":0,"event_name":"Winding Halls","floor":38,"gold_loss":0,"cards_obtained":["Madness","Madness"]},{"damage_healed":0,"gold_gain":222,"player_choice":"Wore Mask","damage_taken":0,"max_hp_gain":0,"max_hp_loss":0,"event_name":"Tomb of Lord Red Mask","floor":39,"gold_loss":0},{"damage_healed":0,"gold_gain":0,"player_choice":"Fight","damage_taken":0,"max_hp_gain":0,"max_hp_loss":0,"event_name":"Mysterious Sphere","floor":45,"gold_loss":0},{"cards_removed":["Zap"],"damage_healed":0,"gold_gain":0,"player_choice":"Upgrade and Remove","damage_taken":0,"max_hp_gain":0,"max_hp_loss":0,"event_name":"Designer","floor":47,"gold_loss":90,"cards_upgraded":["Madness"]}],"is_beta":true,"boss_relics":[{"not_picked":["Orrery","Astrolabe"],"picked":"FrozenCore"},{"not_picked":["Inserter","Runic Dome"],"picked":"Sozu"}],"items_purged_floors":[21],"is_endless":false,"potions_floor_spawned":[1,3,12,14,18,24,25,29,37,45,46],"ascension_level":0}