{"gold_per_floor":[117,117,131,142,142,142,10,42,117,117,129,129,147,162,162,262,262,276,294,294],"floor_reached":20,"playtime":1307,"items_purged":[],"score":255,"play_id":"d0296a42-18be-45ec-98ca-e07ba085cef1","local_time":"20190317114500","is_ascension_mode":true,"campfire_choices":[{"data":"Iron Wave","floor":6,"key":"SMITH"},{"floor":10,"key":"REST"},{"data":"Evolve","floor":12,"key":"SMITH"},{"floor":15,"key":"REST"}],"neow_cost":"NONE","seed_source_timestamp":304940676949293,"circlet_count":0,"master_deck":["Strike_R","Strike_R","Strike_R","Strike_R","Defend_R+1","Defend_R","Bash","Wild Strike","Iron Wave+1","Decay","Armaments+1","Evolve+1","Iron Wave","Thunderclap","Reaper","Brutality+1","Iron Wave+1","Brutality+1","True Grit+1"],"relics":["Busted Crown","War Paint","Astrolabe"],"potions_floor_usage":[13,16,16,16],"damage_taken":[{"damage":0,"enemies":"Small Slimes","floor":1,"turns":4},{"damage":5,"enemies":"2 Louse","floor":3,"turns":2},{"damage":0,"enemies":"Cultist","floor":4,"turns":3},{"damage":32,"enemies":"Lagavulin","floor":8,"turns":6},{"damage":17,"enemies":"Gremlin Gang","floor":11,"turns":6},{"damage":1,"enemies":"Exordium Wildlife","floor":13,"turns":3},{"damage":16,"enemies":"Exordium Thugs","floor":14,"turns":5},{"damage":19,"enemies":"Slime Boss","floor":16,"turns":7},{"damage":32,"enemies":"Chosen","floor":18,"turns":5},{"damage":24,"enemies":"Spheric Guardian","floor":19,"turns":6},{"damage":24,"enemies":"Centurion and Healer","floor":20,"turns":7}],"seed_played":"1112883021241465355","potions_obtained":[{"floor":3,"key":"Explosive Potion"},{"floor":4,"key":"LiquidBronze"},{"floor":11,"key":"Block Potion"},{"floor":13,"key":"SpeedPotion"},{"floor":18,"key":"Strength Potion"}],"is_trial":false,"path_per_floor":["M","?","M","M","?","R","$","E","T","R","M","R","M","M","R","B",null,"M","M","M"],"character_chosen":"IRONCLAD","items_purchased":["Armaments","Evolve","Iron Wave"],"campfire_rested":2,"item_purchase_floors":[7,7,7],"current_hp_per_floor":[72,65,60,60,60,60,60,28,28,52,35,35,34,18,42,23,66,34,15,0],"gold":294,"neow_bonus":"BOSS_RELIC","is_prod":false,"is_daily":false,"chose_seed":false,"campfire_upgraded":2,"win_rate":0,"timestamp":1552844700,"path_taken":["M","?","M","M","?","R","$","E","T","R","M","R","?","M","R","BOSS","M","M","?"],"build_version":"2019-01-23","purchased_purges":0,"victory":false,"max_hp_per_floor":[80,80,80,80,80,80,80,80,80,80,80,80,80,80,80,80,80,80,80,80],"card_choices":[{"not_picked":["Shrug It Off"],"picked":"SKIP","floor":1},{"not_picked":[],"picked":"Wild Strike","floor":3},{"not_picked":[],"picked":"Iron Wave","floor":4},{"not_picked":[],"picked":"Infernal Blade","floor":8},{"not_picked":[],"picked":"Thunderclap","floor":11},{"not_picked":["Heavy Blade"],"picked":"SKIP","floor":13},{"not_picked":["Anger"],"picked":"SKIP","floor":14},{"not_picked":[],"picked":"Reaper","floor":16},{"not_picked":[],"picked":"True Grit+1","floor":18},{"not_picked":["Twin Strike"],"picked":"SKIP","floor":19}],"player_experience":492914,"relics_obtained":[{"floor":8,"key":"War Paint"}],"event_choices":[{"cards_removed":["Defend_R"],"damage_healed":0,"gold_gain":0,"player_choice":"Card Removal","damage_taken":7,"max_hp_gain":0,"max_hp_loss":0,"event_name":"Golden Wing","floor":2,"gold_loss":0},{"damage_healed":0,"gold_gain":0,"player_choice":"Cursed","damage_taken":0,"max_hp_gain":0,"max_hp_loss":0,"event_name":"Wheel of Change","floor":5,"gold_loss":0,"cards_obtained":["Decay"]}],"is_beta":false,"boss_relics":[{"not_picked":["Fusion Hammer","Eternal Feather"],"picked":"Astrolabe"}],"items_purged_floors":[],"is_endless":false,"potions_floor_spawned":[3,4,11,13,18],"killed_by":"Centurion and Healer","ascension_level":9}