{"gold_per_floor":[111,125,143,9,9,9,44,44,44,63,94,106,132,132,132,235,235,247,42,54,70,84,84,117,117,117,117,151,165,190,202,202,306,306,326,340,340,354,372,372,382,382,382,413,427,24,40,58,58,58,58,58,58,84,84],"floor_reached":55,"playtime":5088,"items_purged":["Strike_G","Strike_G"],"score":870,"play_id":"26000114-3504-4016-ab85-7fd5744c6ee3","local_time":"20190813052234","is_ascension_mode":true,"campfire_choices":[{"floor":6.0,"key":"RECALL"},{"data":"Cloak And Dagger","floor":8.0,"key":"SMITH"},{"floor":15.0,"key":"REST"},{"floor":23.0,"key":"REST"},{"data":"Footwork","floor":25.0,"key":"SMITH"},{"floor":27.0,"key":"REST"},{"floor":32.0,"key":"REST"},{"data":"After Image","floor":40.0,"key":"SMITH"},{"floor":42.0,"key":"REST"},{"floor":49.0,"key":"REST"},{"data":"Accuracy","floor":52.0,"key":"SMITH"}],"neow_cost":"NONE","seed_source_timestamp":161579343465307,"circlet_count":0,"master_deck":["Strike_G","Strike_G+1","Strike_G+1","Defend_G","Defend_G","Defend_G","Defend_G","Defend_G","Survivor","Neutralize","Quick Slash","Cloak And Dagger+1","Accuracy+1","Infinite Blades","Acrobatics","After Image+1","Blade Dance","Envenom","Cloak And Dagger+1","Cloak And Dagger+1","Footwork+1","Backflip+1","Burst+1","PiercingWail+1","Blade Dance+1","A Thousand Cuts","Blur+1","Cloak And Dagger+1","Blur+1","Storm of Steel+1","Calculated Gamble+1","Backflip+1"],"special_seed":0,"relics":["Ring of the Serpent","Lantern","Nunchaku","Whetstone","Toxic Egg 2","WristBlade","Darkstone Periapt","Matryoshka","Red Mask","Shuriken","Mummified Hand","Bag of Preparation","Dream Catcher","Anchor","Boot","Pear"],"potions_floor_usage":[54,55],"damage_taken":[{"damage":0.0,"enemies":"Jaw Worm","floor":1.0,"turns":4.0},{"damage":1.0,"enemies":"Cultist","floor":2.0,"turns":4.0},{"damage":0.0,"enemies":"Small Slimes","floor":3.0,"turns":4.0},{"damage":27.0,"enemies":"3 Sentries","floor":7.0,"turns":11.0},{"damage":0.0,"enemies":"2 Fungi Beasts","floor":10.0,"turns":3.0},{"damage":16.0,"enemies":"Gremlin Nob","floor":11.0,"turns":5.0},{"damage":0.0,"enemies":"Gremlin Gang","floor":12.0,"turns":5.0},{"damage":11.0,"enemies":"3 Sentries","floor":13.0,"turns":6.0},{"damage":26.0,"enemies":"Slime Boss","floor":16.0,"turns":7.0},{"damage":1.0,"enemies":"Shell Parasite","floor":18.0,"turns":6.0},{"damage":24.0,"enemies":"Spheric Guardian","floor":20.0,"turns":5.0},{"damage":30.0,"enemies":"Snake Plant","floor":21.0,"turns":7.0},{"damage":0.0,"enemies":"Centurion and Healer","floor":22.0,"turns":5.0},{"damage":17.0,"enemies":"Book of Stabbing","floor":24.0,"turns":6.0},{"damage":1.0,"enemies":"Masked Bandits","floor":28.0,"turns":5.0},{"damage":9.0,"enemies":"Sentry and Sphere","floor":29.0,"turns":4.0},{"damage":42.0,"enemies":"Gremlin Leader","floor":30.0,"turns":5.0},{"damage":3.0,"enemies":"Snake Plant","floor":31.0,"turns":4.0},{"damage":19.0,"enemies":"Champ","floor":33.0,"turns":8.0},{"damage":0.0,"enemies":"3 Shapes","floor":35.0,"turns":3.0},{"damage":13.0,"enemies":"Orb Walker","floor":36.0,"turns":4.0},{"damage":10.0,"enemies":"Maw","floor":38.0,"turns":6.0},{"damage":12.0,"enemies":"4 Shapes","floor":39.0,"turns":4.0},{"damage":12.0,"enemies":"Writhing Mass","floor":41.0,"turns":6.0},{"damage":7.0,"enemies":"Nemesis","floor":44.0,"turns":5.0},{"damage":0.0,"enemies":"Spire Growth","floor":45.0,"turns":4.0},{"damage":0.0,"enemies":"3 Darklings","floor":47.0,"turns":5.0},{"damage":0.0,"enemies":"4 Shapes","floor":48.0,"turns":3.0},{"damage":1.0,"enemies":"Donu and Deca","floor":50.0,"turns":9.0},{"damage":14,"enemies":"Shield and Spear","floor":54,"turns":8},{"damage":104,"enemies":"The Heart","floor":55,"turns":6}],"seed_played":"8541555675515628317","potions_obtained":[{"floor":1.0,"key":"EssenceOfSteel"},{"floor":2.0,"key":"GhostInAJar"},{"floor":7.0,"key":"LiquidBronze"},{"floor":16.0,"key":"Regen Potion"},{"floor":18.0,"key":"Energy Potion"},{"floor":24.0,"key":"Energy Potion"},{"floor":29.0,"key":"Swift Potion"},{"floor":33.0,"key":"Strength Potion"},{"floor":35.0,"key":"Fire Potion"},{"floor":38.0,"key":"AttackPotion"},{"floor":41.0,"key":"GhostInAJar"},{"floor":44.0,"key":"Dexterity Potion"},{"floor":54,"key":"GhostInAJar"}],"is_trial":false,"path_per_floor":["M","M","M","$","?","R","E","R","T","M","E","M","E","T","R","B",null,"M","$","M","M","M","R","E","R","T","R","?","M","E","M","R","B",null,"M","M","?","M","M","R","M","R","T","E","M","$","M","M","R","B",null,"R","$","E","B"],"character_chosen":"THE_SILENT","items_purchased":["Infinite Blades","Acrobatics","Cloak And Dagger+1","Footwork","Anchor","Boot"],"campfire_rested":6,"item_purchase_floors":[4,4,19,19,46,46],"current_hp_per_floor":[77,76,76,76,76,76,49,49,49,49,33,33,22,22,45,19,77,76,76,60,30,30,53,36,36,36,59,58,49,7,4,27,8,77,77,64,64,54,42,42,30,53,53,46,46,46,46,46,69,68,77,77,77,73,0],"gold":84,"neow_bonus":"TEN_PERCENT_HP_BONUS","is_prod":false,"is_daily":false,"chose_seed":false,"campfire_upgraded":4,"win_rate":0,"timestamp":1565691754,"path_taken":["M","M","M","$","?","R","E","R","T","M","E","M","E","?","R","BOSS","M","$","?","M","M","R","E","R","T","R","?","M","E","M","R","BOSS","M","M","?","M","?","R","M","R","T","E","?","$","M","M","R","BOSS","R","$","E","BOSS"],"build_version":"2019-07-17","purchased_purges":2,"victory":false,"max_hp_per_floor":[77,77,77,77,77,77,77,77,77,77,77,77,77,77,77,77,77,77,77,77,77,77,77,77,77,77,77,77,77,77,77,77,77,77,77,77,77,77,77,77,77,77,77,77,77,77,77,77,77,77,77,77,77,87,87],"card_choices":[{"not_picked":["Deadly Poison","Prepared"],"picked":"Quick Slash","floor":1.0},{"not_picked":["Dagger Spray","Deflect"],"picked":"Cloak And Dagger","floor":2.0},{"not_picked":["Tactician","Malaise"],"picked":"Accuracy","floor":3.0},{"not_picked":["Eviscerate","Well Laid Plans","All Out Attack"],"picked":"SKIP","floor":7.0},{"not_picked":["Slice","Reflex","Flying Knee"],"picked":"SKIP","floor":10.0},{"not_picked":["Dagger Spray","Reflex"],"picked":"After Image","floor":11.0},{"not_picked":["Dagger Throw","Tactician"],"picked":"Blade Dance","floor":12.0},{"not_picked":["Eviscerate","Blade Dance","Backflip"],"picked":"SKIP","floor":13.0},{"not_picked":["Unload","Venomology+1"],"picked":"Envenom","floor":16.0},{"not_picked":["Deflect+1","Poisoned Stab+1"],"picked":"Cloak And Dagger+1","floor":18.0},{"not_picked":["Skewer+1","Reflex+1","Calculated Gamble+1"],"picked":"SKIP","floor":20.0},{"not_picked":["Infinite Blades","Dodge and Roll+1"],"picked":"Backflip+1","floor":21.0},{"not_picked":["Endless Agony","Dagger Spray+1","Poisoned Stab"],"picked":"SKIP","floor":22.0},{"not_picked":["All Out Attack+1","Storm of Steel+1"],"picked":"Burst+1","floor":24.0},{"not_picked":["Dash+1","Sucker Punch"],"picked":"PiercingWail+1","floor":28.0},{"not_picked":["Prepared+1","Deflect+1"],"picked":"Blade Dance+1","floor":29.0},{"not_picked":["Outmaneuver+1","Burst+1","Blade Dance+1"],"picked":"SKIP","floor":30.0},{"not_picked":["Riddle With Holes","Caltrops","Masterful Stab"],"picked":"SKIP","floor":31.0},{"not_picked":["Adrenaline+1","After Image"],"picked":"A Thousand Cuts","floor":33.0},{"not_picked":["PiercingWail+1","Skewer+1","Bane"],"picked":"SKIP","floor":35.0},{"not_picked":["Finisher","Outmaneuver+1","Glass Knife"],"picked":"SKIP","floor":36.0},{"not_picked":["Dagger Spray+1","Sucker Punch"],"picked":"Blur+1","floor":38.0},{"not_picked":["Bane+1","Predator"],"picked":"Cloak And Dagger+1","floor":39.0},{"not_picked":["Quick Slash+1","Slice+1","Bane"],"picked":"SKIP","floor":41.0},{"not_picked":["Heel Hook+1","Acrobatics+1"],"picked":"Blur+1","floor":44.0},{"not_picked":["Infinite Blades+1","Tactician+1"],"picked":"Storm of Steel+1","floor":45.0},{"not_picked":["Dagger Spray+1","Caltrops"],"picked":"Calculated Gamble+1","floor":47.0},{"not_picked":["Deadly Poison+1","Blade Dance+1"],"picked":"Backflip+1","floor":48.0},{"not_picked":["Acrobatics+1","Masterful Stab+1","Deflect+1"],"picked":"SKIP","floor":54}],"player_experience":103279,"relics_obtained":[{"floor":7.0,"key":"Lantern"},{"floor":11.0,"key":"Nunchaku"},{"floor":13.0,"key":"Whetstone"},{"floor":14.0,"key":"Toxic Egg 2"},{"floor":24.0,"key":"Darkstone Periapt"},{"floor":26.0,"key":"Matryoshka"},{"floor":28.0,"key":"Red Mask"},{"floor":30.0,"key":"Shuriken"},{"floor":43.0,"key":"Mummified Hand"},{"floor":43.0,"key":"Bag of Preparation"},{"floor":44.0,"key":"Dream Catcher"},{"floor":54,"key":"Pear"}],"event_choices":[{"damage_healed":0.0,"max_hp_gain":0.0,"max_hp_loss":0.0,"gold_gain":0.0,"event_name":"Scrap Ooze","player_choice":"Fled","floor":5.0,"gold_loss":0.0,"damage_taken":0.0},{"damage_healed":0.0,"max_hp_gain":0.0,"max_hp_loss":0.0,"gold_gain":0.0,"event_name":"Masked Bandits","player_choice":"Fought Bandits","floor":28.0,"gold_loss":0.0,"damage_taken":0.0},{"damage_healed":0.0,"max_hp_gain":0.0,"max_hp_loss":0.0,"gold_gain":0.0,"event_name":"The Woman in Blue","player_choice":"Bought 0 Potions","floor":37.0,"gold_loss":0.0,"damage_taken":0.0}],"is_beta":false,"boss_relics":[{"not_picked":["HoveringKite","Eternal Feather"],"picked":"WristBlade"},{"not_picked":["Astrolabe","Orrery"],"picked":"Ring of the Serpent"}],"items_purged_floors":[19,46],"is_endless":false,"potions_floor_spawned":[1,2,7,16,18,24,29,33,35,38,41,44,47,54],"killed_by":"The Heart","ascension_level":3}