{"path_per_floor":["M","?","M","M","$","R","E","R","T","E","?","M","?","M","R","B",null,"M","$","M","?","M","R"],"character_chosen":"DEFECT","items_purchased":["Lockon","Turbo"],"gold_per_floor":[113,113,126,142,64,64,94,94,120,146,111,128,128,138,138,237,237,237,192,192,192,192,192,192],"floor_reached":24,"campfire_rested":0,"playtime":1490,"current_hp_per_floor":[67,67,58,57,57,57,36,36,36,9,26,25,47,47,47,19,68,67,67,61,61,38,38,0],"items_purged":[],"gold":192,"score":247,"play_id":"434168a5-1cdf-4d31-a56d-f2050dbaa717","local_time":"20180509230232","is_prod":false,"is_daily":false,"chose_seed":false,"is_ascension_mode":true,"campfire_upgraded":4,"timestamp":1525899752,"path_taken":["M","?","M","?","?","R","E","R","T","E","?","M","?","M","R","BOSS","M","$","M","?","M","R","E"],"build_version":"2018-05-08","seed_source_timestamp":2714563068594517,"purchased_purges":1,"victory":false,"master_deck":["Strike_B","Strike_B","Strike_B","Strike_B","Defend_B","Defend_B","Defend_B","Defend_B","Zap+1","Dualcast","Multi-Cast+1","Recycle+1","Leap","Consume+1","Lockon","Sunder","Skim","Skim","Skim","Thunder Strike","Turbo","Ball Lightning","Double Energy+1"],"max_hp_per_floor":[68,68,68,68,68,68,68,68,68,68,68,68,68,68,68,68,68,68,68,68,68,68,68,68],"relics":["Cracked Core","Anchor","Juzu Bracelet","Orichalcum","Ectoplasm"],"card_choices":[{"not_picked":["Creative AI","Nova"],"picked":"Multi-Cast","floor":0},{"not_picked":["Rebound","Loop"],"picked":"Recycle","floor":1},{"not_picked":["Steam","Auto Shields"],"picked":"Leap","floor":3},{"not_picked":["Go for the Eyes","Barrage"],"picked":"Consume","floor":4},{"not_picked":["White Noise","Steam"],"picked":"Sunder","floor":7},{"not_picked":["Gash","Sweeping Beam"],"picked":"Skim","floor":10},{"not_picked":["Scrape","Steam"],"picked":"Skim","floor":12},{"not_picked":["Force Field","Steam Power"],"picked":"Skim","floor":14},{"not_picked":["Biased Cognition","Rainbow"],"picked":"Thunder Strike","floor":16},{"not_picked":["Leap","Melter"],"picked":"Ball Lightning","floor":20}],"player_experience":402706,"potions_floor_usage":[16,24,24],"damage_taken":[{"damage":1,"enemies":"2 Louse","floor":1,"turns":2},{"damage":9,"enemies":"Jaw Worm","floor":3,"turns":3},{"damage":1,"enemies":"Cultist","floor":4,"turns":3},{"damage":21,"enemies":"Lagavulin","floor":7,"turns":6},{"damage":27,"enemies":"3 Sentries","floor":10,"turns":6},{"damage":1,"enemies":"Gremlin Gang","floor":12,"turns":4},{"damage":0,"enemies":"Lots of Slimes","floor":14,"turns":3},{"damage":28,"enemies":"Slime Boss","floor":16,"turns":7},{"damage":1,"enemies":"Spheric Guardian","floor":18,"turns":3},{"damage":6,"enemies":"3 Byrds","floor":20,"turns":3},{"damage":23,"enemies":"Centurion and Healer","floor":22,"turns":5},{"damage":41,"enemies":"Slavers","floor":24,"turns":3}],"event_choices":[{"event_name":"Living Wall","player_choice":"Grow","floor":2,"damage_taken":0},{"event_name":"The Cleric","player_choice":"Healed","floor":11,"damage_taken":0},{"event_name":"Big Fish","player_choice":"Banana","floor":13,"damage_taken":0},{"event_name":"The Library","player_choice":"Read","floor":21,"damage_taken":0}],"boss_relics":[{"not_picked":["Philosopher\u0027s Stone","Calling Bell"],"picked":"Ectoplasm"}],"potions_floor_spawned":[4,14,16,20],"seed_played":"8401086027791741747","killed_by":"Slavers","ascension_level":4,"is_trial":false}