{"gold_per_floor":[110,123,138,149,165,165,178,31,31,31,51,51,51,71,71,168,168,134,59,59,72,72],"floor_reached":22,"playtime":1704,"items_purged":["Strike_R"],"score":180,"play_id":"c586fa30-e76a-4afd-be3f-b92c14a9fa14","local_time":"20181209191150","is_ascension_mode":false,"campfire_choices":[{"data":"Armaments","floor":6,"key":"SMITH"},{"data":"Armaments","floor":10,"key":"SMITH"},{"data":"True Grit","floor":12,"key":"SMITH"},{"data":"Armaments","floor":15,"key":"SMITH"}],"neow_cost":"NONE","seed_source_timestamp":430759249669566,"circlet_count":0,"master_deck":["Strike_R","Strike_R","Strike_R","Strike_R","Defend_R","Defend_R","Defend_R","Bash","Armaments+1","Warcry","Searing Blow","Armaments+1","True Grit+1","Armaments+1","Barricade","Headbutt"],"relics":["Black Blood","NeowsBlessing","Meat on the Bone"],"potions_floor_usage":[7,16,16,16,22],"damage_taken":[{"damage":0,"enemies":"Cultist","floor":1,"turns":1},{"damage":0,"enemies":"Jaw Worm","floor":2,"turns":1},{"damage":0,"enemies":"2 Louse","floor":3,"turns":1},{"damage":15,"enemies":"Gremlin Gang","floor":4,"turns":7},{"damage":11,"enemies":"Exordium Wildlife","floor":5,"turns":4},{"damage":26,"enemies":"3 Louse","floor":7,"turns":5},{"damage":9,"enemies":"Blue Slaver","floor":11,"turns":7},{"damage":18,"enemies":"Lots of Slimes","floor":14,"turns":6},{"damage":54,"enemies":"Slime Boss","floor":16,"turns":13},{"damage":45,"enemies":"2 Thieves","floor":18,"turns":5},{"damage":59,"enemies":"Spheric Guardian","floor":21,"turns":10},{"damage":31,"enemies":"Centurion and Healer","floor":22,"turns":8}],"seed_played":"-4592202474790697344","potions_obtained":[{"floor":2,"key":"SkillPotion"},{"floor":3,"key":"EssenceOfSteel"},{"floor":5,"key":"Ancient Potion"},{"floor":11,"key":"SpeedPotion"},{"floor":21,"key":"EssenceOfSteel"}],"is_trial":false,"path_per_floor":["M","M","M","M","M","R","M","$","T","R","M","R","$","M","R","B",null,"M","?","?","M","M"],"character_chosen":"IRONCLAD","items_purchased":["True Grit","Armaments"],"campfire_rested":0,"item_purchase_floors":[8,8],"current_hp_per_floor":[80,80,80,71,66,66,46,46,46,46,55,55,55,55,55,19,80,57,57,62,25,0],"gold":72,"neow_bonus":"THREE_ENEMY_KILL","is_prod":false,"is_daily":false,"chose_seed":false,"campfire_upgraded":4,"win_rate":0.0,"timestamp":1544407910,"path_taken":["M","M","M","M","?","R","M","$","T","R","M","R","?","?","R","BOSS","M","?","?","?","M"],"build_version":"2018-12-06","purchased_purges":1,"victory":false,"max_hp_per_floor":[80,80,80,80,80,80,80,80,80,80,80,80,80,80,80,80,80,80,80,80,80,80],"card_choices":[{"not_picked":["Wild Strike","Sword Boomerang"],"picked":"Armaments","floor":1},{"not_picked":["Combust","Hemokinesis"],"picked":"Armaments","floor":2},{"not_picked":["Clash","Second Wind"],"picked":"Warcry","floor":3},{"not_picked":["Corruption","Uppercut"],"picked":"Searing Blow","floor":4},{"not_picked":["Sword Boomerang","Corruption"],"picked":"Armaments","floor":5},{"not_picked":["Second Wind","Heavy Blade","Iron Wave"],"picked":"SKIP","floor":7},{"not_picked":["Flex","Thunderclap","Cleave"],"picked":"SKIP","floor":11},{"not_picked":["Anger","Sword Boomerang","Body Slam"],"picked":"SKIP","floor":14},{"not_picked":["Berserk","Bludgeon"],"picked":"Barricade","floor":16},{"not_picked":["Pummel","Carnage","Flame Barrier"],"picked":"SKIP","floor":18},{"not_picked":["Twin Strike","Evolve"],"picked":"Headbutt","floor":21}],"player_experience":44068,"relics_obtained":[{"floor":9,"key":"Meat on the Bone"}],"event_choices":[{"cards_removed":["Defend_R"],"damage_healed":0,"gold_gain":0,"player_choice":"Gave Gold","damage_taken":0,"max_hp_gain":0,"max_hp_loss":0,"event_name":"Beggar","floor":19,"gold_loss":75},{"cards_removed":["Armaments"],"damage_healed":5,"gold_gain":0,"player_choice":"Offered Common","damage_taken":0,"max_hp_gain":0,"max_hp_loss":0,"event_name":"Bonfire Elementals","floor":20,"gold_loss":0},{"cards_removed":["Armaments"],"damage_healed":5,"gold_gain":0,"player_choice":"Offered Special","damage_taken":0,"max_hp_gain":0,"max_hp_loss":0,"event_name":"Bonfire Elementals","floor":20,"gold_loss":0}],"is_beta":false,"boss_relics":[{"not_picked":["Runic Cube","Ectoplasm"],"picked":"Black Blood"}],"items_purged_floors":[8],"is_endless":false,"potions_floor_spawned":[2,3,5,11,21],"killed_by":"Centurion and Healer","ascension_level":0}