{"gold_per_floor":[117,0,15,15,15,15,32,57,57,87,87,103,43,61,61,160,160,179,193,211,211,4,4,24,24,24,24,55,55,87,24,24,24],"floor_reached":33,"playtime":1129,"items_purged":["Strike_R","Pain","Strike_R"],"score":293,"play_id":"09d972c0-1191-4940-a7c8-e3902ea339fd","local_time":"20190127165444","is_ascension_mode":false,"campfire_choices":[{"data":"Whirlwind","floor":6,"key":"SMITH"},{"data":"Rampage","floor":11,"key":"SMITH"},{"floor":15,"key":"REST"},{"data":"Limit Break","floor":23,"key":"SMITH"},{"data":"Entrench","floor":25,"key":"SMITH"},{"floor":27,"key":"RECALL"},{"data":"Inflame","floor":32,"key":"SMITH"}],"neow_cost":"NONE","seed_source_timestamp":145250134574861,"circlet_count":0,"master_deck":["Strike_R","Strike_R","Defend_R","Defend_R","Defend_R","Defend_R","Bash","Burning Pact","Whirlwind+1","Inflame+1","Rampage+1","Pommel Strike","Limit Break+1","Entrench+1","Pommel Strike"],"relics":["Burning Blood","The Courier","Sundial","Coffee Dripper","WarpedTongs","Membership Card","Bottled Lightning","Juzu Bracelet","Gremlin Horn","Self Forming Clay"],"potions_floor_usage":[10,24,30,30,30],"damage_taken":[{"damage":9,"enemies":"Small Slimes","floor":1,"turns":6},{"damage":8,"enemies":"Jaw Worm","floor":3,"turns":4},{"damage":1,"enemies":"Cultist","floor":7,"turns":3},{"damage":31,"enemies":"3 Sentries","floor":8,"turns":4},{"damage":36,"enemies":"Lagavulin","floor":10,"turns":5},{"damage":14,"enemies":"Exordium Thugs","floor":12,"turns":3},{"damage":15,"enemies":"Looter","floor":14,"turns":3},{"damage":38,"enemies":"The Guardian","floor":16,"turns":8},{"damage":31,"enemies":"2 Thieves","floor":18,"turns":4},{"damage":0,"enemies":"3 Byrds","floor":19,"turns":3},{"damage":6,"enemies":"Centurion and Healer","floor":20,"turns":5},{"damage":30,"enemies":"Snecko","floor":24,"turns":5},{"damage":29,"enemies":"Slavers","floor":28,"turns":3},{"damage":14,"enemies":"Gremlin Leader","floor":30,"turns":5},{"damage":0,"enemies":"Collector","floor":33,"turns":2}],"seed_played":"-8573076430690299107","potions_obtained":[{"floor":8,"key":"Regen Potion"},{"floor":10,"key":"BloodPotion"},{"floor":14,"key":"Strength Potion"},{"floor":20,"key":"Explosive Potion"},{"floor":24,"key":"Ancient Potion"},{"floor":30,"key":"FearPotion"}],"is_trial":false,"path_per_floor":["M","$","M","?","?","R","M","E","T","E","R","M","$","M","R","B",null,"M","M","M","?","$","R","M","R","T","R","E","T","E","$","R","B"],"character_chosen":"IRONCLAD","items_purchased":["Whirlwind","Inflame","Membership Card"],"campfire_rested":1,"item_purchase_floors":[2,2,22],"current_hp_per_floor":[77,77,75,75,75,75,80,55,55,37,37,29,29,20,44,12,80,55,61,61,61,61,61,45,45,45,45,22,22,14,14,14,14],"gold":24,"neow_bonus":"THREE_CARDS","is_prod":false,"is_daily":false,"chose_seed":false,"campfire_upgraded":5,"win_rate":0,"timestamp":1548633284,"path_taken":["M","$","M","?","?","R","M","E","T","E","R","M","?","M","R","BOSS","M","M","M","?","?","R","?","R","T","R","E","?","E","?","R","BOSS"],"build_version":"2019-01-23","purchased_purges":3,"victory":false,"max_hp_per_floor":[80,80,80,80,80,80,80,80,80,80,80,80,80,80,80,80,80,80,80,80,80,80,80,80,80,80,80,80,80,80,80,80,80],"card_choices":[{"not_picked":["Sentinel","Thunderclap"],"picked":"Burning Pact","floor":0},{"not_picked":["Pommel Strike","Combust","Sentinel"],"picked":"SKIP","floor":1},{"not_picked":["Warcry","Clothesline","Clash"],"picked":"SKIP","floor":3},{"not_picked":["Headbutt","Thunderclap"],"picked":"Rampage","floor":7},{"not_picked":["Battle Trance","Flame Barrier","Inflame"],"picked":"SKIP","floor":8},{"not_picked":["Twin Strike","True Grit","Cleave"],"picked":"SKIP","floor":10},{"not_picked":["Spot Weakness","Seeing Red","Battle Trance"],"picked":"SKIP","floor":12},{"not_picked":["Shrug It Off","Perfected Strike"],"picked":"Pommel Strike","floor":14},{"not_picked":["Barricade","Brutality"],"picked":"Limit Break","floor":16},{"not_picked":["Inflame+1","Twin Strike+1","Evolve"],"picked":"SKIP","floor":18},{"not_picked":["Clash","Perfected Strike","Body Slam"],"picked":"SKIP","floor":19},{"not_picked":["Sword Boomerang","Flex"],"picked":"Entrench","floor":20},{"not_picked":["Corruption","Perfected Strike","Armaments+1"],"picked":"SKIP","floor":24},{"not_picked":["Flame Barrier","Iron Wave"],"picked":"Pommel Strike","floor":28},{"not_picked":["Anger","Dark Embrace","Flex"],"picked":"SKIP","floor":30}],"player_experience":338050,"relics_obtained":[{"floor":8,"key":"The Courier"},{"floor":10,"key":"Sundial"},{"floor":26,"key":"Bottled Lightning"},{"floor":28,"key":"Juzu Bracelet"},{"floor":29,"key":"Gremlin Horn"},{"floor":30,"key":"Self Forming Clay"}],"event_choices":[{"damage_healed":0,"gold_gain":0,"player_choice":"Leave","damage_taken":0,"max_hp_gain":0,"max_hp_loss":0,"event_name":"The Cleric","floor":4,"gold_loss":0},{"cards_removed":["Strike_R"],"damage_healed":0,"gold_gain":0,"player_choice":"Forget","damage_taken":0,"max_hp_gain":0,"max_hp_loss":0,"event_name":"Living Wall","floor":5,"gold_loss":0},{"damage_healed":0,"gold_gain":0,"player_choice":"Rummage","damage_taken":0,"relics_obtained":["WarpedTongs"],"max_hp_gain":0,"max_hp_loss":0,"event_name":"Accursed Blacksmith","floor":21,"gold_loss":0,"cards_obtained":["Pain"]}],"is_beta":false,"boss_relics":[{"not_picked":["Astrolabe","Sozu"],"picked":"Coffee Dripper"}],"items_purged_floors":[13,22,31],"is_endless":false,"potions_floor_spawned":[8,10,14,20,24,28,30],"killed_by":"Collector","ascension_level":0}