{"gold_per_floor":[114,114,129,129,129,129,169,188,212,212,1,17,17,17,17,138,138,163,186,186,186,86,86,146,157,184,184,10,41,41,66,66,168,168,185,185,198,208,219,219],"floor_reached":40,"playtime":2172,"items_purged":["Defend_R","Strike_R","Strike_R"],"score":801,"play_id":"3ae90155-442c-48d6-8d0b-75a2f30372bf","local_time":"20190404200513","is_ascension_mode":true,"campfire_choices":[{"floor":6,"key":"REST"},{"data":"Rage","floor":10,"key":"SMITH"},{"data":"Enlightenment","floor":13,"key":"SMITH"},{"data":"Bash","floor":15,"key":"SMITH"},{"floor":23,"key":"REST"},{"data":"Armaments","floor":32,"key":"SMITH"}],"neow_cost":"NONE","seed_source_timestamp":384941066703026,"circlet_count":0,"master_deck":["AscendersBane","Strike_R","Strike_R","Bash+1","Bludgeon+1","Disarm+1","Fire Breathing+1","Rage+1","Clash","Thunderclap","Warcry","Enlightenment+1","Pommel Strike","Offering","Armaments+1","Whirlwind","Seeing Red+1","Clothesline+1","Rage+1","Offering","True Grit","Heavy Blade+1"],"relics":["Astrolabe","Bag of Preparation","Bloody Idol","Dream Catcher","Anchor","Black Star","Tiny Chest","Blood Vial","Potion Belt","Matryoshka","Frozen Egg 2","Smiling Mask","Red Skull","Ancient Tea Set","Fusion Hammer","Darkstone Periapt","Mercury Hourglass"],"potions_floor_usage":[7,7,12,31,33,33,40],"damage_taken":[{"damage":3,"enemies":"Cultist","floor":1,"turns":3},{"damage":0,"enemies":"2 Louse","floor":3,"turns":2},{"damage":4,"enemies":"3 Sentries","floor":7,"turns":5},{"damage":6,"enemies":"Jaw Worm","floor":8,"turns":2},{"damage":0,"enemies":"Gremlin Gang","floor":12,"turns":4},{"damage":35,"enemies":"The Guardian","floor":16,"turns":5},{"damage":6,"enemies":"Chosen","floor":18,"turns":3},{"damage":36,"enemies":"Spheric Guardian","floor":19,"turns":4},{"damage":6,"enemies":"Gremlin Leader","floor":24,"turns":4},{"damage":18,"enemies":"3 Cultists","floor":25,"turns":3},{"damage":6,"enemies":"Book of Stabbing","floor":29,"turns":3},{"damage":6,"enemies":"Gremlin Leader","floor":31,"turns":4},{"damage":18,"enemies":"Collector","floor":33,"turns":4},{"damage":9,"enemies":"3 Darklings","floor":35,"turns":3},{"damage":12,"enemies":"Orb Walker","floor":37,"turns":1},{"damage":12,"enemies":"3 Darklings","floor":38,"turns":2},{"damage":18,"enemies":"Spire Growth","floor":39,"turns":3},{"damage":62,"enemies":"Reptomancer","floor":40,"turns":2}],"seed_played":"-8322477622434932802","potions_obtained":[{"floor":1,"key":"Explosive Potion"},{"floor":3,"key":"AttackPotion"},{"floor":19,"key":"LiquidBronze"},{"floor":24,"key":"Fire Potion"},{"floor":31,"key":"Swift Potion"},{"floor":33,"key":"Dexterity Potion"},{"floor":37,"key":"Fire Potion"},{"floor":39,"key":"SteroidPotion"}],"is_trial":false,"path_per_floor":["M","T","M","?","?","R","E","M","T","R","$","M","R","$","R","B",null,"M","M","?","?","$","R","E","M","T","T","$","E","?","E","R","B",null,"M","T","M","M","M","E"],"character_chosen":"IRONCLAD","items_purchased":["Enlightenment","SkillPotion","AttackPotion"],"campfire_rested":2,"item_purchase_floors":[11,11,28],"current_hp_per_floor":[69,69,69,69,49,73,69,63,63,63,63,63,63,63,63,28,67,61,25,25,25,25,49,53,42,47,47,47,48,48,49,49,38,70,68,68,63,58,47,0],"gold":219,"neow_bonus":"BOSS_RELIC","is_prod":false,"is_daily":false,"chose_seed":false,"campfire_upgraded":4,"win_rate":0,"timestamp":1554433513,"path_taken":["M","?","M","?","?","R","E","M","T","R","?","M","R","$","R","BOSS","M","?","?","?","$","R","E","?","T","?","$","E","?","E","R","BOSS","M","?","M","M","M","E"],"build_version":"2019-01-23","purchased_purges":3,"victory":false,"max_hp_per_floor":[80,80,80,80,80,80,80,80,80,80,80,80,80,80,80,80,80,80,80,80,80,80,80,80,80,80,80,80,80,80,80,80,80,80,80,80,80,80,80,80],"card_choices":[{"not_picked":["Sword Boomerang","Power Through"],"picked":"Rage","floor":1},{"not_picked":["Warcry","Sentinel"],"picked":"Clash","floor":3},{"not_picked":["Heavy Blade","Rupture"],"picked":"Thunderclap","floor":7},{"not_picked":["Flex","Heavy Blade"],"picked":"Warcry","floor":8},{"not_picked":["Hemokinesis","Headbutt"],"picked":"Pommel Strike","floor":12},{"not_picked":["Brutality","Juggernaut"],"picked":"Offering","floor":16},{"not_picked":["Sever Soul","Power Through"],"picked":"Armaments","floor":18},{"not_picked":["Hemokinesis+1","Thunderclap"],"picked":"Whirlwind","floor":19},{"not_picked":["Havoc","Sentinel"],"picked":"Seeing Red+1","floor":23},{"not_picked":["Whirlwind+1","Feel No Pain","Body Slam"],"picked":"SKIP","floor":24},{"not_picked":["Shrug It Off","Evolve"],"picked":"Clothesline+1","floor":25},{"not_picked":["Searing Blow","Whirlwind+1"],"picked":"Rage+1","floor":29},{"not_picked":["Ghostly Armor","Iron Wave","Twin Strike"],"picked":"SKIP","floor":31},{"not_picked":["Fiend Fire","Impervious"],"picked":"Offering","floor":33},{"not_picked":["Wild Strike+1","Twin Strike","Bloodletting"],"picked":"SKIP","floor":35},{"not_picked":["Twin Strike+1","Iron Wave","Cleave+1"],"picked":"SKIP","floor":37},{"not_picked":["Inflame+1","Wild Strike+1"],"picked":"True Grit","floor":38},{"not_picked":["Flex+1","Anger"],"picked":"Heavy Blade+1","floor":39}],"player_experience":598947,"relics_obtained":[{"floor":2,"key":"Bag of Preparation"},{"floor":7,"key":"Dream Catcher"},{"floor":9,"key":"Anchor"},{"floor":24,"key":"Tiny Chest"},{"floor":24,"key":"Blood Vial"},{"floor":26,"key":"Potion Belt"},{"floor":29,"key":"Matryoshka"},{"floor":29,"key":"Frozen Egg 2"},{"floor":31,"key":"Red Skull"},{"floor":31,"key":"Ancient Tea Set"},{"floor":36,"key":"Darkstone Periapt"},{"floor":36,"key":"Mercury Hourglass"}],"event_choices":[{"damage_healed":0,"gold_gain":0,"player_choice":"Ignored","damage_taken":0,"max_hp_gain":0,"max_hp_loss":0,"event_name":"Liars Game","floor":4,"gold_loss":0},{"damage_healed":0,"gold_gain":0,"player_choice":"Take Damage","damage_taken":20,"relics_obtained":["Golden Idol"],"max_hp_gain":0,"max_hp_loss":0,"event_name":"Golden Idol","floor":5,"gold_loss":0},{"damage_healed":0,"gold_gain":0,"player_choice":"Gave Idol","damage_taken":0,"relics_obtained":["Bloody Idol"],"max_hp_gain":0,"max_hp_loss":0,"event_name":"Forgotten Altar","floor":20,"relics_lost":["Golden Idol"],"gold_loss":0},{"cards_removed":["Strike_R"],"damage_healed":0,"gold_gain":0,"player_choice":"Purged","damage_taken":0,"max_hp_gain":0,"max_hp_loss":0,"event_name":"Purifier","floor":21,"gold_loss":0},{"damage_healed":0,"gold_gain":0,"player_choice":"Gave Potion","damage_taken":0,"relics_obtained":["Smiling Mask"],"max_hp_gain":0,"max_hp_loss":0,"event_name":"WeMeetAgain","floor":30,"gold_loss":0}],"is_beta":false,"boss_relics":[{"not_picked":["Coffee Dripper","Philosopher\u0027s Stone"],"picked":"Black Star"},{"not_picked":["Lizard Tail","Tiny House"],"picked":"Fusion Hammer"}],"items_purged_floors":[11,22,28],"is_endless":false,"potions_floor_spawned":[1,3,19,24,31,33,37,39],"killed_by":"Reptomancer","ascension_level":11}