{"gold_per_floor":[119,136,151,151,170,170,200,200,200,219,233,233,260,136,136,240,240,250,165,177,14,24,59,59,91,91,106,134,134,404,423,423,423],"floor_reached":33,"playtime":3411,"items_purged":["Defend_R","Defend_R"],"score":365,"play_id":"8b04a08a-bebc-43cb-a8a3-0b7cc4530971","local_time":"20190813193044","is_ascension_mode":false,"campfire_choices":[{"data":"Flame Barrier","floor":6,"key":"SMITH"},{"data":"Bloodletting","floor":8,"key":"SMITH"},{"data":"Ghostly Armor","floor":12,"key":"SMITH"},{"floor":15,"key":"REST"},{"data":"Offering","floor":24,"key":"SMITH"},{"floor":29,"key":"REST"},{"floor":32,"key":"REST"}],"neow_cost":"NONE","seed_source_timestamp":177579944437300,"circlet_count":0,"master_deck":["Strike_R","Strike_R","Strike_R","Strike_R","Strike_R","Defend_R","Defend_R","Bash","Seeing Red","Pummel","Bloodletting+1","Flame Barrier+1","Seeing Red","Battle Trance","Ghostly Armor+1","Pummel","Offering+1","Dual Wield","Ghostly","Ghostly","Ghostly","Ghostly","Ghostly","Perfected Strike","Shockwave+1","Disarm+1","Entrench","Corruption","Finesse","Armaments"],"relics":["Cursed Key","Regal Pillow","Question Card","Black Star","MawBank","Ginger","Strawberry","Boot","WingedGreaves","Self Forming Clay","Orichalcum"],"potions_floor_usage":[7,7,16,16,22,23,25,28,31,33],"damage_taken":[{"damage":1,"enemies":"Jaw Worm","floor":1,"turns":3},{"damage":2,"enemies":"Small Slimes","floor":2,"turns":2},{"damage":0,"enemies":"Cultist","floor":3,"turns":3},{"damage":9,"enemies":"Exordium Wildlife","floor":5,"turns":5},{"damage":0,"enemies":"Gremlin Nob","floor":7,"turns":2},{"damage":3,"enemies":"Red Slaver","floor":10,"turns":4},{"damage":8,"enemies":"Exordium Thugs","floor":11,"turns":5},{"damage":19,"enemies":"3 Sentries","floor":13,"turns":12},{"damage":32,"enemies":"The Guardian","floor":16,"turns":17},{"damage":11,"enemies":"3 Byrds","floor":18,"turns":4},{"damage":3,"enemies":"Chosen","floor":22,"turns":6},{"damage":6,"enemies":"Book of Stabbing","floor":23,"turns":6},{"damage":13,"enemies":"Slavers","floor":25,"turns":6},{"damage":16,"enemies":"Sentry and Sphere","floor":27,"turns":9},{"damage":2,"enemies":"Book of Stabbing","floor":28,"turns":5},{"damage":6,"enemies":"3 Cultists","floor":31,"turns":6},{"damage":38,"enemies":"Automaton","floor":33,"turns":8}],"seed_played":"3160733503572115591","potions_obtained":[{"floor":2,"key":"SteroidPotion"},{"floor":3,"key":"Dexterity Potion"},{"floor":5,"key":"GamblersBrew"},{"floor":10,"key":"SpeedPotion"},{"floor":18,"key":"SkillPotion"},{"floor":25,"key":"FearPotion"},{"floor":27,"key":"SteroidPotion"},{"floor":31,"key":"LiquidBronze"}],"is_trial":false,"path_per_floor":["M","M","M","?","M","R","E","R","T","M","M","R","E","$","R","B",null,"M","?","?","$","M","E","R","E","T","M","E","R","?","M","R","B"],"character_chosen":"IRONCLAD","items_purchased":["FearPotion","LiquidBronze"],"campfire_rested":3,"item_purchase_floors":[14,21],"current_hp_per_floor":[79,77,77,82,73,73,73,73,73,70,62,62,43,43,83,51,85,74,74,42,42,39,40,40,27,27,11,9,38,8,2,31,0],"gold":423,"neow_bonus":"BOSS_RELIC","is_prod":false,"is_daily":false,"chose_seed":false,"campfire_upgraded":4,"win_rate":0.0,"timestamp":1565739044,"path_taken":["M","M","M","?","M","R","E","R","T","M","M","R","E","$","R","BOSS","M","?","?","$","M","E","R","E","T","M","E","R","?","?","R","BOSS"],"build_version":"2019-07-17","purchased_purges":2,"victory":false,"max_hp_per_floor":[80,80,80,85,85,85,85,85,85,85,85,85,85,85,85,85,85,85,85,42,42,42,49,49,49,49,49,49,49,49,49,49,49],"card_choices":[{"not_picked":["Body Slam","Fire Breathing"],"picked":"Seeing Red","floor":1},{"not_picked":["Combust","Cleave"],"picked":"Pummel","floor":2},{"not_picked":["True Grit","Flex"],"picked":"Bloodletting","floor":3},{"not_picked":["Twin Strike","Thunderclap"],"picked":"Flame Barrier","floor":5},{"not_picked":["Perfected Strike","Warcry"],"picked":"Seeing Red","floor":7},{"not_picked":["Iron Wave","Feel No Pain"],"picked":"Battle Trance","floor":10},{"not_picked":["True Grit","Warcry"],"picked":"Ghostly Armor","floor":11},{"not_picked":["Heavy Blade","Whirlwind"],"picked":"Pummel","floor":13},{"not_picked":["Impervious","Fiend Fire","Juggernaut"],"picked":"Offering","floor":16},{"not_picked":["Sword Boomerang","True Grit","Clash"],"picked":"Dual Wield","floor":18},{"not_picked":["Body Slam","Metallicize","True Grit"],"picked":"Perfected Strike","floor":22},{"not_picked":["Seeing Red+1","Uppercut+1","Body Slam+1"],"picked":"Shockwave+1","floor":23},{"not_picked":["Anger+1","Pommel Strike","Shrug It Off"],"picked":"Disarm+1","floor":25},{"not_picked":["Rampage","Rage","Metallicize"],"picked":"Entrench","floor":27},{"not_picked":["Clash","True Grit+1","Offering"],"picked":"Corruption","floor":28},{"not_picked":["Rampage","True Grit+1","Headbutt+1"],"picked":"Armaments","floor":31}],"player_experience":29710,"relics_obtained":[{"floor":7,"key":"Regal Pillow"},{"floor":13,"key":"Question Card"},{"floor":23,"key":"Ginger"},{"floor":23,"key":"Strawberry"},{"floor":25,"key":"Boot"},{"floor":25,"key":"WingedGreaves"},{"floor":28,"key":"Self Forming Clay"},{"floor":28,"key":"Orichalcum"}],"event_choices":[{"damage_healed":0,"gold_gain":0,"player_choice":"Donut","damage_taken":0,"max_hp_gain":5,"max_hp_loss":0,"event_name":"Big Fish","floor":4,"gold_loss":0},{"damage_healed":0,"gold_gain":0,"player_choice":"Obtained Relic","damage_taken":0,"relics_obtained":["MawBank"],"max_hp_gain":0,"max_hp_loss":0,"event_name":"Addict","floor":19,"gold_loss":85},{"damage_healed":0,"gold_gain":0,"player_choice":"Became a Ghost","damage_taken":0,"max_hp_gain":0,"max_hp_loss":43,"event_name":"Ghosts","floor":20,"gold_loss":0,"cards_obtained":["Ghostly","Ghostly","Ghostly","Ghostly","Ghostly"]},{"damage_healed":0,"gold_gain":270,"player_choice":"GOLD CARD GOLD GOLD ","damage_taken":30,"max_hp_gain":0,"max_hp_loss":0,"event_name":"Knowing Skull","floor":30,"potions_obtained":[],"gold_loss":0,"cards_obtained":["Finesse"]}],"is_beta":false,"boss_relics":[{"not_picked":["White Beast Statue","Runic Cube"],"picked":"Black Star"}],"items_purged_floors":[14,21],"is_endless":false,"potions_floor_spawned":[2,3,5,10,18,25,27,31],"killed_by":"Automaton","ascension_level":0}