{"gold_per_floor":[118,118,136,21,41,41,72,72,72,103,132,132,197,15,15,119,119,137,153,253,253,266,298,312,312,312,53,65,65,92,111,111,209,209,226,226,246,257,52,52,62,62],"floor_reached":42,"playtime":2330,"items_purged":["Strike_R"],"score":608,"play_id":"21b6460f-ee13-47f1-a6a8-d7dee31991dc","local_time":"20190214234337","is_ascension_mode":true,"campfire_choices":[{"data":"Whirlwind","floor":6,"key":"SMITH"},{"data":"Corruption","floor":8,"key":"SMITH"},{"floor":12,"key":"REST"},{"floor":15,"key":"REST"},{"floor":25,"key":"DIG"},{"floor":32,"key":"DIG"},{"floor":40,"key":"DIG"}],"neow_cost":"NONE","seed_source_timestamp":79297032413242,"circlet_count":0,"master_deck":["Bash","Armaments","Shrug It Off","Swift Strike","Whirlwind+1","Corruption+1","Seeing Red","Sentinel","Inflame","Double Tap","Reaper","Thunderclap","Reaper","Shrug It Off","Blood for Blood","Reaper","Inflame","Second Wind","Seeing Red","Berserk"],"relics":["Burning Blood","NeowsBlessing","Gremlin Horn","Blood Vial","Odd Mushroom","Singing Bowl","Pandora\u0027s Box","Magic Flower","Ornamental Fan","Shovel","Self Forming Clay","Matryoshka","Meat on the Bone","Letter Opener","Anchor","Busted Crown","ClockworkSouvenir","Pear"],"potions_floor_usage":[13,20,24,42,42,42],"damage_taken":[{"damage":0,"enemies":"Jaw Worm","floor":1,"turns":1},{"damage":0,"enemies":"Cultist","floor":3,"turns":1},{"damage":0,"enemies":"2 Louse","floor":5,"turns":1},{"damage":28,"enemies":"Gremlin Nob","floor":7,"turns":5},{"damage":30,"enemies":"Lagavulin","floor":10,"turns":5},{"damage":19,"enemies":"The Mushroom Lair","floor":11,"turns":4},{"damage":27,"enemies":"3 Sentries","floor":13,"turns":6},{"damage":25,"enemies":"Slime Boss","floor":16,"turns":5},{"damage":18,"enemies":"Chosen","floor":18,"turns":5},{"damage":36,"enemies":"Shell Parasite","floor":19,"turns":5},{"damage":28,"enemies":"Colosseum Slavers","floor":20,"turns":3},{"damage":54,"enemies":"Colosseum Nobs","floor":20,"turns":5},{"damage":0,"enemies":"3 Cultists","floor":22,"turns":2},{"damage":91,"enemies":"Book of Stabbing","floor":23,"turns":6},{"damage":14,"enemies":"Snecko","floor":24,"turns":5},{"damage":36,"enemies":"Snake Plant","floor":28,"turns":4},{"damage":13,"enemies":"Gremlin Leader","floor":30,"turns":4},{"damage":10,"enemies":"Chosen and Byrds","floor":31,"turns":4},{"damage":85,"enemies":"Automaton","floor":33,"turns":8},{"damage":50,"enemies":"3 Darklings","floor":35,"turns":4},{"damage":46,"enemies":"Orb Walker","floor":37,"turns":5},{"damage":82,"enemies":"4 Shapes","floor":38,"turns":2},{"damage":17,"enemies":"Jaw Worm Horde","floor":41,"turns":2},{"damage":138,"enemies":"Nemesis","floor":42,"turns":7}],"seed_played":"-8071279431836472715","potions_obtained":[{"floor":3,"key":"Ancient Potion"},{"floor":10,"key":"LiquidBronze"},{"floor":11,"key":"PowerPotion"},{"floor":13,"key":"SpeedPotion"},{"floor":24,"key":"Strength Potion"},{"floor":30,"key":"Fire Potion"},{"floor":33,"key":"BloodPotion"}],"is_trial":false,"path_per_floor":["M","?","M","$","M","R","E","R","T","E","?","R","?","$","R","B",null,"M","M","?","?","M","E","M","R","T","$","M","$","E","M","R","B",null,"M","?","M","M","$","R","M","E"],"character_chosen":"IRONCLAD","items_purchased":["Whirlwind","Corruption","Sentinel","Inflame","Meat on the Bone","ClockworkSouvenir"],"campfire_rested":2,"item_purchase_floors":[4,4,14,14,27,39],"current_hp_per_floor":[80,80,80,80,80,80,58,58,58,34,23,47,30,30,54,37,71,76,75,61,88,90,31,81,81,81,81,71,71,96,96,96,78,92,88,88,92,53,53,63,69,0],"gold":62,"neow_bonus":"THREE_ENEMY_KILL","is_prod":false,"is_daily":false,"chose_seed":false,"campfire_upgraded":2,"win_rate":0,"timestamp":1550213017,"path_taken":["M","?","M","$","?","R","E","R","T","E","?","R","?","$","R","BOSS","M","M","?","?","?","E","M","R","T","?","M","?","E","M","R","BOSS","M","?","?","M","$","R","?","E"],"build_version":"2019-01-23","purchased_purges":1,"victory":false,"max_hp_per_floor":[80,80,80,80,80,80,80,80,80,80,80,80,82,82,82,82,82,84,86,88,88,90,92,94,94,94,94,94,94,96,96,96,96,96,98,98,100,102,102,112,114,114],"card_choices":[{"not_picked":["Wild Strike","Warcry"],"picked":"Armaments","floor":1},{"not_picked":["Havoc","Clothesline","Warcry"],"picked":"SKIP","floor":3},{"not_picked":["Wild Strike","Dual Wield"],"picked":"Seeing Red","floor":5},{"not_picked":["Iron Wave","Perfected Strike","True Grit"],"picked":"SKIP","floor":7},{"not_picked":["Ghostly Armor","Power Through","Sword Boomerang"],"picked":"SKIP","floor":10},{"not_picked":["Entrench","Rage","Pummel"],"picked":"Singing Bowl","floor":13},{"not_picked":["Barricade","Impervious"],"picked":"Double Tap","floor":16},{"not_picked":["Searing Blow+1","Thunderclap","Pommel Strike"],"picked":"Singing Bowl","floor":18},{"not_picked":["Ghostly Armor","Wild Strike","Havoc+1"],"picked":"Singing Bowl","floor":19},{"not_picked":["Evolve","Corruption+1","Twin Strike+1"],"picked":"Singing Bowl","floor":20},{"not_picked":["Headbutt","Sword Boomerang","Battle Trance"],"picked":"Singing Bowl","floor":22},{"not_picked":["Cleave","Sword Boomerang","Pummel"],"picked":"Singing Bowl","floor":23},{"not_picked":["Shrug It Off+1","Whirlwind","Evolve"],"picked":"Singing Bowl","floor":24},{"not_picked":["Anger+1","Blood for Blood"],"picked":"Second Wind","floor":28},{"not_picked":["Searing Blow+1","Rage","Seeing Red"],"picked":"Singing Bowl","floor":30},{"not_picked":["Clothesline","Body Slam"],"picked":"Seeing Red","floor":31},{"not_picked":["Juggernaut","Offering"],"picked":"Berserk","floor":33},{"not_picked":["Iron Wave+1"],"picked":"Singing Bowl","floor":35},{"not_picked":["Heavy Blade+1"],"picked":"Singing Bowl","floor":37},{"not_picked":["Burning Pact"],"picked":"Singing Bowl","floor":38},{"not_picked":["Inflame"],"picked":"Singing Bowl","floor":41}],"player_experience":407394,"relics_obtained":[{"floor":7,"key":"Gremlin Horn"},{"floor":10,"key":"Blood Vial"},{"floor":11,"key":"Odd Mushroom"},{"floor":13,"key":"Singing Bowl"},{"floor":20,"key":"Magic Flower"},{"floor":20,"key":"Ornamental Fan"},{"floor":23,"key":"Shovel"},{"floor":25,"key":"Self Forming Clay"},{"floor":26,"key":"Matryoshka"},{"floor":30,"key":"Letter Opener"},{"floor":32,"key":"Anchor"},{"floor":40,"key":"Pear"}],"event_choices":[{"damage_healed":0,"gold_gain":0,"player_choice":"2 cards matched","damage_taken":0,"max_hp_gain":0,"max_hp_loss":0,"event_name":"Match and Keep!","floor":2,"gold_loss":0,"cards_obtained":["Shrug It Off","Swift Strike"]},{"damage_healed":0,"gold_gain":0,"player_choice":"Fought Mushrooms","damage_taken":0,"max_hp_gain":0,"max_hp_loss":0,"event_name":"Mushrooms","floor":11,"gold_loss":0},{"damage_healed":0,"gold_gain":0,"player_choice":"Searched \u00271\u0027 times","damage_taken":0,"max_hp_gain":0,"max_hp_loss":0,"event_name":"Dead Adventurer","floor":13,"gold_loss":0},{"damage_healed":0,"gold_gain":0,"player_choice":"Fight","damage_taken":0,"max_hp_gain":0,"max_hp_loss":0,"event_name":"Colosseum","floor":20,"gold_loss":0},{"damage_healed":0,"gold_gain":0,"player_choice":"Fought Nobs","damage_taken":0,"max_hp_gain":0,"max_hp_loss":0,"event_name":"Colosseum","floor":20,"gold_loss":0},{"cards_removed":["Intimidate"],"damage_healed":27,"gold_gain":0,"player_choice":"Offered Uncommon","damage_taken":0,"max_hp_gain":0,"max_hp_loss":0,"event_name":"Bonfire Elementals","floor":21,"gold_loss":0},{"damage_healed":0,"gold_gain":0,"player_choice":"Bought 0 Potions","damage_taken":0,"max_hp_gain":0,"max_hp_loss":0,"event_name":"The Woman in Blue","floor":36,"gold_loss":0}],"is_beta":false,"boss_relics":[{"not_picked":["Eternal Feather","Black Star"],"picked":"Pandora\u0027s Box"},{"not_picked":["Philosopher\u0027s Stone","Tiny House"],"picked":"Busted Crown"}],"items_purged_floors":[14],"is_endless":false,"potions_floor_spawned":[3,10,11,13,20,24,30,31,33,37],"killed_by":"Nemesis","ascension_level":5}