{"gold_per_floor":[109,126,142,142,142,142,168,168,168,178,178,195,214,228,228,326,326,337,193,206,481,117,117,134,134,134,144,144,159,159,173,173,173],"floor_reached":33,"playtime":2188,"items_purged":["Regret"],"score":251,"play_id":"93f04765-18ff-4c3f-9ec6-aa6f3767e4f1","local_time":"20190808215716","is_ascension_mode":false,"campfire_choices":[{"data":"Carnage","floor":6,"key":"SMITH"},{"data":"Bash","floor":8,"key":"SMITH"},{"data":"Perfected Strike","floor":15,"key":"SMITH"},{"data":"Combust","floor":23,"key":"SMITH"},{"data":"Shrug It Off","floor":25,"key":"SMITH"},{"data":"Shockwave","floor":28,"key":"SMITH"},{"data":"Pommel Strike","floor":32,"key":"SMITH"}],"neow_cost":"NONE","seed_source_timestamp":92816513431729,"circlet_count":0,"master_deck":["Strike_R","Strike_R","Strike_R","Strike_R","Strike_R","Defend_R","Defend_R","Defend_R","Defend_R","Bash+1","Ghostly Armor","Carnage+1","Shrug It Off+1","Perfected Strike+1","Reaper","Battle Trance","Corruption","Impervious","Shockwave+1","Reckless Charge+1","Combust+1","Cleave+1","Disarm+1","Disarm+1","Pommel Strike+1"],"relics":["Burning Blood","Darkstone Periapt","Bottled Lightning","Red Skull","Runic Pyramid","Vajra","Anchor","Bag of Preparation"],"potions_floor_usage":[7,11,13,14,16,31,31,33,33],"damage_taken":[{"damage":7,"enemies":"Small Slimes","floor":1,"turns":6},{"damage":2,"enemies":"2 Louse","floor":2,"turns":3},{"damage":1,"enemies":"Jaw Worm","floor":3,"turns":4},{"damage":29,"enemies":"Gremlin Nob","floor":7,"turns":5},{"damage":3,"enemies":"Lots of Slimes","floor":10,"turns":5},{"damage":0,"enemies":"3 Sentries","floor":11,"turns":1},{"damage":3,"enemies":"2 Fungi Beasts","floor":12,"turns":3},{"damage":7,"enemies":"Gremlin Gang","floor":13,"turns":2},{"damage":3,"enemies":"Exordium Thugs","floor":14,"turns":4},{"damage":25,"enemies":"Slime Boss","floor":16,"turns":11},{"damage":22,"enemies":"3 Byrds","floor":18,"turns":8},{"damage":0,"enemies":"Chosen","floor":20,"turns":7},{"damage":7,"enemies":"Snecko","floor":24,"turns":3},{"damage":7,"enemies":"Centurion and Healer","floor":27,"turns":7},{"damage":2,"enemies":"Shelled Parasite and Fungi","floor":29,"turns":5},{"damage":0,"enemies":"3 Cultists","floor":31,"turns":6},{"damage":136,"enemies":"Automaton","floor":33,"turns":12}],"seed_played":"-5087061601673844451","potions_obtained":[{"floor":0,"key":"SmokeBomb"},{"floor":0,"key":"EssenceOfSteel"},{"floor":0,"key":"Dexterity Potion"},{"floor":2,"key":"SpeedPotion"},{"floor":3,"key":"Block Potion"},{"floor":7,"key":"Block Potion"},{"floor":12,"key":"AttackPotion"},{"floor":20,"key":"Strength Potion"},{"floor":27,"key":"Energy Potion"},{"floor":31,"key":"GamblersBrew"}],"is_trial":false,"path_per_floor":["M","M","M","?","?","R","E","R","T","M","?","M","M","M","R","B",null,"M","$","M","?","$","R","M","R","T","M","R","M","?","M","R","B"],"character_chosen":"IRONCLAD","items_purchased":["Vajra","Combust","Anchor","Block Potion","AttackPotion"],"campfire_rested":0,"item_purchase_floors":[19,22,22,22,22],"current_hp_per_floor":[79,80,80,73,78,78,55,55,55,58,64,67,66,77,77,62,85,73,73,84,90,90,90,90,90,90,91,91,91,91,91,91,0],"gold":173,"neow_bonus":"THREE_SMALL_POTIONS","is_prod":false,"is_daily":false,"chose_seed":false,"campfire_upgraded":7,"win_rate":0.0,"timestamp":1565315836,"path_taken":["M","M","M","?","?","R","E","R","T","M","?","M","?","M","R","BOSS","M","?","M","?","$","R","?","R","T","M","R","M","?","?","R","BOSS"],"build_version":"2019-07-17","purchased_purges":1,"victory":false,"max_hp_per_floor":[80,80,80,80,85,85,85,85,85,85,85,85,85,85,85,85,85,85,85,85,91,91,91,91,91,91,91,91,91,91,91,91,91],"card_choices":[{"not_picked":["Battle Trance","Shrug It Off"],"picked":"Ghostly Armor","floor":1},{"not_picked":["Body Slam","Clash"],"picked":"Carnage","floor":2},{"not_picked":["Sword Boomerang","True Grit"],"picked":"Shrug It Off","floor":3},{"not_picked":["Warcry","Body Slam"],"picked":"Perfected Strike","floor":7},{"not_picked":["Flex","Body Slam"],"picked":"Reaper","floor":10},{"not_picked":["Warcry","Twin Strike"],"picked":"Battle Trance","floor":12},{"not_picked":["Sword Boomerang","Searing Blow","Armaments"],"picked":"SKIP","floor":13},{"not_picked":["Twin Strike","Infernal Blade"],"picked":"Corruption","floor":14},{"not_picked":["Juggernaut","Dark Embrace"],"picked":"Impervious","floor":16},{"not_picked":["Flex","Twin Strike"],"picked":"Shockwave","floor":18},{"not_picked":["True Grit","Perfected Strike"],"picked":"Reckless Charge+1","floor":20},{"not_picked":["True Grit","Clash"],"picked":"Cleave+1","floor":24},{"not_picked":["Warcry+1","Cleave"],"picked":"Disarm+1","floor":27},{"not_picked":["Intimidate","Iron Wave","Shrug It Off"],"picked":"SKIP","floor":29},{"not_picked":["Intimidate","Flex"],"picked":"Pommel Strike","floor":31}],"player_experience":5820,"relics_obtained":[{"floor":7,"key":"Bottled Lightning"},{"floor":9,"key":"Red Skull"},{"floor":26,"key":"Bag of Preparation"}],"event_choices":[{"damage_healed":0,"gold_gain":0,"player_choice":"Success","damage_taken":7,"relics_obtained":["Darkstone Periapt"],"max_hp_gain":0,"max_hp_loss":0,"event_name":"Scrap Ooze","floor":4,"gold_loss":0},{"damage_healed":0,"gold_gain":0,"player_choice":"Donut","damage_taken":0,"max_hp_gain":5,"max_hp_loss":0,"event_name":"Big Fish","floor":5,"gold_loss":0},{"damage_healed":0,"gold_gain":0,"player_choice":"Searched \u00271\u0027 times","damage_taken":0,"max_hp_gain":0,"max_hp_loss":0,"event_name":"Dead Adventurer","floor":11,"gold_loss":0},{"damage_healed":0,"gold_gain":275,"player_choice":"Desecrate","damage_taken":0,"max_hp_gain":0,"max_hp_loss":0,"event_name":"Golden Shrine","floor":21,"gold_loss":0,"cards_obtained":["Regret"]},{"damage_healed":0,"gold_gain":0,"player_choice":"Copied","damage_taken":0,"max_hp_gain":0,"max_hp_loss":0,"event_name":"Duplicator","floor":30,"gold_loss":0,"cards_obtained":["Disarm"]}],"is_beta":false,"boss_relics":[{"not_picked":["Mark of Pain","Snecko Eye"],"picked":"Runic Pyramid"}],"items_purged_floors":[22],"is_endless":false,"potions_floor_spawned":[2,3,7,11,12,20,27,29,31],"killed_by":"Automaton","ascension_level":0}