{"gold_per_floor":[116,116,0,15,15,15,29,29,29,44,6,81,107,125,125,222,222,242,341,341,124,124,124],"floor_reached":23,"playtime":1071,"items_purged":[],"score":290,"play_id":"8bc64163-5492-4e23-a8d2-acff530598d1","local_time":"20190326073310","is_ascension_mode":true,"campfire_choices":[{"data":"Uppercut","floor":6,"key":"SMITH"},{"data":"Corruption","floor":8,"key":"SMITH"},{"floor":15,"key":"REST"}],"neow_cost":"NONE","seed_source_timestamp":208497577186271,"circlet_count":0,"master_deck":["AscendersBane","Strike_R","Defend_R","Defend_R","Defend_R","Defend_R","Bash","Uppercut+1","Ghostly Armor","Corruption+1","Burning Pact","Battle Trance","Flame Barrier","Iron Wave","Metallicize","Brutality","Rupture","Offering","Demon Form+1","Pummel+1","Blood for Blood+1","True Grit","Armaments","Armaments"],"relics":["Burning Blood","Oddly Smooth Stone","Astrolabe","Membership Card"],"potions_floor_usage":[14,16,16,23],"damage_taken":[{"damage":1,"enemies":"Cultist","floor":1,"turns":3},{"damage":2,"enemies":"2 Louse","floor":4,"turns":4},{"damage":2,"enemies":"Jaw Worm","floor":7,"turns":3},{"damage":4,"enemies":"3 Louse","floor":10,"turns":4},{"damage":55,"enemies":"3 Sentries","floor":13,"turns":12},{"damage":14,"enemies":"Exordium Thugs","floor":14,"turns":4},{"damage":33,"enemies":"The Guardian","floor":16,"turns":10},{"damage":11,"enemies":"Spheric Guardian","floor":18,"turns":4},{"damage":59,"enemies":"Slavers","floor":23,"turns":4}],"seed_played":"204869061738024879","potions_obtained":[{"floor":1,"key":"Weak Potion"},{"floor":10,"key":"PowerPotion"},{"floor":13,"key":"SteroidPotion"},{"floor":14,"key":"SpeedPotion"},{"floor":16,"key":"Weak Potion"}],"is_trial":false,"path_per_floor":["M","?","$","M","?","R","M","R","T","M","$","?","E","M","R","B",null,"M","?","?","$","?","E"],"character_chosen":"IRONCLAD","items_purchased":["Corruption","Burning Pact","Metallicize","Membership Card","Armaments"],"campfire_rested":1,"item_purchase_floors":[3,3,11,21,21],"current_hp_per_floor":[77,77,77,80,80,80,80,80,80,80,80,69,20,12,36,9,62,57,57,57,57,57,0],"gold":124,"neow_bonus":"THREE_CARDS","is_prod":false,"is_daily":false,"chose_seed":false,"campfire_upgraded":2,"win_rate":0,"timestamp":1553610790,"path_taken":["M","?","?","M","?","R","M","R","T","M","?","?","E","M","R","BOSS","M","?","?","$","?","E"],"build_version":"2019-01-23","purchased_purges":0,"victory":false,"max_hp_per_floor":[80,80,80,80,80,80,80,80,80,80,80,80,80,80,80,80,80,80,80,80,80,80,80],"card_choices":[{"not_picked":["Cleave","Combust"],"picked":"Uppercut","floor":0},{"not_picked":["Combust","Sword Boomerang"],"picked":"Ghostly Armor","floor":1},{"not_picked":["Heavy Blade","Infernal Blade"],"picked":"Battle Trance","floor":4},{"not_picked":["Second Wind","Heavy Blade"],"picked":"Flame Barrier","floor":7},{"not_picked":["Uppercut","Wild Strike"],"picked":"Iron Wave","floor":10},{"not_picked":["Sword Boomerang","Perfected Strike"],"picked":"Brutality","floor":13},{"not_picked":["Shrug It Off","Clash"],"picked":"Rupture","floor":14},{"not_picked":["Juggernaut","Dark Embrace"],"picked":"Offering","floor":16},{"not_picked":["Spot Weakness","Sword Boomerang"],"picked":"True Grit","floor":18}],"player_experience":549257,"relics_obtained":[{"floor":13,"key":"Oddly Smooth Stone"}],"event_choices":[{"cards_removed":["Strike_R"],"damage_healed":0,"gold_gain":0,"player_choice":"Purged","damage_taken":0,"max_hp_gain":0,"max_hp_loss":0,"event_name":"Purifier","floor":2,"gold_loss":0},{"damage_healed":0,"gold_gain":0,"player_choice":"Leave","damage_taken":0,"max_hp_gain":0,"max_hp_loss":0,"event_name":"The Cleric","floor":5,"gold_loss":0},{"damage_healed":0,"gold_gain":75,"player_choice":"Gather Gold","damage_taken":11,"max_hp_gain":0,"max_hp_loss":0,"event_name":"World of Goop","floor":12,"gold_loss":0},{"damage_healed":0,"gold_gain":99,"player_choice":"Stole From Cult","damage_taken":0,"max_hp_gain":0,"max_hp_loss":0,"event_name":"Nest","floor":19,"gold_loss":0},{"damage_healed":0,"gold_gain":0,"player_choice":"Read","damage_taken":0,"max_hp_gain":0,"max_hp_loss":0,"event_name":"The Library","floor":20,"gold_loss":0,"cards_obtained":["Armaments"]},{"damage_healed":0,"gold_gain":0,"player_choice":"Ignored","damage_taken":0,"max_hp_gain":0,"max_hp_loss":0,"event_name":"Vampires","floor":22,"gold_loss":0}],"is_beta":false,"boss_relics":[{"not_picked":["Ectoplasm","Tiny House"],"picked":"Astrolabe"}],"items_purged_floors":[],"is_endless":false,"potions_floor_spawned":[1,10,13,14,16],"killed_by":"Slavers","ascension_level":11}