{"gold_per_floor":[112,112,127,144,155,155,12,12,83,114,114,114,127,127,127,127],"floor_reached":16,"playtime":763,"items_purged":[],"score":140,"play_id":"b03d8813-c7d3-4a9e-8114-4c4db22befe2","local_time":"20190303010637","is_ascension_mode":true,"campfire_choices":[{"data":"Havoc","floor":6,"key":"SMITH"},{"data":"Dropkick","floor":8,"key":"SMITH"},{"floor":11,"key":"REST"},{"floor":15,"key":"REST"}],"neow_cost":"NONE","seed_source_timestamp":109182950757033,"circlet_count":0,"master_deck":["Strike_R","Strike_R","Strike_R","Strike_R","Strike_R","Defend_R","Defend_R","Defend_R","Defend_R","Bash","Second Wind","Pommel Strike","Dropkick+1"],"relics":["Burning Blood","Vajra","Ornamental Fan","Happy Flower","PreservedInsect","Gremlin Horn"],"potions_floor_usage":[10,16],"damage_taken":[{"damage":6,"enemies":"Cultist","floor":1,"turns":3},{"damage":10,"enemies":"Small Slimes","floor":3,"turns":5},{"damage":7,"enemies":"2 Louse","floor":4,"turns":3},{"damage":15,"enemies":"Exordium Wildlife","floor":5,"turns":4},{"damage":25,"enemies":"3 Sentries","floor":10,"turns":7},{"damage":18,"enemies":"Exordium Thugs","floor":13,"turns":3},{"damage":68,"enemies":"The Guardian","floor":16,"turns":9}],"seed_played":"2881239324613086925","potions_obtained":[{"floor":3,"key":"BloodPotion"},{"floor":5,"key":"Block Potion"}],"is_trial":false,"path_per_floor":["M","?","M","M","M","R","$","R","T","E","R","?","M","?","R","B"],"character_chosen":"IRONCLAD","items_purchased":["Vajra"],"campfire_rested":2,"item_purchase_floors":[7],"current_hp_per_floor":[72,72,68,67,58,58,58,58,58,39,63,63,51,33,57,0],"gold":127,"neow_bonus":"THREE_CARDS","is_prod":false,"is_daily":false,"chose_seed":false,"campfire_upgraded":2,"win_rate":0,"timestamp":1551600397,"path_taken":["M","?","M","M","M","R","$","R","T","E","R","?","?","?","R","BOSS"],"build_version":"2019-01-23","purchased_purges":0,"victory":false,"max_hp_per_floor":[80,80,80,80,80,80,80,80,80,80,80,80,80,80,80,80],"card_choices":[{"not_picked":["Ghostly Armor","Heavy Blade"],"picked":"Second Wind","floor":0},{"not_picked":["Armaments","Clash"],"picked":"Havoc","floor":1},{"not_picked":["Flame Barrier","Cleave"],"picked":"Pommel Strike","floor":3},{"not_picked":["Rampage","Seeing Red"],"picked":"Dropkick","floor":4},{"not_picked":["Clash","Thunderclap","Shrug It Off"],"picked":"SKIP","floor":5},{"not_picked":["Impervious","Ghostly Armor","Searing Blow"],"picked":"SKIP","floor":10},{"not_picked":["Corruption","Rupture","Feel No Pain"],"picked":"SKIP","floor":13}],"player_experience":453762,"relics_obtained":[{"floor":9,"key":"Ornamental Fan"},{"floor":10,"key":"Happy Flower"}],"event_choices":[{"damage_healed":0,"gold_gain":0,"player_choice":"Ignored","damage_taken":0,"max_hp_gain":0,"max_hp_loss":0,"event_name":"Liars Game","floor":2,"gold_loss":0},{"cards_removed":["Havoc"],"damage_healed":0,"gold_gain":0,"player_choice":"Gave Card","damage_taken":0,"relics_obtained":["PreservedInsect"],"max_hp_gain":0,"max_hp_loss":0,"event_name":"WeMeetAgain","floor":12,"gold_loss":0},{"damage_healed":0,"gold_gain":0,"player_choice":"Success","damage_taken":18,"relics_obtained":["Gremlin Horn"],"max_hp_gain":0,"max_hp_loss":0,"event_name":"Scrap Ooze","floor":14,"gold_loss":0}],"is_beta":false,"boss_relics":[],"items_purged_floors":[],"is_endless":false,"potions_floor_spawned":[3,5],"killed_by":"The Guardian","ascension_level":8}