{"gold_per_floor":[117,42,54,67,83,83,118,118,118,39,51,64,64],"floor_reached":13,"playtime":1440,"items_purged":["Defend_G"],"score":87,"play_id":"a32917d1-2152-4f13-9516-857c65158304","local_time":"20181209124048","is_ascension_mode":false,"campfire_choices":[{"data":"Burst","floor":6,"key":"SMITH"},{"data":"Noxious Fumes","floor":8,"key":"SMITH"}],"neow_cost":"NONE","seed_source_timestamp":407570256913455,"circlet_count":0,"master_deck":["Defend_G","Defend_G","Defend_G","Defend_G","Strike_G","Strike_G","Strike_G","Strike_G","Strike_G","Survivor","Neutralize","Burst+1","Acrobatics","Flechettes","Noxious Fumes+1","Deadly Poison","Outmaneuver","Malaise","Acrobatics"],"relics":["Ring of the Snake","Bottled Lightning","Bottled Flame"],"potions_floor_usage":[12],"damage_taken":[{"damage":3,"enemies":"Jaw Worm","floor":1,"turns":6},{"damage":7,"enemies":"Small Slimes","floor":3,"turns":5},{"damage":0,"enemies":"2 Louse","floor":4,"turns":3},{"damage":11,"enemies":"Blue Slaver","floor":5,"turns":6},{"damage":23,"enemies":"3 Sentries","floor":7,"turns":8},{"damage":19,"enemies":"Exordium Thugs","floor":11,"turns":5},{"damage":0,"enemies":"3 Louse","floor":12,"turns":4},{"damage":7,"enemies":"Blue Slaver","floor":13,"turns":2}],"seed_played":"6668160808041752461","potions_obtained":[{"floor":3,"key":"Block Potion"},{"floor":11,"key":"SkillPotion"},{"floor":12,"key":"Explosive Potion"}],"is_trial":false,"path_per_floor":["M","$","M","M","M","R","E","R","T","$","M","M","M"],"character_chosen":"THE_SILENT","items_purchased":["Malaise"],"campfire_rested":0,"item_purchase_floors":[10],"current_hp_per_floor":[67,67,60,60,49,49,26,26,26,26,7,7,0],"gold":64,"neow_bonus":"ONE_RANDOM_RARE_CARD","is_prod":false,"is_daily":false,"chose_seed":false,"campfire_upgraded":2,"win_rate":0.0,"timestamp":1544384448,"path_taken":["M","$","M","M","M","R","E","R","T","$","M","M","M"],"build_version":"2018-12-06","purchased_purges":1,"victory":false,"max_hp_per_floor":[70,70,70,70,70,70,70,70,70,70,70,70,70],"card_choices":[{"not_picked":["Prepared","Deflect"],"picked":"Acrobatics","floor":1},{"not_picked":["Riddle With Holes","Dash"],"picked":"Flechettes","floor":3},{"not_picked":["Deflect","Dagger Spray"],"picked":"Noxious Fumes","floor":4},{"not_picked":["Bouncing Flask","Slice"],"picked":"Deadly Poison","floor":5},{"not_picked":["Footwork","Distraction"],"picked":"Outmaneuver","floor":7},{"not_picked":["Sucker Punch","Skewer"],"picked":"Acrobatics","floor":11},{"not_picked":["Bouncing Flask","Dagger Throw","Slice"],"picked":"SKIP","floor":12}],"player_experience":21212,"relics_obtained":[{"floor":7,"key":"Bottled Lightning"},{"floor":9,"key":"Bottled Flame"}],"event_choices":[],"is_beta":false,"boss_relics":[],"items_purged_floors":[2],"is_endless":false,"potions_floor_spawned":[3,11,12],"killed_by":"Blue Slaver","ascension_level":0}