{"gold_per_floor":[114,127,137,147,164,226,226,241,241,256,269,47,61,61,61,61],"floor_reached":16,"playtime":730,"items_purged":["Strike_R"],"score":108,"play_id":"3673c14c-d2cb-423d-b42f-04983f82319f","local_time":"20190127181426","is_ascension_mode":false,"campfire_choices":[{"data":"Armaments","floor":7,"key":"SMITH"},{"data":"Armaments","floor":15,"key":"SMITH"}],"neow_cost":"NONE","seed_source_timestamp":150428695051895,"circlet_count":0,"master_deck":["Strike_R","Strike_R","Strike_R","Strike_R","Defend_R","Defend_R","Defend_R","Bash","Armaments+1","Searing Blow","Armaments+1"],"relics":["Burning Blood","Tiny Chest","Juzu Bracelet"],"potions_floor_usage":[3,4,8,16,16],"damage_taken":[{"damage":15,"enemies":"Cultist","floor":1,"turns":4},{"damage":0,"enemies":"Small Slimes","floor":2,"turns":3},{"damage":2,"enemies":"2 Louse","floor":3,"turns":3},{"damage":7,"enemies":"Gremlin Gang","floor":4,"turns":5},{"damage":13,"enemies":"2 Fungi Beasts","floor":5,"turns":5},{"damage":28,"enemies":"Gremlin Nob","floor":6,"turns":5},{"damage":13,"enemies":"Large Slime","floor":8,"turns":7},{"damage":8,"enemies":"3 Louse","floor":10,"turns":5},{"damage":10,"enemies":"Looter","floor":11,"turns":3},{"damage":2,"enemies":"2 Fungi Beasts","floor":13,"turns":6},{"damage":43,"enemies":"The Guardian","floor":16,"turns":7}],"seed_played":"3225065289547596088","potions_obtained":[{"floor":1,"key":"FearPotion"},{"floor":3,"key":"Fire Potion"},{"floor":4,"key":"Fire Potion"},{"floor":6,"key":"SpeedPotion"},{"floor":8,"key":"SkillPotion"}],"is_trial":false,"path_per_floor":["M","M","M","M","M","E","R","M","T","M","M","$","M","?","R","B"],"character_chosen":"IRONCLAD","items_purchased":["Juzu Bracelet"],"campfire_rested":0,"item_purchase_floors":[12],"current_hp_per_floor":[71,77,80,79,72,50,50,43,43,41,37,37,41,41,41,0],"gold":61,"neow_bonus":"THREE_CARDS","is_prod":false,"is_daily":false,"chose_seed":false,"campfire_upgraded":2,"win_rate":0,"timestamp":1548638066,"path_taken":["M","?","M","?","M","E","R","M","T","M","M","$","M","?","R","BOSS"],"build_version":"2019-01-23","purchased_purges":1,"victory":false,"max_hp_per_floor":[80,80,80,80,80,80,80,80,80,80,80,80,80,80,80,80],"card_choices":[{"not_picked":["Shrug It Off","Iron Wave"],"picked":"Armaments","floor":0},{"not_picked":["Spot Weakness","Sword Boomerang","Ghostly Armor"],"picked":"SKIP","floor":1},{"not_picked":["Iron Wave","Spot Weakness","Burning Pact"],"picked":"SKIP","floor":2},{"not_picked":["Twin Strike","Cleave"],"picked":"Searing Blow","floor":3},{"not_picked":["Perfected Strike","Whirlwind"],"picked":"Armaments","floor":4},{"not_picked":["Dropkick","Cleave","Exhume"],"picked":"SKIP","floor":5},{"not_picked":["Power Through","Combust","Iron Wave"],"picked":"SKIP","floor":6},{"not_picked":["Power Through","Armaments","Intimidate"],"picked":"SKIP","floor":8},{"not_picked":["Spot Weakness","Pommel Strike","Havoc"],"picked":"SKIP","floor":10},{"not_picked":["Sword Boomerang","Clash","Rampage"],"picked":"SKIP","floor":11},{"not_picked":["Clash","Warcry","Heavy Blade"],"picked":"SKIP","floor":13}],"player_experience":343166,"relics_obtained":[{"floor":6,"key":"Tiny Chest"}],"event_choices":[{"cards_removed":["Defend_R"],"damage_healed":0,"gold_gain":0,"player_choice":"Forget","damage_taken":0,"max_hp_gain":0,"max_hp_loss":0,"event_name":"Living Wall","floor":14,"gold_loss":0}],"is_beta":false,"boss_relics":[],"items_purged_floors":[12],"is_endless":false,"potions_floor_spawned":[1,3,4,6,8],"killed_by":"The Guardian","ascension_level":0}