{"gold_per_floor":[114,114,114,189,199,226,226,226,305,318,49,66,66,29,29,128,128,145,145,145,145,10,38,54,54,54,71,71,71,71,88,88,88],"floor_reached":33,"playtime":1264,"items_purged":["Defend_R","Strike_R"],"score":261,"play_id":"7fa451e8-4fd5-40da-b8e0-5be724ff582e","local_time":"20190127175302","is_ascension_mode":false,"campfire_choices":[{"floor":8,"key":"RECALL"},{"data":"True Grit","floor":13,"key":"SMITH"},{"floor":15,"key":"REST"},{"data":"Double Tap","floor":25,"key":"SMITH"},{"floor":32,"key":"REST"}],"neow_cost":"NONE","seed_source_timestamp":148612915608958,"circlet_count":0,"master_deck":["Strike_R","Strike_R","Strike_R","Defend_R","Defend_R","Bash+1","True Grit+1","Second Wind","Anger","Dropkick","Rampage","Defend_R","Double Tap"],"relics":["Burning Blood","Unceasing Top","Bottled Flame","Medical Kit","Sozu","Happy Flower","Paper Frog"],"potions_floor_usage":[16,16,27],"damage_taken":[{"damage":1,"enemies":"2 Louse","floor":1,"turns":4},{"damage":6,"enemies":"Jaw Worm","floor":5,"turns":3},{"damage":27,"enemies":"Gremlin Nob","floor":6,"turns":4},{"damage":1,"enemies":"Cultist","floor":10,"turns":3},{"damage":21,"enemies":"Large Slime","floor":12,"turns":6},{"damage":79,"enemies":"The Guardian","floor":16,"turns":11},{"damage":13,"enemies":"3 Byrds","floor":18,"turns":7},{"damage":52,"enemies":"Book of Stabbing","floor":23,"turns":5},{"damage":5,"enemies":"Chosen","floor":24,"turns":3},{"damage":16,"enemies":"Snake Plant","floor":27,"turns":3},{"damage":16,"enemies":"Shelled Parasite and Fungi","floor":31,"turns":4},{"damage":50,"enemies":"Champ","floor":33,"turns":6}],"seed_played":"-6353913506359635371","potions_obtained":[{"floor":6,"key":"AttackPotion"},{"floor":12,"key":"Regen Potion"},{"floor":16,"key":"BloodPotion"}],"is_trial":false,"path_per_floor":["M","?","?","?","M","E","T","R","T","M","$","M","R","$","R","B",null,"M","?","?","?","$","E","M","R","T","M","$","?","?","M","R","B"],"character_chosen":"IRONCLAD","items_purchased":["Medical Kit","Second Wind","Rampage"],"campfire_rested":2,"item_purchase_floors":[11,14,22],"current_hp_per_floor":[80,85,85,74,74,53,53,53,53,58,58,43,43,43,68,10,85,78,78,78,78,78,32,33,33,33,31,31,31,31,21,46,0],"gold":88,"neow_bonus":"UPGRADE_CARD","is_prod":false,"is_daily":false,"chose_seed":false,"campfire_upgraded":2,"win_rate":0,"timestamp":1548636782,"path_taken":["M","?","?","?","M","E","?","R","T","M","$","?","R","$","R","BOSS","M","?","?","?","$","E","M","R","T","?","$","?","?","?","R","BOSS"],"build_version":"2019-01-23","purchased_purges":2,"victory":false,"max_hp_per_floor":[80,85,85,85,85,85,85,85,85,85,85,85,85,85,85,85,85,85,85,85,85,85,85,85,85,85,85,85,85,85,85,85,85],"card_choices":[{"not_picked":["Iron Wave","Reckless Charge","Twin Strike"],"picked":"SKIP","floor":1},{"not_picked":["Sword Boomerang","Infernal Blade","Metallicize"],"picked":"SKIP","floor":5},{"not_picked":["Headbutt","Intimidate","Iron Wave"],"picked":"SKIP","floor":6},{"not_picked":["Clothesline","Exhume"],"picked":"True Grit","floor":10},{"not_picked":["Wild Strike","Heavy Blade","Searing Blow"],"picked":"SKIP","floor":12},{"not_picked":["Demon Form","Barricade"],"picked":"Double Tap","floor":16},{"not_picked":["Anger","Second Wind","Twin Strike+1"],"picked":"SKIP","floor":18},{"not_picked":["Second Wind","Twin Strike+1"],"picked":"Anger","floor":18},{"not_picked":["Cleave","Wild Strike","Clothesline+1"],"picked":"SKIP","floor":23},{"not_picked":["Body Slam","Armaments","Twin Strike"],"picked":"SKIP","floor":24},{"not_picked":["Wild Strike+1","Iron Wave","Armaments"],"picked":"SKIP","floor":27},{"not_picked":["Combust+1","Armaments"],"picked":"Double Tap","floor":31}],"player_experience":341371,"relics_obtained":[{"floor":6,"key":"Unceasing Top"},{"floor":9,"key":"Bottled Flame"},{"floor":23,"key":"Happy Flower"},{"floor":26,"key":"Paper Frog"}],"event_choices":[{"damage_healed":0,"gold_gain":0,"player_choice":"Donut","damage_taken":0,"max_hp_gain":5,"max_hp_loss":0,"event_name":"Big Fish","floor":2,"gold_loss":0},{"cards_removed":["Defend_R"],"damage_healed":0,"gold_gain":0,"player_choice":"Forget","damage_taken":0,"max_hp_gain":0,"max_hp_loss":0,"event_name":"Living Wall","floor":3,"gold_loss":0},{"damage_healed":0,"gold_gain":75,"player_choice":"Gather Gold","damage_taken":11,"max_hp_gain":0,"max_hp_loss":0,"event_name":"World of Goop","floor":4,"gold_loss":0},{"damage_healed":0,"gold_gain":0,"player_choice":"Ignored","damage_taken":0,"max_hp_gain":0,"max_hp_loss":0,"event_name":"The Mausoleum","floor":19,"gold_loss":0},{"damage_healed":0,"gold_gain":0,"player_choice":"Read","damage_taken":0,"max_hp_gain":0,"max_hp_loss":0,"event_name":"The Library","floor":20,"gold_loss":0,"cards_obtained":["Dropkick"]},{"damage_healed":0,"gold_gain":0,"player_choice":"Ignored","damage_taken":0,"max_hp_gain":0,"max_hp_loss":0,"event_name":"Ghosts","floor":21,"gold_loss":0},{"cards_removed":["Strike_R"],"damage_healed":0,"gold_gain":0,"player_choice":"Elegance","damage_taken":0,"max_hp_gain":0,"max_hp_loss":0,"event_name":"Back to Basics","floor":29,"gold_loss":0},{"cards_removed":["Double Tap"],"damage_healed":0,"gold_gain":0,"player_choice":"Took Card","damage_taken":0,"max_hp_gain":0,"max_hp_loss":0,"event_name":"NoteForYourself","floor":30,"gold_loss":0,"cards_obtained":["Defend_R"]}],"is_beta":false,"boss_relics":[{"not_picked":["Tiny House","Eternal Feather"],"picked":"Sozu"}],"items_purged_floors":[11,22],"is_endless":false,"potions_floor_spawned":[6,12,16,23,24],"killed_by":"Champ","ascension_level":0}