{"gold_per_floor":[114,39,51,126,139,173,73,73,126,143,19,19,119,147,147,252,252,264,139,139,152,165,165,177,177,177,102,27,27,39,51,51,51],"floor_reached":33,"playtime":1748,"items_purged":["Defend_R","Defend_R","Strike_R"],"score":255,"play_id":"f6a897da-2444-420f-bba4-8859f0e9c9ba","local_time":"20190205223543","is_ascension_mode":false,"campfire_choices":[{"data":"True Grit","floor":8,"key":"SMITH"},{"floor":15,"key":"REST"},{"data":"Rage","floor":23,"key":"SMITH"},{"data":"Dropkick","floor":25,"key":"SMITH"},{"data":"Dual Wield","floor":29,"key":"SMITH"},{"data":"Armaments","floor":32,"key":"SMITH"}],"neow_cost":"NONE","seed_source_timestamp":757636154732715,"circlet_count":0,"master_deck":["Strike_R","Strike_R","Strike_R","Strike_R","Defend_R","Defend_R","Bash+1","Berserk","True Grit+1","Rage+1","Dropkick+1","Armaments+1","Double Tap","Dual Wield+1"],"relics":["Burning Blood","Oddly Smooth Stone","Blood Vial","Meat on the Bone","Cursed Key"],"potions_floor_usage":[6,6,16,30,31,33],"damage_taken":[{"damage":8,"enemies":"Jaw Worm","floor":1,"turns":3},{"damage":2,"enemies":"Small Slimes","floor":3,"turns":3},{"damage":5,"enemies":"2 Louse","floor":5,"turns":4},{"damage":26,"enemies":"3 Sentries","floor":6,"turns":7},{"damage":12,"enemies":"Lots of Slimes","floor":10,"turns":6},{"damage":35,"enemies":"Gremlin Nob","floor":14,"turns":4},{"damage":44,"enemies":"Slime Boss","floor":16,"turns":10},{"damage":12,"enemies":"Shell Parasite","floor":18,"turns":5},{"damage":2,"enemies":"Chosen","floor":21,"turns":4},{"damage":25,"enemies":"Shelled Parasite and Fungi","floor":22,"turns":7},{"damage":0,"enemies":"Centurion and Healer","floor":24,"turns":6},{"damage":10,"enemies":"Snake Plant","floor":30,"turns":3},{"damage":20,"enemies":"3 Cultists","floor":31,"turns":7},{"damage":107,"enemies":"Automaton","floor":33,"turns":12}],"seed_played":"-7421507097509611937","potions_obtained":[{"floor":3,"key":"AttackPotion"},{"floor":5,"key":"Poison Potion"},{"floor":14,"key":"SpeedPotion"},{"floor":21,"key":"SpeedPotion"},{"floor":30,"key":"Swift Potion"},{"floor":31,"key":"Ancient Potion"}],"is_trial":false,"path_per_floor":["M","$","M","?","M","E","$","R","T","M","$","?","?","E","R","B",null,"M","$","$","M","M","R","M","R","T","?","$","R","M","M","R","B"],"character_chosen":"IRONCLAD","items_purchased":["Dropkick","Armaments","Dual Wield"],"campfire_rested":1,"item_purchase_floors":[11,11,28],"current_hp_per_floor":[78,78,80,69,70,50,50,50,50,46,46,46,46,19,43,19,80,74,74,74,80,61,61,69,69,69,69,69,69,67,55,55,0],"gold":51,"neow_bonus":"UPGRADE_CARD","is_prod":false,"is_daily":false,"chose_seed":false,"campfire_upgraded":5,"win_rate":0,"timestamp":1549431343,"path_taken":["M","$","M","?","M","E","$","R","T","M","$","?","?","E","R","BOSS","M","?","$","M","?","R","M","R","T","?","$","R","M","M","R","BOSS"],"build_version":"2019-01-23","purchased_purges":3,"victory":false,"max_hp_per_floor":[80,80,80,80,80,80,80,80,80,80,80,80,80,80,80,80,80,80,80,80,80,80,80,80,80,80,80,80,80,80,80,80,80],"card_choices":[{"not_picked":["Anger","Warcry","True Grit"],"picked":"SKIP","floor":1},{"not_picked":["Thunderclap","Clash"],"picked":"Berserk","floor":3},{"not_picked":["Clothesline","Burning Pact"],"picked":"True Grit","floor":5},{"not_picked":["True Grit","Metallicize"],"picked":"Rage","floor":6},{"not_picked":["Wild Strike","Clothesline","Perfected Strike"],"picked":"SKIP","floor":10},{"not_picked":["Anger","Heavy Blade","Flex"],"picked":"SKIP","floor":14},{"not_picked":["Bludgeon","Brutality"],"picked":"Double Tap","floor":16},{"not_picked":["Armaments","Fire Breathing+1","Burning Pact"],"picked":"SKIP","floor":18},{"not_picked":["Burning Pact","Body Slam","Wild Strike"],"picked":"SKIP","floor":21},{"not_picked":["Cleave","Shrug It Off","Anger"],"picked":"SKIP","floor":22},{"not_picked":["Body Slam","Rage","Armaments"],"picked":"SKIP","floor":24},{"not_picked":["Inflame","Immolate","Shrug It Off"],"picked":"SKIP","floor":30},{"not_picked":["Pommel Strike","Intimidate","Dual Wield"],"picked":"SKIP","floor":31}],"player_experience":370261,"relics_obtained":[{"floor":6,"key":"Oddly Smooth Stone"},{"floor":9,"key":"Blood Vial"},{"floor":14,"key":"Meat on the Bone"}],"event_choices":[{"damage_healed":0,"gold_gain":75,"player_choice":"Gather Gold","damage_taken":11,"max_hp_gain":0,"max_hp_loss":0,"event_name":"World of Goop","floor":4,"gold_loss":0},{"damage_healed":0,"gold_gain":0,"player_choice":"Searched \u00270\u0027 times","damage_taken":0,"max_hp_gain":0,"max_hp_loss":0,"event_name":"Dead Adventurer","floor":12,"gold_loss":0},{"damage_healed":0,"gold_gain":100,"player_choice":"Pray","damage_taken":0,"max_hp_gain":0,"max_hp_loss":0,"event_name":"Golden Shrine","floor":13,"gold_loss":0},{"cards_removed":["Normality"],"damage_healed":0,"gold_gain":0,"player_choice":"Gave Gold","damage_taken":0,"max_hp_gain":0,"max_hp_loss":0,"event_name":"Beggar","floor":27,"gold_loss":75}],"is_beta":false,"boss_relics":[{"not_picked":["Eternal Feather","Fusion Hammer"],"picked":"Cursed Key"}],"items_purged_floors":[2,7,19],"is_endless":false,"potions_floor_spawned":[3,5,14,21,30,31],"killed_by":"Automaton","ascension_level":0}