{"gold_per_floor":[162,1,1,12,12,12,37,37,37,71,146,160,42,42],"floor_reached":14,"playtime":428,"items_purged":[],"score":154,"play_id":"9d6a4cdb-b9a1-465a-8230-215ad5a5de7b","local_time":"20190407103357","is_ascension_mode":true,"campfire_choices":[{"data":"Bash","floor":6,"key":"SMITH"},{"data":"Immolate","floor":8,"key":"SMITH"}],"neow_cost":"NONE","seed_source_timestamp":101930062103635,"circlet_count":0,"master_deck":["AscendersBane","Strike_R","Strike_R","Strike_R","Strike_R","Strike_R+1","Defend_R","Defend_R","Defend_R","Defend_R","Bash+1","Iron Wave","Battle Trance","Immolate+1","True Grit","Doubt","Fire Breathing","Berserk","Feel No Pain","Dual Wield","Carnage","Burning Pact","Metallicize"],"relics":["Tiny House","Boot","Dead Branch","Art of War"],"potions_floor_usage":[10,14],"damage_taken":[{"damage":18,"enemies":"Jaw Worm","floor":1,"turns":4},{"damage":0,"enemies":"Cultist","floor":4,"turns":2},{"damage":20,"enemies":"3 Sentries","floor":7,"turns":5},{"damage":22,"enemies":"Gremlin Nob","floor":10,"turns":4},{"damage":0,"enemies":"2 Louse","floor":12,"turns":2},{"damage":10,"enemies":"Large Slime","floor":14,"turns":1}],"seed_played":"-6840960161740335366","potions_obtained":[{"floor":0,"key":"FearPotion"},{"floor":1,"key":"FearPotion"},{"floor":12,"key":"PowerPotion"}],"is_trial":false,"path_per_floor":["M","$","?","M","$","R","E","R","T","E","?","M","$","M"],"character_chosen":"IRONCLAD","items_purchased":["Immolate","True Grit","Burning Pact","Metallicize"],"campfire_rested":0,"item_purchase_floors":[2,2,13,13],"current_hp_per_floor":[59,59,59,59,59,59,39,39,39,17,6,6,6,0],"gold":42,"neow_bonus":"BOSS_RELIC","is_prod":false,"is_daily":false,"chose_seed":false,"campfire_upgraded":2,"win_rate":0,"timestamp":1554658437,"path_taken":["M","$","?","?","$","R","E","R","T","E","?","M","$","M"],"build_version":"2019-01-23","purchased_purges":0,"victory":false,"max_hp_per_floor":[85,85,85,85,85,85,85,85,85,85,85,85,85,85],"card_choices":[{"not_picked":["Rage","Shrug It Off"],"picked":"Iron Wave","floor":0},{"not_picked":["Anger","Heavy Blade"],"picked":"Battle Trance","floor":1},{"not_picked":["Thunderclap","Warcry"],"picked":"Feel No Pain","floor":4},{"not_picked":["Fire Breathing","Feed"],"picked":"Dual Wield","floor":7},{"not_picked":["Warcry","Reckless Charge"],"picked":"Carnage","floor":10},{"not_picked":["Sever Soul","Havoc","Infernal Blade"],"picked":"SKIP","floor":12}],"player_experience":624970,"relics_obtained":[{"floor":7,"key":"Boot"},{"floor":9,"key":"Dead Branch"},{"floor":10,"key":"Art of War"}],"event_choices":[{"damage_healed":0,"gold_gain":0,"player_choice":"3 cards matched","damage_taken":0,"max_hp_gain":0,"max_hp_loss":0,"event_name":"Match and Keep!","floor":3,"gold_loss":0,"cards_obtained":["Doubt","Fire Breathing","Berserk"]},{"damage_healed":0,"gold_gain":75,"player_choice":"Gather Gold","damage_taken":11,"max_hp_gain":0,"max_hp_loss":0,"event_name":"World of Goop","floor":11,"gold_loss":0}],"is_beta":false,"boss_relics":[],"items_purged_floors":[],"is_endless":false,"potions_floor_spawned":[1,12],"killed_by":"Large Slime","ascension_level":12}