{"gold_per_floor":[117,117,133,5,19,19,19,19,19,19,35,60,60,60,60,159,159,173,173,13,33,49,80,80,97,97,97,108,8,26,26,26,131,131,148,161,3,17,31,31,56,56,103,175,191,291,291,326,326,326,326,326,5,36,36],"floor_reached":55,"playtime":3491,"items_purged":["Strike_B","Zap","Strike_B","Strike_B"],"score":890,"play_id":"5ded36e1-25d9-475d-ae75-19eff3918914","local_time":"20181221030052","is_ascension_mode":true,"campfire_choices":[{"data":"Gash","floor":6,"key":"SMITH"},{"data":"Gash","floor":8,"key":"SMITH"},{"data":"Defend_B","floor":10,"key":"SMITH"},{"data":"Machine Learning","floor":15,"key":"SMITH"},{"data":"Gash","floor":24,"key":"SMITH"},{"data":"Dualcast","floor":27,"key":"SMITH"},{"data":"Gash","floor":32,"key":"SMITH"},{"data":"Go for the Eyes","floor":40,"key":"SMITH"},{"data":"Gash","floor":42,"key":"SMITH"},{"floor":49,"key":"RECALL"},{"data":"Go for the Eyes","floor":52,"key":"SMITH"}],"neow_cost":"NONE","seed_source_timestamp":146900478352697,"circlet_count":0,"master_deck":["Defend_B","Defend_B","Defend_B","Defend_B+1","Dualcast+1","Gash+1","Gash+1","Machine Learning+1","Leap+1","Core Surge","Go for the Eyes+1","Coolheaded+1","Gash+1","FTL+1","Conserve Battery+1","Hologram+1","Reprogram+1","Gash+1","Conserve Battery+1","Go for the Eyes+1","Gash+1","Go for the Eyes+1","Reprogram+1","Gash+1","Reboot+1","Gash+1","Metamorphosis+1","Good Instincts+1","Deep Breath+1","Redo+1","Redo+1","Conserve Battery+1","Go for the Eyes"],"relics":["Coffee Dripper","Kunai","The Courier","Toxic Egg 2","Unceasing Top","Eternal Feather","MutagenicStrength","Bottled Lightning","Nloth\u0027s Gift","Black Star","Bag of Preparation","Ice Cream","Boot","Mercury Hourglass","Du-Vu Doll","Bottled Tornado","PreservedInsect","Shuriken","Blood Vial","Art of War"],"potions_floor_usage":[16,22,23,28,33,41,46,50,50],"damage_taken":[{"damage":0,"enemies":"Small Slimes","floor":1,"turns":2},{"damage":1,"enemies":"Cultist","floor":3,"turns":3},{"damage":6,"enemies":"Jaw Worm","floor":5,"turns":4},{"damage":5,"enemies":"2 Fungi Beasts","floor":11,"turns":3},{"damage":8,"enemies":"Lagavulin","floor":12,"turns":6},{"damage":1,"enemies":"Hexaghost","floor":16,"turns":10},{"damage":1,"enemies":"Spheric Guardian","floor":18,"turns":5},{"damage":14,"enemies":"2 Thieves","floor":21,"turns":4},{"damage":0,"enemies":"Cultist and Chosen","floor":22,"turns":5},{"damage":31,"enemies":"Slavers","floor":23,"turns":6},{"damage":0,"enemies":"3 Cultists","floor":25,"turns":5},{"damage":0,"enemies":"Snake Plant","floor":28,"turns":4},{"damage":0,"enemies":"Sentry and Sphere","floor":30,"turns":4},{"damage":0,"enemies":"Collector","floor":33,"turns":5},{"damage":2,"enemies":"3 Shapes","floor":35,"turns":4},{"damage":6,"enemies":"3 Darklings","floor":36,"turns":4},{"damage":0,"enemies":"4 Shapes","floor":38,"turns":3},{"damage":0,"enemies":"Jaw Worm Horde","floor":39,"turns":3},{"damage":0,"enemies":"Giant Head","floor":41,"turns":4},{"damage":2,"enemies":"Writhing Mass","floor":45,"turns":3},{"damage":0,"enemies":"Mind Bloom Boss Battle","floor":46,"turns":3},{"damage":16,"enemies":"Nemesis","floor":48,"turns":5},{"damage":42,"enemies":"Time Eater","floor":50,"turns":6},{"damage":35,"enemies":"Shield and Spear","floor":54,"turns":4},{"damage":45,"enemies":"The Heart","floor":55,"turns":2}],"seed_played":"2451509714579308349","potions_obtained":[{"floor":11,"key":"SkillPotion"},{"floor":21,"key":"Ancient Potion"},{"floor":22,"key":"LiquidBronze"},{"floor":25,"key":"Weak Potion"},{"floor":30,"key":"Poison Potion"},{"floor":33,"key":"Ancient Potion"},{"floor":35,"key":"FearPotion"},{"floor":38,"key":"FearPotion"},{"floor":45,"key":"SpeedPotion"}],"is_trial":false,"path_per_floor":["M","?","M","$","M","R","T","R","T","R","M","E","?","?","R","B",null,"M","?","$","M","M","E","R","M","T","R","M","$","M","?","R","B",null,"M","M","$","M","M","R","E","R","T","T","M","?","?","E","R","B",null,"R","$","E","B"],"character_chosen":"DEFECT","items_purchased":["Gash","Coolheaded+1","Gash","Go for the Eyes","Shuriken","Redo+1","Redo+1","Conserve Battery+1"],"campfire_rested":0,"item_purchase_floors":[4,20,20,37,53,53,53,53],"current_hp_per_floor":[75,75,74,74,68,68,68,68,68,68,63,55,43,36,36,35,75,74,74,74,60,60,29,38,38,38,47,47,47,47,47,59,59,75,73,67,67,67,67,75,75,75,75,75,73,73,63,47,62,20,75,75,75,40,0],"gold":36,"neow_bonus":"BOSS_RELIC","is_prod":false,"is_daily":false,"chose_seed":false,"campfire_upgraded":10,"win_rate":0,"timestamp":1545386452,"path_taken":["M","?","?","$","?","R","?","R","T","R","M","E","?","?","R","BOSS","M","?","$","M","M","E","R","M","T","R","M","$","M","?","R","BOSS","M","M","$","M","M","R","E","R","T","?","M","?","?","E","R","BOSS","R","$","E","BOSS"],"build_version":"2018-12-20","purchased_purges":4,"victory":false,"max_hp_per_floor":[75,75,75,75,75,75,75,75,75,75,75,75,75,75,75,75,75,75,75,75,75,75,75,75,75,75,75,75,75,75,75,75,75,75,75,75,75,75,75,75,75,75,75,75,75,75,75,75,75,75,75,75,75,75,75],"card_choices":[{"not_picked":["Leap","Conserve Battery"],"picked":"FTL","floor":1},{"not_picked":["Rip and Tear","Barrage","Chaos"],"picked":"SKIP","floor":3},{"not_picked":["Heatsinks","Redo"],"picked":"Gash","floor":5},{"not_picked":["Gash","Aggregate"],"picked":"Machine Learning","floor":11},{"not_picked":["Turbo","Sunder"],"picked":"Leap","floor":12},{"not_picked":["Meteor Strike","Buffer"],"picked":"Core Surge","floor":16},{"not_picked":["Leap+1","Storm"],"picked":"Go for the Eyes+1","floor":18},{"not_picked":["Compile Driver+1","Defragment"],"picked":"FTL+1","floor":21},{"not_picked":["Sweeping Beam","Auto Shields+1"],"picked":"Conserve Battery+1","floor":22},{"not_picked":["Defragment","Rebound"],"picked":"Hologram+1","floor":23},{"not_picked":["Compile Driver","Defragment"],"picked":"Reprogram+1","floor":25},{"not_picked":["Aggregate+1","Sweeping Beam+1"],"picked":"Gash","floor":28},{"not_picked":["Compile Driver","Auto Shields+1"],"picked":"Conserve Battery+1","floor":30},{"not_picked":["Stack+1","Melter"],"picked":"Go for the Eyes","floor":35},{"not_picked":["Go for the Eyes","Blizzard"],"picked":"Gash+1","floor":36},{"not_picked":["BootSequence+1","Lockon"],"picked":"Reprogram+1","floor":38},{"not_picked":["Streamline+1","Turbo+1","Cold Snap"],"picked":"SKIP","floor":39},{"not_picked":["Barrage+1","Blizzard"],"picked":"Gash","floor":41},{"not_picked":["Ball Lightning+1","Stack+1"],"picked":"Reboot+1","floor":45},{"not_picked":["Thunder Strike","Leap+1"],"picked":"Gash+1","floor":46},{"not_picked":["Deep Breath+1","Apotheosis+1"],"picked":"Metamorphosis+1","floor":47},{"not_picked":["Finesse+1","HandOfGreed"],"picked":"Good Instincts+1","floor":47},{"not_picked":["Magnetism","Swift Strike"],"picked":"Deep Breath+1","floor":47},{"not_picked":["Ball Lightning+1","Steam+1","Stack+1"],"picked":"SKIP","floor":48},{"not_picked":["Buffer","Compile Driver+1"],"picked":"Go for the Eyes","floor":54}],"player_experience":137566,"relics_obtained":[{"floor":7,"key":"Kunai"},{"floor":9,"key":"The Courier"},{"floor":12,"key":"Toxic Egg 2"},{"floor":23,"key":"Bottled Lightning"},{"floor":41,"key":"Bag of Preparation"},{"floor":41,"key":"Ice Cream"},{"floor":43,"key":"Boot"},{"floor":44,"key":"Mercury Hourglass"},{"floor":46,"key":"Du-Vu Doll"},{"floor":48,"key":"Bottled Tornado"},{"floor":48,"key":"PreservedInsect"},{"floor":54,"key":"Blood Vial"},{"floor":54,"key":"Art of War"}],"event_choices":[{"cards_removed":["FTL"],"damage_healed":0,"gold_gain":0,"player_choice":"Gave Card","damage_taken":0,"relics_obtained":["Incense Burner"],"max_hp_gain":0,"max_hp_loss":0,"event_name":"WeMeetAgain","floor":2,"gold_loss":0},{"damage_healed":0,"gold_gain":0,"player_choice":"Success","damage_taken":12,"relics_obtained":["Unceasing Top"],"max_hp_gain":0,"max_hp_loss":0,"event_name":"Scrap Ooze","floor":13,"gold_loss":0},{"cards_removed":["Strike_B"],"damage_healed":0,"gold_gain":0,"player_choice":"Card Removal","damage_taken":7,"max_hp_gain":0,"max_hp_loss":0,"event_name":"Golden Wing","floor":14,"gold_loss":0},{"damage_healed":0,"gold_gain":0,"player_choice":"Inject Mutagens","damage_taken":0,"relics_obtained":["MutagenicStrength"],"max_hp_gain":0,"max_hp_loss":0,"event_name":"Drug Dealer","floor":19,"gold_loss":0},{"damage_healed":0,"gold_gain":0,"player_choice":"Traded Relic","damage_taken":0,"relics_obtained":["Nloth\u0027s Gift"],"max_hp_gain":0,"max_hp_loss":0,"event_name":"N\u0027loth","floor":31,"relics_lost":["Incense Burner"],"gold_loss":0},{"damage_healed":0,"gold_gain":0,"player_choice":"Fight","damage_taken":0,"max_hp_gain":0,"max_hp_loss":0,"event_name":"MindBloom","floor":46,"gold_loss":0},{"damage_healed":0,"gold_gain":0,"player_choice":"Memory 3","damage_taken":10,"max_hp_gain":0,"max_hp_loss":0,"event_name":"SensoryStone","floor":47,"gold_loss":0}],"is_beta":false,"boss_relics":[{"not_picked":["Runic Dome","Ectoplasm"],"picked":"Eternal Feather"},{"not_picked":["Orrery","Cursed Key"],"picked":"Black Star"}],"items_purged_floors":[4,20,29,37],"is_endless":false,"potions_floor_spawned":[11,21,22,25,30,33,35,38,45],"killed_by":"The Heart","ascension_level":1}