{"gold_per_floor":[117,117,117,132,207,207,56,67,67,67,84,84,97,111,111,215,215,233,246,257,267,267],"floor_reached":22,"playtime":1757,"items_purged":["Defend_B"],"score":180,"play_id":"f6961597-3347-4481-95c0-45056fab41dd","local_time":"20190813183239","is_ascension_mode":false,"campfire_choices":[{"data":"Coolheaded","floor":6,"key":"SMITH"},{"data":"Reinforced Body","floor":10,"key":"SMITH"},{"data":"Gash","floor":12,"key":"SMITH"},{"data":"Gash","floor":15,"key":"SMITH"}],"neow_cost":"NONE","seed_source_timestamp":175746933003400,"circlet_count":0,"master_deck":["Strike_B","Strike_B","Strike_B","Strike_B","Defend_B","Defend_B","Defend_B","Zap","Dualcast","Coolheaded+1","Go for the Eyes","Reinforced Body+1","Conserve Battery","Gash+1","Gash+1","Heatsinks","Creative AI","Beam Cell+1","Lockon","Gash+1","Loop"],"relics":["Cracked Core","NeowsBlessing","Matryoshka","Potion Belt","Bottled Lightning","Lizard Tail"],"potions_floor_usage":[16,19,21],"damage_taken":[{"damage":0,"enemies":"Jaw Worm","floor":1,"turns":1},{"damage":0,"enemies":"2 Louse","floor":4,"turns":1},{"damage":0,"enemies":"Cultist","floor":8,"turns":1},{"damage":0,"enemies":"Large Slime","floor":11,"turns":5},{"damage":11,"enemies":"Exordium Thugs","floor":13,"turns":6},{"damage":0,"enemies":"3 Louse","floor":14,"turns":5},{"damage":7,"enemies":"Slime Boss","floor":16,"turns":15},{"damage":62,"enemies":"Chosen","floor":18,"turns":6},{"damage":18,"enemies":"Shell Parasite","floor":19,"turns":8},{"damage":32,"enemies":"Snake Plant","floor":20,"turns":7},{"damage":12,"enemies":"Snecko","floor":21,"turns":5},{"damage":22,"enemies":"Shelled Parasite and Fungi","floor":22,"turns":3}],"seed_played":"-2307101312269162256","potions_obtained":[{"floor":11,"key":"Weak Potion"},{"floor":13,"key":"Regen Potion"},{"floor":16,"key":"Strength Potion"},{"floor":18,"key":"FairyPotion"},{"floor":20,"key":"Poison Potion"}],"is_trial":false,"path_per_floor":["M","?","T","M","?","R","$","M","T","R","M","R","M","M","R","B",null,"M","M","M","M","M"],"character_chosen":"DEFECT","items_purchased":["Reinforced Body"],"campfire_rested":0,"item_purchase_floors":[7],"current_hp_per_floor":[75,80,80,80,69,69,69,69,69,69,69,69,58,58,58,66,80,18,8,22,10,0],"gold":267,"neow_bonus":"THREE_ENEMY_KILL","is_prod":false,"is_daily":false,"chose_seed":false,"campfire_upgraded":4,"win_rate":0.0,"timestamp":1565735559,"path_taken":["M","?","?","M","?","R","?","M","T","R","M","R","M","?","R","BOSS","M","M","M","?","M"],"build_version":"2019-07-17","purchased_purges":1,"victory":false,"max_hp_per_floor":[75,80,80,80,80,80,80,80,80,80,80,80,80,80,80,80,80,80,80,80,80,80],"card_choices":[{"not_picked":["Beam Cell","Chaos"],"picked":"Coolheaded","floor":1},{"not_picked":["Lockon","Stack"],"picked":"Go for the Eyes","floor":4},{"not_picked":["Hello World","Stack"],"picked":"Conserve Battery","floor":8},{"not_picked":["Chill","Capacitor"],"picked":"Gash","floor":11},{"not_picked":["Go for the Eyes","Coolheaded"],"picked":"Gash","floor":13},{"not_picked":["Leap","Beam Cell"],"picked":"Heatsinks","floor":14},{"not_picked":["Electrodynamics","Multi-Cast"],"picked":"Creative AI","floor":16},{"not_picked":["Stack+1","Rebound+1"],"picked":"Beam Cell+1","floor":18},{"not_picked":["Compile Driver","Chaos"],"picked":"Lockon","floor":19},{"not_picked":["Streamline","Leap"],"picked":"Gash+1","floor":20},{"not_picked":["Streamline","Cold Snap"],"picked":"Loop","floor":21}],"player_experience":27953,"relics_obtained":[{"floor":3,"key":"Matryoshka"},{"floor":9,"key":"Potion Belt"},{"floor":9,"key":"Bottled Lightning"}],"event_choices":[{"damage_healed":0,"gold_gain":0,"player_choice":"Donut","damage_taken":0,"max_hp_gain":5,"max_hp_loss":0,"event_name":"Big Fish","floor":2,"gold_loss":0},{"damage_healed":0,"gold_gain":75,"player_choice":"Gather Gold","damage_taken":11,"max_hp_gain":0,"max_hp_loss":0,"event_name":"World of Goop","floor":5,"gold_loss":0}],"is_beta":false,"boss_relics":[{"not_picked":["Cursed Key","Orrery"],"picked":"Lizard Tail"}],"items_purged_floors":[7],"is_endless":false,"potions_floor_spawned":[11,13,16,18,20],"killed_by":"Shelled Parasite and Fungi","ascension_level":0}