{"gold_per_floor":[210,210,135,135,152,180,192,192,192,204,34,34,50,63,63,63],"floor_reached":16,"playtime":619,"items_purged":["Defend_R","Strike_R"],"score":102,"play_id":"376bd41e-c2d9-4888-8b20-7b7a9b147324","local_time":"20190127173147","is_ascension_mode":false,"campfire_choices":[{"data":"Bash","floor":12,"key":"SMITH"},{"data":"Dropkick","floor":15,"key":"SMITH"}],"neow_cost":"NONE","seed_source_timestamp":147983564368119,"circlet_count":0,"master_deck":["Strike_R","Strike_R","Strike_R","Defend_R","Defend_R","Defend_R","Bash+1","Rampage","Dropkick+1","Burning Pact"],"relics":["Burning Blood","Letter Opener","Blue Candle"],"potions_floor_usage":[10,14],"damage_taken":[{"damage":0,"enemies":"2 Louse","floor":1,"turns":3},{"damage":6,"enemies":"Cultist","floor":5,"turns":3},{"damage":31,"enemies":"Lagavulin","floor":6,"turns":7},{"damage":10,"enemies":"Small Slimes","floor":7,"turns":3},{"damage":10,"enemies":"3 Louse","floor":10,"turns":7},{"damage":5,"enemies":"Looter","floor":13,"turns":3},{"damage":9,"enemies":"Blue Slaver","floor":14,"turns":4},{"damage":72,"enemies":"The Guardian","floor":16,"turns":10}],"seed_played":"444034723283018261","potions_obtained":[{"floor":2,"key":"PowerPotion"},{"floor":2,"key":"SneckoOil"},{"floor":2,"key":"Regen Potion"},{"floor":6,"key":"EssenceOfSteel"},{"floor":7,"key":"Strength Potion"},{"floor":10,"key":"BloodPotion"}],"is_trial":false,"path_per_floor":["M","?","$","?","M","E","M","$","T","M","$","R","M","M","R","B"],"character_chosen":"IRONCLAD","items_purchased":["Dropkick"],"campfire_rested":0,"item_purchase_floors":[11],"current_hp_per_floor":[80,80,80,80,80,55,51,51,51,62,62,62,63,68,68,0],"gold":63,"neow_bonus":"HUNDRED_GOLD","is_prod":false,"is_daily":false,"chose_seed":false,"campfire_upgraded":2,"win_rate":0,"timestamp":1548635507,"path_taken":["M","?","?","?","M","E","M","$","T","M","$","R","M","M","R","BOSS"],"build_version":"2019-01-23","purchased_purges":2,"victory":false,"max_hp_per_floor":[80,80,80,80,80,80,80,80,80,80,80,80,80,80,80,80],"card_choices":[{"not_picked":["Havoc","Burning Pact","Spot Weakness"],"picked":"SKIP","floor":1},{"not_picked":["Heavy Blade","Perfected Strike"],"picked":"Rampage","floor":5},{"not_picked":["Blood for Blood","Corruption","Perfected Strike"],"picked":"SKIP","floor":6},{"not_picked":["Rampage","Shrug It Off","Second Wind"],"picked":"SKIP","floor":7},{"not_picked":["Reckless Charge","Pommel Strike","Fire Breathing"],"picked":"SKIP","floor":10},{"not_picked":["Cleave","Immolate"],"picked":"Burning Pact","floor":13},{"not_picked":["Warcry","Wild Strike","Whirlwind"],"picked":"SKIP","floor":14}],"player_experience":340752,"relics_obtained":[{"floor":6,"key":"Letter Opener"},{"floor":9,"key":"Blue Candle"}],"event_choices":[{"damage_healed":0,"gold_gain":0,"player_choice":"Got Potions","damage_taken":0,"max_hp_gain":0,"max_hp_loss":0,"event_name":"Lab","floor":2,"gold_loss":0},{"cards_removed":["Strike_R"],"damage_healed":0,"gold_gain":0,"player_choice":"Forget","damage_taken":0,"max_hp_gain":0,"max_hp_loss":0,"event_name":"Living Wall","floor":4,"gold_loss":0}],"is_beta":false,"boss_relics":[],"items_purged_floors":[3,11],"is_endless":false,"potions_floor_spawned":[6,7,10],"killed_by":"The Guardian","ascension_level":0}