{"gold_per_floor":[118,118,193,204,216,245,245,245,245,245,260,280,280,305,305,405,405,415,425,441,441,124,151,151,176,199,1,1,11,31,47,47,152,152,172,185,199,199,199,199,210,228,228,228],"floor_reached":44,"playtime":2530,"items_purged":["Defend_R"],"score":647,"play_id":"8612689f-ae81-42a2-a1dc-6157f1300489","local_time":"20190801140956","is_ascension_mode":true,"campfire_choices":[{"floor":8,"key":"REST"},{"floor":10,"key":"REST"},{"data":"Spot Weakness","floor":15,"key":"SMITH"},{"floor":24,"key":"REST"},{"data":"Shrug It Off","floor":32,"key":"SMITH"},{"floor":40,"key":"REST"}],"neow_cost":"NONE","seed_source_timestamp":275228988619774,"circlet_count":0,"master_deck":["Strike_R","Strike_R","Strike_R","Strike_R","Strike_R","Defend_R","Defend_R","Defend_R","Bash+1","Sword Boomerang","Twin Strike","Headbutt","Iron Wave","Demon Form+1","Spot Weakness+1","Feed","Uppercut+1","Ghostly Armor+1","Bloodletting+1","Whirlwind","Shrug It Off+1","Fiend Fire","Clumsy","Iron Wave","Shrug It Off+1","Impervious","Heavy Blade+1","Dropkick+1","Rage+1","Feed","Normality"],"relics":["Burning Blood","Pantograph","Mercury Hourglass","Blue Candle","Ancient Tea Set","Cursed Key","Bag of Preparation","Boot","Dodecahedron","Anchor","Brimstone","Black Star","Mummified Hand"],"potions_floor_usage":[6,14,18,25,25,31,33,33,35,37,42,44],"damage_taken":[{"damage":9,"enemies":"Jaw Worm","floor":1,"turns":3},{"damage":15,"enemies":"2 Louse","floor":4,"turns":3},{"damage":7,"enemies":"Small Slimes","floor":5,"turns":3},{"damage":30,"enemies":"Lagavulin","floor":6,"turns":5},{"damage":11,"enemies":"Blue Slaver","floor":11,"turns":3},{"damage":2,"enemies":"2 Fungi Beasts","floor":12,"turns":3},{"damage":15,"enemies":"3 Sentries","floor":14,"turns":5},{"damage":44,"enemies":"The Guardian","floor":16,"turns":7},{"damage":6,"enemies":"Spheric Guardian","floor":18,"turns":3},{"damage":7,"enemies":"Chosen","floor":19,"turns":3},{"damage":18,"enemies":"Snake Plant","floor":20,"turns":2},{"damage":59,"enemies":"Slavers","floor":23,"turns":4},{"damage":11,"enemies":"Gremlin Leader","floor":25,"turns":4},{"damage":0,"enemies":"Centurion and Healer","floor":29,"turns":4},{"damage":1,"enemies":"Snecko","floor":30,"turns":3},{"damage":6,"enemies":"Cultist and Chosen","floor":31,"turns":3},{"damage":21,"enemies":"Champ","floor":33,"turns":7},{"damage":14,"enemies":"3 Darklings","floor":35,"turns":3},{"damage":3,"enemies":"Orb Walker","floor":36,"turns":3},{"damage":26,"enemies":"Maw","floor":37,"turns":5},{"damage":48,"enemies":"Spire Growth","floor":41,"turns":4},{"damage":21,"enemies":"3 Darklings","floor":42,"turns":4},{"damage":47,"enemies":"Giant Head","floor":44,"turns":5}],"seed_played":"330411249408993402","potions_obtained":[{"floor":1,"key":"GamblersBrew"},{"floor":5,"key":"PowerPotion"},{"floor":11,"key":"Fire Potion"},{"floor":12,"key":"AttackPotion"},{"floor":18,"key":"LiquidBronze"},{"floor":23,"key":"LiquidBronze"},{"floor":29,"key":"Block Potion"},{"floor":30,"key":"Explosive Potion"},{"floor":33,"key":"Weak Potion"},{"floor":35,"key":"Swift Potion"},{"floor":36,"key":"Explosive Potion"},{"floor":42,"key":"Explosive Potion"}],"is_trial":false,"path_per_floor":["M","?","?","M","M","E","?","R","T","R","M","M","?","E","R","B",null,"M","M","M","?","$","E","R","E","T","$","?","M","M","M","R","B",null,"M","M","M","$","?","R","M","M","T","E"],"character_chosen":"IRONCLAD","items_purchased":["Bag of Preparation","Whirlwind","Shrug It Off","Brimstone"],"campfire_rested":4,"item_purchase_floors":[22,22,22,27],"current_hp_per_floor":[69,74,63,54,53,29,26,51,51,76,71,75,75,66,66,47,76,76,75,66,66,66,13,39,37,37,37,37,43,48,48,48,58,83,75,78,58,58,58,85,43,28,28,0],"gold":228,"neow_bonus":"UPGRADE_CARD","is_prod":false,"is_daily":false,"chose_seed":false,"campfire_upgraded":2,"win_rate":0,"timestamp":1564664996,"path_taken":["M","?","?","M","M","E","?","R","T","R","M","M","?","E","R","BOSS","M","M","M","?","$","E","R","E","T","$","?","M","M","M","R","BOSS","M","M","M","$","?","R","M","M","T","E"],"build_version":"2019-07-05","purchased_purges":1,"victory":false,"max_hp_per_floor":[80,85,85,85,85,85,85,85,85,85,85,85,85,85,85,85,85,85,85,88,88,88,88,88,91,91,91,91,91,91,91,91,91,91,91,91,91,91,91,91,91,91,91,91],"card_choices":[{"not_picked":["Thunderclap","Body Slam"],"picked":"Sword Boomerang","floor":1},{"not_picked":["Blood for Blood","Corruption"],"picked":"Twin Strike","floor":4},{"not_picked":["Flex","Evolve"],"picked":"Headbutt","floor":5},{"not_picked":["Pommel Strike","Power Through"],"picked":"Iron Wave","floor":6},{"not_picked":["Uppercut","Spot Weakness"],"picked":"Demon Form","floor":11},{"not_picked":["Rupture","Warcry","Evolve"],"picked":"SKIP","floor":12},{"not_picked":["Hemokinesis","Headbutt"],"picked":"Spot Weakness","floor":14},{"not_picked":["Impervious","Juggernaut"],"picked":"Feed","floor":16},{"not_picked":["Clothesline+1","Cleave"],"picked":"Uppercut+1","floor":18},{"not_picked":["Clothesline+1","Iron Wave"],"picked":"Ghostly Armor+1","floor":19},{"not_picked":["Corruption","Ghostly Armor+1"],"picked":"Bloodletting+1","floor":20},{"not_picked":["Perfected Strike","Reckless Charge","Evolve"],"picked":"SKIP","floor":23},{"not_picked":["Shockwave","Pommel Strike"],"picked":"Fiend Fire","floor":25},{"not_picked":["Flex","Rampage"],"picked":"Iron Wave","floor":29},{"not_picked":["Dual Wield","Sentinel","Thunderclap"],"picked":"SKIP","floor":30},{"not_picked":["Wild Strike","Armaments"],"picked":"Shrug It Off+1","floor":31},{"not_picked":["Exhume","Immolate"],"picked":"Impervious","floor":33},{"not_picked":["Shrug It Off+1","Rupture"],"picked":"Heavy Blade+1","floor":35},{"not_picked":["Clothesline","Flex","Intimidate"],"picked":"SKIP","floor":36},{"not_picked":["Flex+1","Warcry+1"],"picked":"Dropkick+1","floor":37},{"not_picked":["Intimidate+1","Heavy Blade"],"picked":"Rage+1","floor":41},{"not_picked":["Feed","Reckless Charge+1","Rage+1"],"picked":"SKIP","floor":42},{"not_picked":["Reckless Charge+1","Rage+1"],"picked":"Feed","floor":42}],"player_experience":174000,"relics_obtained":[{"floor":6,"key":"Pantograph"},{"floor":9,"key":"Blue Candle"},{"floor":14,"key":"Ancient Tea Set"},{"floor":23,"key":"Boot"},{"floor":25,"key":"Dodecahedron"},{"floor":26,"key":"Anchor"},{"floor":43,"key":"Mummified Hand"}],"event_choices":[{"damage_healed":0,"gold_gain":0,"player_choice":"Donut","damage_taken":0,"max_hp_gain":5,"max_hp_loss":0,"event_name":"Big Fish","floor":2,"gold_loss":0},{"damage_healed":0,"gold_gain":75,"player_choice":"Gather Gold","damage_taken":11,"max_hp_gain":0,"max_hp_loss":0,"event_name":"World of Goop","floor":3,"gold_loss":0},{"damage_healed":0,"gold_gain":0,"player_choice":"Success","damage_taken":3,"relics_obtained":["Mercury Hourglass"],"max_hp_gain":0,"max_hp_loss":0,"event_name":"Scrap Ooze","floor":7,"gold_loss":0},{"damage_healed":0,"gold_gain":0,"player_choice":"Grow","damage_taken":0,"max_hp_gain":0,"max_hp_loss":0,"event_name":"Living Wall","floor":13,"gold_loss":0,"cards_upgraded":["Demon Form"]},{"damage_healed":0,"gold_gain":0,"player_choice":"Ignored","damage_taken":0,"max_hp_gain":0,"max_hp_loss":0,"event_name":"Vampires","floor":21,"gold_loss":0},{"damage_healed":0,"gold_gain":0,"player_choice":"Ignored","damage_taken":0,"max_hp_gain":0,"max_hp_loss":0,"event_name":"The Mausoleum","floor":28,"gold_loss":0},{"damage_healed":0,"gold_gain":0,"player_choice":"Ignored","damage_taken":0,"max_hp_gain":0,"max_hp_loss":0,"event_name":"Mysterious Sphere","floor":39,"gold_loss":0}],"is_beta":false,"boss_relics":[{"not_picked":["Empty Cage","Velvet Choker"],"picked":"Cursed Key"},{"not_picked":["Calling Bell","Runic Cube"],"picked":"Black Star"}],"items_purged_floors":[22],"is_endless":false,"potions_floor_spawned":[1,5,11,12,18,23,29,30,33,35,36,42],"killed_by":"Giant Head","ascension_level":8}