{"path_per_floor":["M","?","M","M","M","?","R","M","T","M","M","R","?","E","R","B",null,"M","?","M","$","M","R","M","R","T","M","R","M","?","M","R"],"character_chosen":"DEFECT","items_purchased":["Beam Cell","Mind Blast"],"gold_per_floor":[10,85,105,121,131,81,81,95,118,135,147,147,147,173,173,277,277,291,271,289,68,88,88,98,98,123,140,140,150,150,170,170,170],"floor_reached":33,"campfire_rested":3,"playtime":1129,"item_purchase_floors":[],"current_hp_per_floor":[72,61,61,61,59,59,59,59,59,54,54,54,47,34,34,4,75,50,50,50,50,11,33,12,34,34,29,51,36,36,25,25,0],"items_purged":["Strike_B"],"gold":170,"score":303,"play_id":"36d63375-3166-493d-bc78-a92fd6e33ac5","local_time":"20180527141928","is_prod":false,"is_daily":false,"chose_seed":false,"is_ascension_mode":false,"campfire_upgraded":1,"win_rate":0,"timestamp":1527423568,"campfire_choices":[{"data":"1","floor":7.0,"key":"LIFT"},{"data":"2","floor":12.0,"key":"LIFT"},{"data":"3","floor":15.0,"key":"LIFT"},{"floor":23.0,"key":"REST"},{"floor":25.0,"key":"REST"},{"floor":28,"key":"REST"},{"data":"Zap","floor":32,"key":"SMITH"}],"path_taken":["M","?","?","M","M","?","R","M","T","M","?","R","?","E","R","BOSS","M","?","M","$","M","R","M","R","T","M","R","M","?","M","R","BOSS"],"build_version":"2018-05-25","seed_source_timestamp":0,"purchased_purges":1,"victory":false,"master_deck":["Defend_B","Defend_B+1","Defend_B","Zap+1","Dualcast+1","Beam Cell","Go for the Eyes","Beam Cell","Mind Blast","Beam Cell","Bite","Bite","Bite","Bite","Bite","Beam Cell"],"max_hp_per_floor":[75,75,75,75,75,75,75,75,75,75,75,75,75,75,75,75,75,75,75,75,75,75,75,75,75,75,75,75,75,52,52,52,52],"relics":["Cracked Core","Girya","War Paint","Omamori","Cursed Key","Dream Catcher"],"card_choices":[{"not_picked":["FTL","Barrage"],"picked":"Beam Cell","floor":1.0},{"not_picked":["Steam","Hello World","Conserve Battery"],"picked":"SKIP","floor":3.0},{"not_picked":["White Noise","Compile Driver"],"picked":"Go for the Eyes","floor":4.0},{"not_picked":["Consume","Rebound","Conserve Battery"],"picked":"SKIP","floor":5.0},{"not_picked":["Skim","Compile Driver","Hologram"],"picked":"SKIP","floor":8.0},{"not_picked":["Stack","Steam","Hologram"],"picked":"SKIP","floor":10.0},{"not_picked":["Redo","Rainbow","Compile Driver"],"picked":"SKIP","floor":11.0},{"not_picked":["Compile Driver","Heatsinks","Storm"],"picked":"SKIP","floor":14.0},{"not_picked":["Hologram","Cold Snap","Coolheaded"],"picked":"SKIP","floor":18.0},{"not_picked":["Hologram","Cold Snap","Coolheaded+1"],"picked":"SKIP","floor":20.0},{"not_picked":["Undo","Rebound","Lockon+1"],"picked":"SKIP","floor":22.0},{"not_picked":["Fission","Compile Driver","Steam Power"],"picked":"SKIP","floor":24.0},{"not_picked":["Streamline","Turbo+1","Leap"],"picked":"SKIP","floor":27},{"not_picked":["Redo","Hologram"],"picked":"Beam Cell","floor":29},{"not_picked":["Genetic Algorithm+1","Sweeping Beam"],"picked":"Beam Cell","floor":31}],"player_experience":472703,"potions_floor_usage":[29],"damage_taken":[{"damage":3.0,"enemies":"Jaw Worm","floor":1.0,"turns":4.0},{"damage":0.0,"enemies":"Small Slimes","floor":3.0,"turns":3.0},{"damage":0.0,"enemies":"Cultist","floor":4.0,"turns":2.0},{"damage":2.0,"enemies":"3 Louse","floor":5.0,"turns":3.0},{"damage":0.0,"enemies":"Blue Slaver","floor":8.0,"turns":3.0},{"damage":5.0,"enemies":"Exordium Wildlife","floor":10.0,"turns":5.0},{"damage":0.0,"enemies":"Gremlin Gang","floor":11.0,"turns":4.0},{"damage":13.0,"enemies":"Gremlin Nob","floor":14.0,"turns":3.0},{"damage":30.0,"enemies":"The Guardian","floor":16.0,"turns":10.0},{"damage":25.0,"enemies":"3 Byrds","floor":18.0,"turns":4.0},{"damage":0.0,"enemies":"Chosen","floor":20.0,"turns":4.0},{"damage":39.0,"enemies":"Snecko","floor":22.0,"turns":5.0},{"damage":21.0,"enemies":"3 Cultists","floor":24.0,"turns":5.0},{"damage":5,"enemies":"Centurion and Healer","floor":27,"turns":5},{"damage":30,"enemies":"Cultist and Chosen","floor":29,"turns":7},{"damage":25,"enemies":"Sentry and Sphere","floor":31,"turns":4},{"damage":60,"enemies":"Automaton","floor":33,"turns":6}],"relics_obtained":[{"floor":9.0,"key":"War Paint"},{"floor":14.0,"key":"Omamori"},{"floor":26.0,"key":"Dream Catcher"}],"event_choices":[{"event_name":"World of Goop","player_choice":"Gather Gold","floor":2.0,"damage_taken":0.0},{"event_name":"The Cleric","player_choice":"Card Removal","floor":6.0,"damage_taken":0.0},{"event_name":"Golden Wing","player_choice":"Card Removal","floor":13.0,"damage_taken":0.0},{"event_name":"The Woman in Blue","player_choice":"Bought 1 Potion","floor":19.0,"damage_taken":0.0},{"event_name":"Vampires","player_choice":"Became a vampire","floor":30,"damage_taken":0}],"boss_relics":[],"items_purged_floors":[],"potions_floor_spawned":[4,5,10,11,14,18,22],"seed_played":"-3769885464762463792","killed_by":"Automaton","ascension_level":0,"potions_obtained":[{"floor":4.0,"key":"PowerPotion"},{"floor":5.0,"key":"SpeedPotion"},{"floor":10.0,"key":"Fire Potion"},{"floor":11.0,"key":"Energy Potion"},{"floor":14.0,"key":"Poison Potion"},{"floor":18.0,"key":"Energy Potion"},{"floor":19.0,"key":"Regen Potion"}],"is_trial":false}