{"gold_per_floor":[111,286,286,296,45,75,75,51,97,117,117,135,153,182,182,277,277,292,312,29,29,49,65,396,412,412,412,412,10,39,39,39,134,134,147,127,142,155,174,200,219,35,35,46,46],"floor_reached":45,"playtime":6016,"items_purged":["Doubt","Defend_G","Defend_G","Strike_G"],"score":622,"play_id":"caf23ea9-5de3-47a0-8599-38bb8c24aa43","local_time":"20181202210552","is_ascension_mode":false,"campfire_choices":[{"data":"Prepared","floor":7,"key":"SMITH"},{"data":"Footwork","floor":15,"key":"SMITH"},{"data":"Outmaneuver","floor":28,"key":"SMITH"},{"data":"Well Laid Plans","floor":32,"key":"SMITH"}],"neow_cost":"NONE","seed_source_timestamp":697574878785952,"circlet_count":0,"master_deck":["Defend_G","Defend_G","Defend_G","Strike_G","Strike_G","Strike_G","Strike_G","Survivor","Neutralize","Flying Knee","Backflip","Prepared+1","Madness","Footwork+1","Leg Sweep","Deadly Poison","Caltrops","Terror","Flying Knee","Backflip","Venomology","Predator","Blur","Crippling Poison","Footwork","Flechettes","Ghostly","Ghostly","Ghostly","Ghostly","Ghostly","Backflip","All Out Attack+1","Outmaneuver+1","Finisher","Well Laid Plans+1","Distraction","Envenom","Backstab","Dagger Spray+1","Outmaneuver+1","Blur","Blade Dance+1","Outmaneuver","Predator","Expertise+1"],"relics":["Ring of the Snake","Matryoshka","Boot","Strawberry","Bronze Scales","FossilizedHelix","Ice Cream","Coffee Dripper","Old Coin","Bottled Lightning","Bottled Tornado","Dodecahedron","GremlinMask","Black Star","Oddly Smooth Stone","Orichalcum","Toxic Egg 2"],"potions_floor_usage":[16,16,16,17,24,24,27,30,33,33,33,33,37,38,38,38,39,40,41,44,44],"damage_taken":[{"damage":0,"enemies":"2 Louse","floor":1,"turns":5},{"damage":9,"enemies":"Jaw Worm","floor":4,"turns":5},{"damage":46,"enemies":"Gremlin Nob","floor":6,"turns":6},{"damage":0,"enemies":"Cultist","floor":10,"turns":4},{"damage":0,"enemies":"Red Slaver","floor":12,"turns":3},{"damage":3,"enemies":"Exordium Thugs","floor":13,"turns":5},{"damage":6,"enemies":"3 Sentries","floor":14,"turns":8},{"damage":27,"enemies":"Slime Boss","floor":16,"turns":13},{"damage":0,"enemies":"Shell Parasite","floor":18,"turns":5},{"damage":0,"enemies":"3 Byrds","floor":19,"turns":4},{"damage":0,"enemies":"Centurion and Healer","floor":22,"turns":9},{"damage":5,"enemies":"Shelled Parasite and Fungi","floor":23,"turns":7},{"damage":12,"enemies":"Slavers","floor":24,"turns":6},{"damage":0,"enemies":"Snake Plant","floor":25,"turns":4},{"damage":0,"enemies":"Colosseum Slavers","floor":27,"turns":5},{"damage":9,"enemies":"Book of Stabbing","floor":30,"turns":5},{"damage":0,"enemies":"Champ","floor":33,"turns":13},{"damage":9,"enemies":"3 Darklings","floor":35,"turns":5},{"damage":2,"enemies":"Orb Walker","floor":37,"turns":5},{"damage":7,"enemies":"Writhing Mass","floor":38,"turns":4},{"damage":1,"enemies":"3 Darklings","floor":39,"turns":6},{"damage":18,"enemies":"Nemesis","floor":40,"turns":8},{"damage":0,"enemies":"Transient","floor":41,"turns":5},{"damage":0,"enemies":"Sphere and 2 Shapes","floor":44,"turns":5},{"damage":14,"enemies":"4 Shapes","floor":45,"turns":1}],"seed_played":"-3520417829121360547","potions_obtained":[{"floor":6,"key":"FearPotion"},{"floor":10,"key":"LiquidBronze"},{"floor":12,"key":"Regen Potion"},{"floor":14,"key":"Swift Potion"},{"floor":16,"key":"Fruit Juice"},{"floor":22,"key":"Explosive Potion"},{"floor":24,"key":"FearPotion"},{"floor":30,"key":"EssenceOfSteel"},{"floor":35,"key":"Block Potion"},{"floor":36,"key":"SkillPotion"},{"floor":38,"key":"FearPotion"},{"floor":44,"key":"LiquidBronze"}],"is_trial":false,"path_per_floor":["M","?","?","M","$","E","R","$","T","M","T","M","M","E","R","B",null,"M","M","$","?","M","M","E","M","T","?","R","$","E","?","R","B",null,"M","?","M","M","M","E","M","$","T","M","M"],"character_chosen":"THE_SILENT","items_purchased":["Prepared","Madness","Footwork","Deadly Poison","Crippling Poison","Footwork","Flechettes","Well Laid Plans","Bottled Tornado","Predator"],"campfire_rested":0,"item_purchase_floors":[5,5,5,8,20,20,20,29,29,42],"current_hp_per_floor":[77,77,77,68,68,22,22,22,29,29,29,29,26,20,20,8,89,89,89,89,44,44,39,27,27,27,27,27,27,18,18,18,18,44,35,35,33,26,25,7,7,7,7,7,0],"gold":46,"neow_bonus":"TEN_PERCENT_HP_BONUS","is_prod":false,"is_daily":false,"chose_seed":false,"campfire_upgraded":4,"win_rate":0.0,"timestamp":1543809952,"path_taken":["M","?","?","?","$","E","R","?","T","M","?","?","M","E","R","BOSS","M","M","$","?","M","M","E","M","T","?","R","?","E","?","R","BOSS","M","?","M","M","M","E","M","$","T","M","M"],"build_version":"2018-11-15","purchased_purges":4,"victory":false,"max_hp_per_floor":[77,77,77,77,77,77,77,77,84,84,84,84,84,84,84,84,89,89,89,89,44,44,44,44,44,44,44,44,44,44,44,44,44,44,44,44,44,44,44,44,44,44,44,44,44],"card_choices":[{"not_picked":["Prepared","Caltrops"],"picked":"Flying Knee","floor":1},{"not_picked":["PiercingWail","Blade Dance"],"picked":"Backflip","floor":4},{"not_picked":["Underhanded Strike","Slice"],"picked":"Leg Sweep","floor":6},{"not_picked":["Dagger Spray","Blur"],"picked":"Caltrops","floor":10},{"not_picked":["Distraction","Calculated Gamble"],"picked":"Terror","floor":12},{"not_picked":["Underhanded Strike","Caltrops"],"picked":"Flying Knee","floor":13},{"not_picked":["Slice","Distraction"],"picked":"Backflip","floor":14},{"not_picked":["Unload","Phantasmal Killer"],"picked":"Venomology","floor":16},{"not_picked":["Blade Dance","Bouncing Flask"],"picked":"Predator","floor":18},{"not_picked":["Slice","Quick Slash"],"picked":"Blur","floor":19},{"not_picked":["Deflect","Flechettes"],"picked":"Backflip","floor":22},{"not_picked":["Slice","Dagger Throw"],"picked":"All Out Attack+1","floor":23},{"not_picked":["Calculated Gamble","Expertise"],"picked":"Outmaneuver","floor":24},{"not_picked":["Prepared","Poisoned Stab+1"],"picked":"Finisher","floor":25},{"not_picked":["Flechettes","Dagger Throw"],"picked":"Distraction","floor":30},{"not_picked":["Adrenaline","Phantasmal Killer"],"picked":"Envenom","floor":33},{"not_picked":["Underhanded Strike","Dagger Throw"],"picked":"Backstab","floor":35},{"not_picked":["Quick Slash+1","Deadly Poison"],"picked":"Dagger Spray+1","floor":37},{"not_picked":["Quick Slash+1","Backflip+1"],"picked":"Outmaneuver+1","floor":38},{"not_picked":["Masterful Stab+1","Dagger Throw"],"picked":"Blur","floor":39},{"not_picked":["Glass Knife","Crippling Poison"],"picked":"Blade Dance+1","floor":40},{"not_picked":["Predator","Dodge and Roll+1"],"picked":"Outmaneuver","floor":41},{"not_picked":["Dagger Spray","Prepared+1"],"picked":"Expertise+1","floor":44}],"player_experience":7660,"relics_obtained":[{"floor":6,"key":"Matryoshka"},{"floor":9,"key":"Boot"},{"floor":9,"key":"Strawberry"},{"floor":11,"key":"Bronze Scales"},{"floor":11,"key":"FossilizedHelix"},{"floor":14,"key":"Ice Cream"},{"floor":24,"key":"Old Coin"},{"floor":26,"key":"Bottled Lightning"},{"floor":30,"key":"Dodecahedron"},{"floor":40,"key":"Oddly Smooth Stone"},{"floor":40,"key":"Orichalcum"},{"floor":43,"key":"Toxic Egg 2"}],"event_choices":[{"damage_healed":0,"gold_gain":175,"player_choice":"AGREE","damage_taken":0,"max_hp_gain":0,"max_hp_loss":0,"event_name":"Liars Game","floor":2,"gold_loss":0,"cards_obtained":["Doubt"]},{"damage_healed":0,"gold_gain":0,"player_choice":"Full Heal","damage_taken":0,"max_hp_gain":0,"max_hp_loss":0,"event_name":"Wheel of Change","floor":3,"gold_loss":0},{"damage_healed":0,"gold_gain":0,"player_choice":"Became a Ghost","damage_taken":0,"max_hp_gain":0,"max_hp_loss":45,"event_name":"Ghosts","floor":21,"gold_loss":0,"cards_obtained":["Ghostly","Ghostly","Ghostly","Ghostly","Ghostly"]},{"damage_healed":0,"gold_gain":0,"player_choice":"Fight","damage_taken":0,"max_hp_gain":0,"max_hp_loss":0,"event_name":"Colosseum","floor":27,"gold_loss":0},{"damage_healed":0,"gold_gain":0,"player_choice":"Fled From Nobs","damage_taken":0,"max_hp_gain":0,"max_hp_loss":0,"event_name":"Colosseum","floor":27,"gold_loss":0},{"damage_healed":0,"gold_gain":0,"player_choice":"Trade","damage_taken":0,"relics_obtained":["GremlinMask"],"max_hp_gain":0,"max_hp_loss":0,"event_name":"FaceTrader","floor":31,"gold_loss":0},{"damage_healed":0,"gold_gain":0,"player_choice":"Bought 1 Potion","damage_taken":0,"max_hp_gain":0,"max_hp_loss":0,"event_name":"The Woman in Blue","floor":36,"gold_loss":0}],"is_beta":false,"boss_relics":[{"not_picked":["Snecko Eye","Ring of the Serpent"],"picked":"Coffee Dripper"},{"not_picked":["Lizard Tail","WristBlade"],"picked":"Black Star"}],"items_purged_floors":[5,20,29,42],"is_endless":false,"potions_floor_spawned":[6,10,12,14,16,22,23,24,30,35,37,38,44],"killed_by":"4 Shapes","ascension_level":0}