{"gold_per_floor":[115,129,144,144,156,156,169,169,169,49,49,68,78,93,93,198,198,210,15,28,39,49,49,49,49,49,49,49,49,67,67,67,167,167,184,184,184,5,20,20,20,53,80,80,100,118,118,130,130,130],"floor_reached":50,"playtime":4053,"items_purged":[],"score":491,"play_id":"8934ba29-4c26-429d-a736-6c2bdbedf5b2","local_time":"20190810141610","is_ascension_mode":false,"campfire_choices":[{"data":"Shockwave","floor":6,"key":"SMITH"},{"floor":8,"key":"REST"},{"data":"Clash","floor":11,"key":"SMITH"},{"data":"Carnage","floor":15,"key":"SMITH"},{"floor":23,"key":"REST"},{"data":"Whirlwind","floor":25,"key":"SMITH"},{"floor":32,"key":"REST"},{"floor":41,"key":"REST"},{"floor":44,"key":"REST"},{"floor":47,"key":"REST"},{"floor":49,"key":"REST"}],"neow_cost":"NONE","seed_source_timestamp":1686302621825300,"circlet_count":0,"master_deck":["Strike_R","Strike_R","Strike_R","Strike_R","Defend_R","Defend_R","Defend_R","Defend_R","Bash","Shrug It Off","Power Through","Fire Breathing","Feed","Shockwave+1","Searing Blow","Carnage+1","Clash+1","Twin Strike","Infernal Blade","Iron Wave","Bludgeon","Whirlwind+1","Apotheosis","Twin Strike+1","Cleave","Flame Barrier+1","Shame","Warcry+1","J.A.X.+1","Double Tap+1","Thunderclap+1","Dark Shackles+1","Violence+1","HandOfGreed","Clothesline","Shrug It Off+1","Rage+1","Body Slam","Demon Form","Metallicize"],"relics":["Runic Dome","Bag of Marbles","Sozu","PreservedInsect","Toxic Egg 2","Question Card","Mark of Pain","Blood Vial","Potion Belt","Red Skull"],"potions_floor_usage":[],"damage_taken":[{"damage":6,"enemies":"2 Louse","floor":1,"turns":3},{"damage":4,"enemies":"Cultist","floor":2,"turns":4},{"damage":2,"enemies":"Small Slimes","floor":3,"turns":3},{"damage":0,"enemies":"Looter","floor":5,"turns":3},{"damage":13,"enemies":"Large Slime","floor":7,"turns":6},{"damage":6,"enemies":"2 Fungi Beasts","floor":12,"turns":2},{"damage":4,"enemies":"Blue Slaver","floor":13,"turns":2},{"damage":1,"enemies":"Large Slime","floor":14,"turns":4},{"damage":34,"enemies":"Slime Boss","floor":16,"turns":11},{"damage":5,"enemies":"2 Thieves","floor":18,"turns":3},{"damage":10,"enemies":"Chosen","floor":20,"turns":3},{"damage":21,"enemies":"Shelled Parasite and Fungi","floor":21,"turns":3},{"damage":10,"enemies":"Chosen and Byrds","floor":22,"turns":3},{"damage":0,"enemies":"Cultist and Chosen","floor":30,"turns":4},{"damage":37,"enemies":"Champ","floor":33,"turns":9},{"damage":14,"enemies":"3 Darklings","floor":35,"turns":4},{"damage":7,"enemies":"3 Shapes","floor":39,"turns":3},{"damage":33,"enemies":"Nemesis","floor":42,"turns":5},{"damage":6,"enemies":"Transient","floor":45,"turns":5},{"damage":18,"enemies":"Jaw Worm Horde","floor":46,"turns":4},{"damage":32,"enemies":"Sphere and 2 Shapes","floor":48,"turns":3},{"damage":92,"enemies":"Awakened One","floor":50,"turns":13}],"seed_played":"912898082065660488","potions_obtained":[{"floor":7,"key":"Dexterity Potion"},{"floor":13,"key":"GamblersBrew"},{"floor":16,"key":"Regen Potion"}],"is_trial":false,"path_per_floor":["M","M","M","?","M","R","M","R","T","$","R","M","M","M","R","B",null,"M","$","M","M","M","R","?","R","T","?","$","?","M","?","R","B",null,"M","?","?","$","M","?","R","E","T","R","M","M","R","M","R","B"],"character_chosen":"IRONCLAD","items_purchased":["Carnage","Clash","Apotheosis","Clothesline","Blood Vial"],"campfire_rested":7,"item_purchase_floors":[10,10,19,38,38],"current_hp_per_floor":[74,70,68,68,68,68,55,79,79,79,79,76,72,71,71,37,83,78,78,68,47,37,61,61,61,61,61,61,45,49,49,76,43,96,82,82,72,72,67,67,91,58,58,85,81,65,91,59,86,0],"gold":130,"neow_bonus":"BOSS_RELIC","is_prod":false,"is_daily":false,"chose_seed":false,"campfire_upgraded":4,"win_rate":0.0,"timestamp":1565471770,"path_taken":["M","M","M","?","M","R","M","R","T","$","R","M","?","?","R","BOSS","M","?","?","M","M","R","?","R","T","?","$","?","M","?","R","BOSS","M","?","?","$","M","?","R","E","T","R","?","M","R","M","R","BOSS"],"build_version":"2019-07-17","purchased_purges":0,"victory":false,"max_hp_per_floor":[80,80,80,80,80,80,80,80,80,80,80,83,83,83,83,83,83,83,83,83,83,83,83,83,83,83,83,83,88,92,92,92,96,96,96,91,91,91,91,91,91,91,91,91,91,91,91,91,91,91],"card_choices":[{"not_picked":["Perfected Strike","Disarm"],"picked":"Shrug It Off","floor":1},{"not_picked":["Warcry","Sever Soul"],"picked":"Power Through","floor":2},{"not_picked":["Feel No Pain","True Grit"],"picked":"Fire Breathing","floor":3},{"not_picked":["Intimidate","Shrug It Off"],"picked":"Shockwave","floor":5},{"not_picked":["Intimidate","Dropkick"],"picked":"Searing Blow","floor":7},{"not_picked":["Shrug It Off","Pummel"],"picked":"Twin Strike","floor":12},{"not_picked":["Clothesline","Warcry"],"picked":"Infernal Blade","floor":13},{"not_picked":["Shrug It Off","Sever Soul"],"picked":"Iron Wave","floor":14},{"not_picked":["Feed","Impervious"],"picked":"Bludgeon","floor":16},{"not_picked":["Hemokinesis","Fire Breathing"],"picked":"Whirlwind","floor":18},{"not_picked":["Anger+1","Sword Boomerang+1"],"picked":"Twin Strike+1","floor":20},{"not_picked":["Corruption","Armaments"],"picked":"Cleave","floor":21},{"not_picked":["Anger+1","Twin Strike"],"picked":"Flame Barrier+1","floor":22},{"not_picked":["Sword Boomerang","Corruption","True Grit+1"],"picked":"Warcry+1","floor":30},{"not_picked":["Fiend Fire","Dark Embrace","Juggernaut"],"picked":"Double Tap+1","floor":33},{"not_picked":["Twin Strike+1","Pommel Strike","Headbutt+1"],"picked":"Thunderclap+1","floor":35},{"not_picked":["Impatience+1","Madness+1","PanicButton+1"],"picked":"Dark Shackles+1","floor":37},{"not_picked":["Panacea+1","Deep Breath+1","Trip+1"],"picked":"Violence+1","floor":37},{"not_picked":["Blind+1","Good Instincts+1","Panacea+1"],"picked":"HandOfGreed","floor":37},{"not_picked":["Sever Soul","Entrench+1","Disarm+1"],"picked":"Shrug It Off+1","floor":39},{"not_picked":["Bludgeon","Iron Wave","Warcry+1"],"picked":"Rage+1","floor":42},{"not_picked":["Anger+1","Sword Boomerang+1","Iron Wave"],"picked":"Body Slam","floor":45},{"not_picked":["Shrug It Off+1","True Grit+1","Clothesline+1"],"picked":"Demon Form","floor":46},{"not_picked":["Shockwave+1","Carnage","Headbutt+1"],"picked":"Metallicize","floor":48}],"player_experience":2083,"relics_obtained":[{"floor":9,"key":"Bag of Marbles"},{"floor":26,"key":"Toxic Egg 2"},{"floor":42,"key":"Potion Belt"},{"floor":43,"key":"Red Skull"}],"event_choices":[{"damage_healed":0,"gold_gain":0,"cards_transformed":["Strike_R"],"player_choice":"Transformed","damage_taken":0,"max_hp_gain":0,"max_hp_loss":0,"event_name":"Transmorgrifier","floor":4,"gold_loss":0,"cards_obtained":["Feed"]},{"damage_healed":0,"gold_gain":0,"player_choice":"Opened","damage_taken":0,"relics_obtained":["PreservedInsect"],"max_hp_gain":0,"max_hp_loss":0,"event_name":"The Mausoleum","floor":24,"gold_loss":0},{"damage_healed":0,"gold_gain":0,"player_choice":"Stole Relic","damage_taken":0,"relics_obtained":["Question Card"],"max_hp_gain":0,"max_hp_loss":0,"event_name":"Addict","floor":27,"gold_loss":0,"cards_obtained":["Shame"]},{"damage_healed":0,"gold_gain":0,"player_choice":"Shed Blood","damage_taken":21,"max_hp_gain":5,"max_hp_loss":0,"event_name":"Forgotten Altar","floor":29,"gold_loss":0},{"damage_healed":0,"gold_gain":0,"player_choice":"Obtain J.A.X.","damage_taken":0,"max_hp_gain":0,"max_hp_loss":0,"event_name":"Drug Dealer","floor":31,"gold_loss":0,"cards_obtained":["J.A.X."]},{"damage_healed":0,"gold_gain":0,"player_choice":"Max HP","damage_taken":0,"max_hp_gain":0,"max_hp_loss":5,"event_name":"Winding Halls","floor":36,"gold_loss":0},{"damage_healed":0,"gold_gain":0,"player_choice":"Memory 3","damage_taken":10,"max_hp_gain":0,"max_hp_loss":0,"event_name":"SensoryStone","floor":37,"gold_loss":0},{"damage_healed":0,"gold_gain":0,"player_choice":"Ignored","damage_taken":0,"max_hp_gain":0,"max_hp_loss":0,"event_name":"NoteForYourself","floor":40,"gold_loss":0}],"is_beta":false,"boss_relics":[{"not_picked":["Tiny House","Philosopher\u0027s Stone"],"picked":"Sozu"},{"not_picked":["Astrolabe","Lizard Tail"],"picked":"Mark of Pain"}],"items_purged_floors":[],"is_endless":false,"potions_floor_spawned":[7,13,16,18,33,35],"killed_by":"Awakened One","ascension_level":0}