{"path_per_floor":["M","?","M","M","M","R","E","R","T","M","?","$","R","M","R","B",null,"M","M","?","$","?","R","?"],"character_chosen":"DEFECT","items_purchased":["Apotheosis","Ball Lightning","Kunai"],"gold_per_floor":[119,294,314,329,340,340,373,373,373,383,383,131,131,144,144,245,245,264,275,275,30,30,30,30,30],"floor_reached":25,"campfire_rested":3,"playtime":1132,"current_hp_per_floor":[38,38,36,30,27,53,32,59,59,58,58,58,58,60,60,35,80,57,35,35,35,35,64,64,0],"items_purged":[],"gold":30,"score":286,"play_id":"fb04bb18-3a37-4cf3-acdd-c2a3cdb4686a","local_time":"20180515211831","is_prod":false,"is_daily":false,"chose_seed":false,"is_ascension_mode":true,"campfire_upgraded":2,"timestamp":1526411911,"path_taken":["M","?","?","?","M","R","E","R","T","?","?","$","R","M","R","BOSS","M","?","?","$","?","R","?","E"],"build_version":"2018-05-14v2","seed_source_timestamp":91610949815015,"purchased_purges":0,"victory":false,"master_deck":["Defend_B","Defend_B","Defend_B","Defend_B","Zap+1","Dualcast","Rip and Tear","Ball Lightning","Apotheosis+1","Ball Lightning","Thunder Strike","Bite","Bite","Bite","Bite","Bite"],"max_hp_per_floor":[89,89,89,89,89,89,91,91,91,93,93,93,93,95,95,95,95,97,99,99,99,99,99,69,69],"relics":["Cracked Core","Singing Bowl","Bottled Lightning","Black Star","Kunai"],"card_choices":[{"not_picked":["Auto Shields","Reprogram"],"picked":"Rip and Tear","floor":1},{"not_picked":["Capacitor","Barrage","Static Discharge"],"picked":"SKIP","floor":3},{"not_picked":["Stack","Genetic Algorithm","Sweeping Beam"],"picked":"SKIP","floor":4},{"not_picked":["Reinforced Body","Skim"],"picked":"Ball Lightning","floor":5},{"not_picked":["White Noise","Coolheaded","Sweeping Beam"],"picked":"Singing Bowl","floor":7},{"not_picked":["Reinforced Body","Turbo","Cold Snap"],"picked":"Singing Bowl","floor":10},{"not_picked":["Melter","Coolheaded","Hello World"],"picked":"Singing Bowl","floor":14},{"not_picked":["Meteor Strike","Echo Form"],"picked":"Thunder Strike","floor":16},{"not_picked":["Steam","Double Energy","Coolheaded"],"picked":"Singing Bowl","floor":18},{"not_picked":["Heatsinks","Hologram","Coolheaded+1"],"picked":"Singing Bowl","floor":19}],"player_experience":450297,"potions_floor_usage":[5,7,7,25],"damage_taken":[{"damage":3,"enemies":"2 Louse","floor":1,"turns":3},{"damage":2,"enemies":"Jaw Worm","floor":3,"turns":2},{"damage":6,"enemies":"Cultist","floor":4,"turns":3},{"damage":3,"enemies":"Gremlin Gang","floor":5,"turns":4},{"damage":23,"enemies":"Lagavulin","floor":7,"turns":7},{"damage":3,"enemies":"3 Louse","floor":10,"turns":2},{"damage":0,"enemies":"Blue Slaver","floor":14,"turns":2},{"damage":25,"enemies":"The Guardian","floor":16,"turns":7},{"damage":25,"enemies":"2 Thieves","floor":18,"turns":3},{"damage":24,"enemies":"3 Byrds","floor":19,"turns":4},{"damage":69,"enemies":"Slavers","floor":25,"turns":4}],"relics_obtained":[{"floor":7,"key":"Singing Bowl"},{"floor":9,"key":"Bottled Lightning"}],"event_choices":[{"event_name":"Liars Game","player_choice":"agreed","floor":2,"damage_taken":0},{"event_name":"Purifier","player_choice":"One Purge","floor":11,"damage_taken":0},{"event_name":"Ghosts","player_choice":"Ignored","floor":20,"damage_taken":0},{"event_name":"N\u0027loth","player_choice":"Ignored","floor":22,"damage_taken":0},{"event_name":"Vampires","player_choice":"Became a vampire","floor":24,"damage_taken":0}],"boss_relics":[{"not_picked":["Astrolabe","Philosopher\u0027s Stone"],"picked":"Black Star"}],"potions_floor_spawned":[1,4,5,10],"seed_played":"7026373629459530551","killed_by":"Slavers","ascension_level":6,"potions_obtained":[{"floor":1,"key":"Block Potion"},{"floor":4,"key":"EssenceOfSteel"},{"floor":5,"key":"Poison Potion"},{"floor":10,"key":"GamblersBrew"}],"is_trial":false}