{"gold_per_floor":[119,130,149,165,185,199,211,211,211,231,249,264,264,53,53,150,150,162,162,178,195,211,211,211,230,230,230,242,242,270,270,270,373,373,386,406,416,429,141,141,158,168,168,184,197,216,87,97,97,97],"floor_reached":50,"playtime":5381,"items_purged":["Pain"],"score":579,"play_id":"3b41f207-22e8-4a37-b644-14411f1a9f8a","local_time":"20190806205305","is_ascension_mode":false,"campfire_choices":[{"data":"Pommel Strike","floor":13,"key":"SMITH"},{"data":"Feed","floor":15,"key":"SMITH"},{"data":"Rage","floor":23,"key":"SMITH"},{"data":"Clash","floor":24,"key":"SMITH"},{"data":"Double Tap","floor":29,"key":"SMITH"},{"floor":32,"key":"REST"},{"floor":40,"key":"REST"},{"floor":49,"key":"REST"}],"neow_cost":"NONE","seed_source_timestamp":2249047159831635,"circlet_count":0,"master_deck":["Strike_R","Strike_R","Strike_R","Defend_R","Defend_R","Bash","Thunderclap","Battle Trance","Anger","Clash","Pommel Strike","Clash","Clash+1","Pommel Strike+1","Ghostly Armor","Disarm","Feed+1","Double Tap+1","Rage+1","Metallicize+1","Sword Boomerang+1","Bludgeon","Flex","Pommel Strike+1","Clash","Reaper","Metallicize+1","Burning Pact+1","Warcry+1","Spot Weakness+1","Pommel Strike","Pommel Strike+1","Thunderclap+1","Anger","Battle Trance","Entrench+1","Clash+1","Heavy Blade+1","Flex+1","Twin Strike+1","Anger","Seeing Red","Armaments+1"],"relics":["Burning Blood","Bronze Scales","WarpedTongs","WingedGreaves","White Beast Statue","Sundial","Red Mask","Astrolabe","TheAbacus","Gambling Chip"],"potions_floor_usage":[11,12,19,20,21,22,25,28,33,33,33,36,37,38,41,44,44,45,46,50,50,50],"damage_taken":[{"damage":6,"enemies":"Cultist","floor":1,"turns":3},{"damage":5,"enemies":"Small Slimes","floor":2,"turns":3},{"damage":3,"enemies":"2 Louse","floor":3,"turns":2},{"damage":16,"enemies":"Large Slime","floor":4,"turns":6},{"damage":4,"enemies":"Exordium Wildlife","floor":5,"turns":3},{"damage":2,"enemies":"Exordium Thugs","floor":6,"turns":4},{"damage":0,"enemies":"2 Fungi Beasts","floor":7,"turns":2},{"damage":0,"enemies":"3 Louse","floor":10,"turns":2},{"damage":2,"enemies":"Large Slime","floor":11,"turns":4},{"damage":3,"enemies":"Exordium Thugs","floor":12,"turns":3},{"damage":4,"enemies":"The Guardian","floor":16,"turns":9},{"damage":8,"enemies":"Shell Parasite","floor":18,"turns":4},{"damage":0,"enemies":"2 Thieves","floor":19,"turns":1},{"damage":2,"enemies":"Centurion and Healer","floor":20,"turns":3},{"damage":12,"enemies":"Snake Plant","floor":21,"turns":4},{"damage":14,"enemies":"Shelled Parasite and Fungi","floor":22,"turns":4},{"damage":5,"enemies":"3 Cultists","floor":25,"turns":4},{"damage":10,"enemies":"Cultist and Chosen","floor":28,"turns":5},{"damage":18,"enemies":"Masked Bandits","floor":30,"turns":4},{"damage":54,"enemies":"Champ","floor":33,"turns":8},{"damage":23,"enemies":"3 Darklings","floor":35,"turns":5},{"damage":33,"enemies":"Orb Walker","floor":36,"turns":4},{"damage":57,"enemies":"Spire Growth","floor":37,"turns":5},{"damage":24,"enemies":"Maw","floor":38,"turns":7},{"damage":21,"enemies":"Sphere and 2 Shapes","floor":41,"turns":5},{"damage":21,"enemies":"4 Shapes","floor":42,"turns":7},{"damage":1,"enemies":"Transient","floor":44,"turns":5},{"damage":30,"enemies":"Spire Growth","floor":45,"turns":3},{"damage":13,"enemies":"Writhing Mass","floor":46,"turns":5},{"damage":26,"enemies":"Sphere and 2 Shapes","floor":48,"turns":7},{"damage":79,"enemies":"Time Eater","floor":50,"turns":10}],"seed_played":"5685410923923180315","potions_obtained":[{"floor":1,"key":"Strength Potion"},{"floor":4,"key":"Weak Potion"},{"floor":7,"key":"Explosive Potion"},{"floor":12,"key":"SmokeBomb"},{"floor":18,"key":"Swift Potion"},{"floor":20,"key":"Weak Potion"},{"floor":21,"key":"Block Potion"},{"floor":22,"key":"EssenceOfSteel"},{"floor":25,"key":"FearPotion"},{"floor":28,"key":"Strength Potion"},{"floor":30,"key":"EssenceOfSteel"},{"floor":33,"key":"BloodPotion"},{"floor":35,"key":"Regen Potion"},{"floor":36,"key":"AttackPotion"},{"floor":37,"key":"EssenceOfSteel"},{"floor":38,"key":"Block Potion"},{"floor":41,"key":"Fruit Juice"},{"floor":42,"key":"SteroidPotion"},{"floor":44,"key":"EssenceOfSteel"},{"floor":45,"key":"Block Potion"},{"floor":46,"key":"EssenceOfSteel"},{"floor":48,"key":"GamblersBrew"}],"is_trial":false,"path_per_floor":["M","M","M","M","M","M","M","?","T","M","M","M","R","$","R","B",null,"M","M","M","M","M","R","R","M","T","?","M","R","?","?","R","B",null,"M","M","M","M","$","R","M","M","T","M","M","M","$","M","R","B"],"character_chosen":"IRONCLAD","items_purchased":["Feed","Anger","Battle Trance","TheAbacus","Anger","Seeing Red"],"campfire_rested":3,"item_purchase_floors":[14,39,39,39,47,47],"current_hp_per_floor":[80,80,80,70,72,76,80,80,80,80,80,80,80,80,80,80,80,78,80,84,82,78,78,78,83,83,83,83,83,71,71,100,52,100,87,73,54,36,36,66,60,73,73,78,54,51,51,35,70,0],"gold":97,"neow_bonus":"RANDOM_COMMON_RELIC","is_prod":false,"is_daily":false,"chose_seed":false,"campfire_upgraded":5,"win_rate":0.0,"timestamp":1565142785,"path_taken":["M","M","M","M","M","M","M","?","T","?","M","M","R","$","R","BOSS","M","M","M","M","M","R","R","M","T","?","?","R","?","?","R","BOSS","M","M","M","M","$","R","M","M","T","M","M","M","$","M","R","BOSS"],"build_version":"2019-07-17","purchased_purges":1,"victory":false,"max_hp_per_floor":[80,80,80,80,80,80,80,80,80,80,80,80,80,80,80,80,80,80,80,84,88,92,92,92,96,96,96,100,100,100,100,100,100,100,100,100,100,100,100,100,105,109,109,109,109,113,113,117,117,117],"card_choices":[{"not_picked":["Warcry","Headbutt"],"picked":"Thunderclap","floor":1},{"not_picked":["Warcry","Carnage"],"picked":"Battle Trance","floor":2},{"not_picked":["Uppercut","Whirlwind"],"picked":"Anger","floor":3},{"not_picked":["Headbutt","Corruption"],"picked":"Clash","floor":4},{"not_picked":["Heavy Blade","Infernal Blade"],"picked":"Pommel Strike","floor":5},{"not_picked":["Carnage","Armaments"],"picked":"Clash","floor":6},{"not_picked":["Bloodletting","Disarm"],"picked":"Clash","floor":7},{"not_picked":["Offering","Second Wind"],"picked":"Pommel Strike","floor":10},{"not_picked":["Headbutt","Clothesline"],"picked":"Ghostly Armor","floor":11},{"not_picked":["Rupture","Armaments"],"picked":"Disarm","floor":12},{"not_picked":["Brutality","Demon Form"],"picked":"Double Tap","floor":16},{"not_picked":["Sword Boomerang+1","Entrench+1"],"picked":"Rage","floor":18},{"not_picked":["Clash","Anger"],"picked":"Metallicize+1","floor":20},{"not_picked":["Pummel","Rupture"],"picked":"Sword Boomerang+1","floor":21},{"not_picked":["Body Slam","Cleave"],"picked":"Bludgeon","floor":22},{"not_picked":["Heavy Blade","Iron Wave"],"picked":"Flex","floor":25},{"not_picked":["Anger","Heavy Blade"],"picked":"Pommel Strike+1","floor":28},{"not_picked":["Headbutt","True Grit"],"picked":"Clash","floor":30},{"not_picked":["Feed","Fiend Fire"],"picked":"Reaper","floor":33},{"not_picked":["Armaments","Headbutt"],"picked":"Spot Weakness+1","floor":35},{"not_picked":["Thunderclap+1","Body Slam+1"],"picked":"Pommel Strike","floor":36},{"not_picked":["Heavy Blade","Body Slam"],"picked":"Pommel Strike+1","floor":37},{"not_picked":["Sword Boomerang","Iron Wave+1"],"picked":"Thunderclap+1","floor":38},{"not_picked":["Rupture+1","Flex"],"picked":"Entrench+1","floor":41},{"not_picked":["Pommel Strike","Intimidate"],"picked":"Clash+1","floor":42},{"not_picked":["Sword Boomerang","Rupture+1"],"picked":"Heavy Blade+1","floor":44},{"not_picked":["Sever Soul","Double Tap"],"picked":"Flex+1","floor":45},{"not_picked":["Battle Trance","Armaments"],"picked":"Twin Strike+1","floor":46},{"not_picked":["Heavy Blade","Headbutt"],"picked":"Armaments+1","floor":48}],"player_experience":38362,"relics_obtained":[{"floor":9,"key":"WingedGreaves"},{"floor":26,"key":"Sundial"},{"floor":30,"key":"Red Mask"},{"floor":43,"key":"Gambling Chip"}],"event_choices":[{"damage_healed":0,"gold_gain":0,"player_choice":"Rummage","damage_taken":0,"relics_obtained":["WarpedTongs"],"max_hp_gain":0,"max_hp_loss":0,"event_name":"Accursed Blacksmith","floor":8,"gold_loss":0,"cards_obtained":["Pain"]},{"cards_removed":["Defend_R"],"damage_healed":0,"gold_gain":0,"player_choice":"Card Removal","damage_taken":0,"max_hp_gain":0,"max_hp_loss":0,"event_name":"Wheel of Change","floor":27,"gold_loss":0},{"damage_healed":0,"gold_gain":0,"player_choice":"Fought Bandits","damage_taken":0,"max_hp_gain":0,"max_hp_loss":0,"event_name":"Masked Bandits","floor":30,"gold_loss":0},{"damage_healed":0,"gold_gain":0,"player_choice":"Ignored","damage_taken":0,"max_hp_gain":0,"max_hp_loss":0,"event_name":"Ghosts","floor":31,"gold_loss":0}],"is_beta":false,"boss_relics":[{"not_picked":["Snecko Eye","Calling Bell"],"picked":"White Beast Statue"},{"not_picked":["Cursed Key","Busted Crown"],"picked":"Astrolabe"}],"items_purged_floors":[14],"is_endless":false,"potions_floor_spawned":[1,4,7,10,12,18,19,20,21,22,25,28,30,33,35,36,37,38,41,42,44,45,46,48],"killed_by":"Time Eater","ascension_level":0}