{"gold_per_floor":[109,27,47,122,122,122,157,170,195,195,213,213,224,243,243,348,348,358,318,328,20,20,20],"floor_reached":23,"playtime":1170,"items_purged":[],"score":306,"play_id":"d8638324-1976-4ac5-9cfa-799063838433","local_time":"20190510211541","is_ascension_mode":true,"campfire_choices":[{"data":"Demon Form","floor":6,"key":"SMITH"},{"data":"True Grit","floor":12,"key":"SMITH"},{"floor":15,"key":"REST"}],"neow_cost":"TEN_PERCENT_HP_LOSS","seed_source_timestamp":48602211088793,"circlet_count":0,"master_deck":["AscendersBane","Strike_R+1","Strike_R","Strike_R","Strike_R+1","Strike_R","Defend_R+1","Defend_R","Defend_R","Defend_R","Bash+1","Demon Form+1","Clothesline","Finesse","Shrug It Off","True Grit+1","Heavy Blade","Offering","Disarm+1"],"relics":["Burning Blood","Strawberry","Whetstone","Coffee Dripper","Thread and Needle"],"potions_floor_usage":[16,23,23],"damage_taken":[{"damage":4,"enemies":"Jaw Worm","floor":1,"turns":6},{"damage":4,"enemies":"Small Slimes","floor":3,"turns":4},{"damage":30,"enemies":"3 Sentries","floor":7,"turns":9},{"damage":1,"enemies":"Cultist","floor":8,"turns":4},{"damage":5,"enemies":"3 Louse","floor":11,"turns":4},{"damage":21,"enemies":"Lots of Slimes","floor":13,"turns":6},{"damage":17,"enemies":"Looter","floor":14,"turns":3},{"damage":20,"enemies":"Hexaghost","floor":16,"turns":8},{"damage":6,"enemies":"Chosen","floor":18,"turns":3},{"damage":24,"enemies":"Shell Parasite","floor":20,"turns":4},{"damage":39,"enemies":"Gremlin Leader","floor":23,"turns":5}],"seed_played":"-4664524359180242725","potions_obtained":[{"floor":3,"key":"SpeedPotion"},{"floor":10,"key":"AttackPotion"},{"floor":10,"key":"Energy Potion"},{"floor":16,"key":"LiquidBronze"}],"is_trial":false,"path_per_floor":["M","$","M","?","?","R","E","M","T","?","M","R","M","M","R","B",null,"M","?","M","$","?","E"],"character_chosen":"IRONCLAD","items_purchased":["Finesse","Thread and Needle"],"campfire_rested":1,"item_purchase_floors":[2,21],"current_hp_per_floor":[72,72,72,61,66,66,49,54,54,54,55,55,40,29,54,40,73,73,73,55,55,39,0],"gold":20,"neow_bonus":"THREE_RARE_CARDS","is_prod":false,"is_daily":false,"chose_seed":false,"campfire_upgraded":2,"win_rate":0,"timestamp":1557548141,"path_taken":["M","$","M","?","?","R","E","M","T","?","?","R","M","M","R","BOSS","M","?","?","$","?","E"],"build_version":"2019-01-23","purchased_purges":0,"victory":false,"max_hp_per_floor":[72,72,72,72,77,77,84,84,84,84,84,84,84,84,84,84,84,84,84,84,84,89,89],"card_choices":[{"not_picked":["Dark Embrace","Fiend Fire"],"picked":"Demon Form","floor":0},{"not_picked":["Pommel Strike","Ghostly Armor"],"picked":"Clothesline","floor":1},{"not_picked":["Wild Strike","Clothesline"],"picked":"Shrug It Off","floor":3},{"not_picked":["Clash","Heavy Blade"],"picked":"True Grit","floor":7},{"not_picked":["Rage","Spot Weakness","Cleave"],"picked":"SKIP","floor":8},{"not_picked":["Uppercut","Sentinel","Sword Boomerang"],"picked":"SKIP","floor":11},{"not_picked":["Rupture","Sentinel"],"picked":"Heavy Blade","floor":13},{"not_picked":["Carnage","Corruption","Spot Weakness"],"picked":"SKIP","floor":14},{"not_picked":["Dark Embrace","Impervious"],"picked":"Offering","floor":16},{"not_picked":["Iron Wave","Spot Weakness","Uppercut"],"picked":"SKIP","floor":18},{"not_picked":["Inflame+1","Iron Wave"],"picked":"Disarm+1","floor":20}],"player_experience":674213,"relics_obtained":[{"floor":7,"key":"Strawberry"},{"floor":9,"key":"Whetstone"}],"event_choices":[{"damage_healed":0,"gold_gain":75,"player_choice":"Gather Gold","damage_taken":11,"max_hp_gain":0,"max_hp_loss":0,"event_name":"World of Goop","floor":4,"gold_loss":0},{"damage_healed":0,"gold_gain":0,"player_choice":"Donut","damage_taken":0,"max_hp_gain":5,"max_hp_loss":0,"event_name":"Big Fish","floor":5,"gold_loss":0},{"damage_healed":0,"gold_gain":0,"player_choice":"Got Potions","damage_taken":0,"max_hp_gain":0,"max_hp_loss":0,"event_name":"Lab","floor":10,"gold_loss":0},{"damage_healed":0,"gold_gain":0,"player_choice":"Upgraded Two","damage_taken":0,"max_hp_gain":0,"max_hp_loss":0,"event_name":"Designer","floor":19,"gold_loss":40,"cards_upgraded":["Defend_R","Strike_R"]},{"damage_healed":0,"gold_gain":0,"player_choice":"Shed Blood","damage_taken":21,"max_hp_gain":5,"max_hp_loss":0,"event_name":"Forgotten Altar","floor":22,"gold_loss":0}],"is_beta":false,"boss_relics":[{"not_picked":["White Beast Statue","Mark of Pain"],"picked":"Coffee Dripper"}],"items_purged_floors":[],"is_endless":false,"potions_floor_spawned":[3,11,14,16,20],"killed_by":"Gremlin Leader","ascension_level":12}