{"gold_per_floor":[109,129,148,148,167,199,199,216,216,245,7,7,7,35,35,139,139,149,168,187,4,4],"floor_reached":22,"playtime":1169,"items_purged":[],"score":252,"play_id":"56a673db-8620-4f14-88e6-ffa6c2ba4830","local_time":"20190813134153","is_ascension_mode":true,"campfire_choices":[{"data":"Corruption","floor":7,"key":"SMITH"},{"data":"Uppercut","floor":12,"key":"SMITH"},{"floor":15,"key":"REST"}],"neow_cost":"NONE","seed_source_timestamp":306894448167491,"circlet_count":0,"master_deck":["Strike_R","Strike_R","Strike_R","Strike_R","Strike_R","Defend_R","Defend_R","Defend_R","Defend_R","Bash","Berserk+1","Corruption+1","Carnage","Dropkick","Uppercut+1","Rampage","Power Through","Blood for Blood+1","Shrug It Off","Feed+1","Anger+1","Cleave+1","Headbutt+1","Apotheosis"],"relics":["Burning Blood","Pear","Molten Egg 2","Pantograph","Question Card","Dodecahedron","Eternal Feather"],"potions_floor_usage":[10,10,10,14,16,20,22],"damage_taken":[{"damage":4,"enemies":"2 Louse","floor":1,"turns":3},{"damage":4,"enemies":"Cultist","floor":2,"turns":4},{"damage":0,"enemies":"Small Slimes","floor":3,"turns":2},{"damage":17,"enemies":"Looter","floor":5,"turns":3},{"damage":8,"enemies":"Lagavulin","floor":6,"turns":4},{"damage":11,"enemies":"Blue Slaver","floor":8,"turns":4},{"damage":20,"enemies":"Gremlin Nob","floor":10,"turns":5},{"damage":26,"enemies":"3 Sentries","floor":14,"turns":5},{"damage":28,"enemies":"Hexaghost","floor":16,"turns":8},{"damage":37,"enemies":"3 Byrds","floor":18,"turns":7},{"damage":29,"enemies":"Shell Parasite","floor":19,"turns":5},{"damage":32,"enemies":"Snake Plant","floor":20,"turns":6},{"damage":36,"enemies":"Shelled Parasite and Fungi","floor":22,"turns":4}],"seed_played":"-5348685867102100844","potions_obtained":[{"floor":1,"key":"Explosive Potion"},{"floor":2,"key":"SpeedPotion"},{"floor":8,"key":"EssenceOfSteel"},{"floor":10,"key":"PowerPotion"},{"floor":14,"key":"AttackPotion"},{"floor":19,"key":"Regen Potion"},{"floor":20,"key":"SteroidPotion"}],"is_trial":false,"path_per_floor":["M","M","M","?","M","E","R","M","T","E","$","R","$","E","R","B",null,"M","M","M","$","M"],"character_chosen":"IRONCLAD","items_purchased":["Question Card","Apotheosis"],"campfire_rested":1,"item_purchase_floors":[11,21],"current_hp_per_floor":[80,80,80,80,69,77,77,72,72,58,58,58,58,38,65,68,90,59,40,33,33,0],"gold":4,"neow_bonus":"ONE_RANDOM_RARE_CARD","is_prod":false,"is_daily":false,"chose_seed":false,"campfire_upgraded":2,"win_rate":0,"timestamp":1565718113,"path_taken":["M","M","M","?","?","E","R","M","T","E","$","R","?","E","R","BOSS","M","M","M","$","M"],"build_version":"2019-07-17","purchased_purges":0,"victory":false,"max_hp_per_floor":[80,80,80,80,80,90,90,90,90,90,90,90,90,90,90,90,90,90,94,98,98,98],"card_choices":[{"not_picked":["Headbutt","Second Wind"],"picked":"Corruption","floor":1},{"not_picked":["Pommel Strike","Shrug It Off"],"picked":"Carnage","floor":2},{"not_picked":["Anger","Infernal Blade"],"picked":"Dropkick","floor":3},{"not_picked":["Body Slam","Second Wind"],"picked":"Uppercut","floor":5},{"not_picked":["Cleave","Warcry"],"picked":"Rampage","floor":6},{"not_picked":["Perfected Strike","Cleave"],"picked":"Power Through","floor":8},{"not_picked":["Barricade","Dark Embrace"],"picked":"Blood for Blood+1","floor":10},{"not_picked":["Headbutt+1","Flex","Twin Strike+1"],"picked":"Shrug It Off","floor":14},{"not_picked":["Double Tap","Berserk","Impervious"],"picked":"Feed+1","floor":16},{"not_picked":["Sword Boomerang+1","Twin Strike+1","Armaments"],"picked":"Anger+1","floor":18},{"not_picked":["Rupture","Evolve","Iron Wave+1"],"picked":"Cleave+1","floor":19},{"not_picked":["Warcry","Rampage+1","Cleave+1"],"picked":"Headbutt+1","floor":20}],"player_experience":99572,"relics_obtained":[{"floor":6,"key":"Pear"},{"floor":9,"key":"Molten Egg 2"},{"floor":10,"key":"Pantograph"},{"floor":14,"key":"Dodecahedron"}],"event_choices":[{"damage_healed":0,"gold_gain":0,"player_choice":"Forge","damage_taken":0,"max_hp_gain":0,"max_hp_loss":0,"event_name":"Accursed Blacksmith","floor":4,"gold_loss":0,"cards_upgraded":["Berserk"]}],"is_beta":false,"boss_relics":[{"not_picked":["Cursed Key","Runic Pyramid"],"picked":"Eternal Feather"}],"items_purged_floors":[],"is_endless":false,"potions_floor_spawned":[1,2,8,10,14,19,20],"killed_by":"Shelled Parasite and Fungi","ascension_level":2}