{"gold_per_floor":[114,114,114,114,129,165,165,209,291,312,387,405,441,441,441,569,569,582,582,602,602],"floor_reached":21,"playtime":1260,"items_purged":[],"score":217,"play_id":"0bfabc86-3826-4fbc-808d-8f97086e009f","local_time":"20190707220952","is_ascension_mode":true,"campfire_choices":[{"floor":7,"key":"REST"},{"floor":15,"key":"REST"}],"neow_cost":"NONE","seed_source_timestamp":827871262667029,"circlet_count":0,"master_deck":["Strike_R","Strike_R","Strike_R","Strike_R","Strike_R","Defend_R","Defend_R","Defend_R","Bash","Flex","Flex+1","Injury","Anger","Power Through","Spot Weakness","Headbutt","Shockwave","Heavy Blade","Feed","Shrug It Off","Armaments","Demon Form","Armaments","Limit Break","Writhe","Heavy Blade"],"relics":["Burning Blood","Golden Idol","Anchor","Magic Flower","Pantograph","Matryoshka","Orrery","PreservedInsect"],"potions_floor_usage":[6,20],"damage_taken":[{"damage":14,"enemies":"Jaw Worm","floor":1,"turns":3},{"damage":1,"enemies":"2 Louse","floor":5,"turns":3},{"damage":49,"enemies":"3 Sentries","floor":6,"turns":8},{"damage":26,"enemies":"Lagavulin","floor":8,"turns":5},{"damage":0,"enemies":"Small Slimes","floor":10,"turns":3},{"damage":0,"enemies":"3 Louse","floor":12,"turns":3},{"damage":29,"enemies":"Gremlin Nob","floor":13,"turns":5},{"damage":42,"enemies":"Hexaghost","floor":16,"turns":8},{"damage":39,"enemies":"Chosen","floor":18,"turns":7},{"damage":33,"enemies":"Spheric Guardian","floor":20,"turns":6},{"damage":26,"enemies":"Snake Plant","floor":21,"turns":4}],"seed_played":"5483103177081591616","potions_obtained":[{"floor":1,"key":"Regen Potion"},{"floor":5,"key":"LiquidBronze"},{"floor":10,"key":"Ancient Potion"},{"floor":13,"key":"AttackPotion"}],"is_trial":false,"path_per_floor":["M","?","?","?","M","E","R","E","T","M","?","M","E","?","R","B",null,"M","?","M","M"],"character_chosen":"IRONCLAD","items_purchased":[],"campfire_rested":2,"item_purchase_floors":[],"current_hp_per_floor":[72,72,65,65,70,42,66,46,46,55,44,53,33,33,57,47,80,50,50,26,0],"gold":602,"neow_bonus":"THREE_CARDS","is_prod":false,"is_daily":false,"chose_seed":false,"campfire_upgraded":0,"win_rate":0,"timestamp":1562533792,"path_taken":["M","?","?","?","M","E","R","E","T","M","?","M","E","?","R","BOSS","M","?","M","M"],"build_version":"2019-07-05","purchased_purges":0,"victory":false,"max_hp_per_floor":[80,80,80,80,80,80,80,80,80,80,80,80,80,80,80,80,80,80,80,80,80],"card_choices":[{"not_picked":["Thunderclap","Hemokinesis"],"picked":"Flex","floor":0},{"not_picked":["Dropkick","Havoc"],"picked":"Flex","floor":1},{"not_picked":["Perfected Strike","Burning Pact"],"picked":"Anger","floor":5},{"not_picked":["Clash","Fire Breathing"],"picked":"Power Through","floor":6},{"not_picked":["Havoc","Battle Trance"],"picked":"Spot Weakness","floor":8},{"not_picked":["Pommel Strike","Blood for Blood"],"picked":"Headbutt","floor":10},{"not_picked":["Clothesline","Entrench"],"picked":"Shockwave","floor":12},{"not_picked":["Seeing Red","Anger"],"picked":"Heavy Blade","floor":13},{"not_picked":["Bludgeon","Exhume"],"picked":"Feed","floor":16},{"not_picked":["Corruption","Evolve"],"picked":"Shrug It Off","floor":17},{"not_picked":["Warcry","Sever Soul"],"picked":"Armaments","floor":17},{"not_picked":["Rampage","Havoc"],"picked":"Demon Form","floor":17},{"not_picked":["Pommel Strike","Twin Strike"],"picked":"Armaments","floor":17},{"not_picked":["Uppercut+1","Headbutt+1"],"picked":"Limit Break","floor":18},{"not_picked":["Shockwave","Flame Barrier"],"picked":"Heavy Blade","floor":20}],"player_experience":76191,"relics_obtained":[{"floor":6,"key":"Anchor"},{"floor":8,"key":"Magic Flower"},{"floor":9,"key":"Pantograph"},{"floor":13,"key":"Matryoshka"}],"event_choices":[{"damage_healed":0,"gold_gain":0,"player_choice":"Take Wound","damage_taken":0,"relics_obtained":["Golden Idol"],"max_hp_gain":0,"max_hp_loss":0,"event_name":"Golden Idol","floor":2,"gold_loss":0,"cards_obtained":["Injury"]},{"cards_removed":["Defend_R"],"damage_healed":0,"gold_gain":0,"player_choice":"Card Removal","damage_taken":7,"max_hp_gain":0,"max_hp_loss":0,"event_name":"Golden Wing","floor":3,"gold_loss":0},{"damage_healed":0,"gold_gain":0,"player_choice":"Grow","damage_taken":0,"max_hp_gain":0,"max_hp_loss":0,"event_name":"Living Wall","floor":4,"gold_loss":0,"cards_upgraded":["Flex"]},{"damage_healed":0,"gold_gain":75,"player_choice":"Gather Gold","damage_taken":11,"max_hp_gain":0,"max_hp_loss":0,"event_name":"World of Goop","floor":11,"gold_loss":0},{"damage_healed":0,"gold_gain":0,"player_choice":"Ignored","damage_taken":0,"max_hp_gain":0,"max_hp_loss":0,"event_name":"Shining Light","floor":14,"gold_loss":0},{"damage_healed":0,"gold_gain":0,"player_choice":"Opened","damage_taken":0,"relics_obtained":["PreservedInsect"],"max_hp_gain":0,"max_hp_loss":0,"event_name":"The Mausoleum","floor":19,"gold_loss":0,"cards_obtained":["Writhe"]}],"is_beta":false,"boss_relics":[{"not_picked":["Black Blood","Lizard Tail"],"picked":"Orrery"}],"items_purged_floors":[],"is_endless":false,"potions_floor_spawned":[1,5,10,13,18],"killed_by":"Snake Plant","ascension_level":2}