{"gold_per_floor":[12,12,23,41,41,41,73,73,73,73,73,84,84,97,97,194,194,209,134,34,47,57,90,90,90],"floor_reached":25,"playtime":1684,"items_purged":["Regret","Decay"],"score":248,"play_id":"c116245e-b7c4-4dfd-9387-186f60605628","local_time":"20190813223054","is_ascension_mode":false,"campfire_choices":[{"data":"Zap","floor":6,"key":"SMITH"},{"floor":10,"key":"REST"},{"floor":13,"key":"REST"},{"floor":15,"key":"REST"}],"neow_cost":"NO_GOLD","seed_source_timestamp":190117553730100,"circlet_count":0,"master_deck":["Strike_B","Strike_B","Strike_B","Defend_B","Defend_B","Defend_B","Zap+1","Dualcast+1","Compile Driver","Rip and Tear","Gash","Defragment","Gash","White Noise","Blizzard","Coolheaded","Electrodynamics","White Noise","Hologram+1","Barrage","Glacier"],"relics":["Cracked Core","Shuriken","Bronze Scales","Omamori","Calling Bell","Lantern","Darkstone Periapt","Girya","Mango"],"potions_floor_usage":[7,16,23,24],"damage_taken":[{"damage":12,"enemies":"2 Louse","floor":1,"turns":2},{"damage":3,"enemies":"Cultist","floor":3,"turns":3},{"damage":0,"enemies":"Small Slimes","floor":4,"turns":2},{"damage":35,"enemies":"3 Sentries","floor":7,"turns":6},{"damage":10,"enemies":"Looter","floor":12,"turns":2},{"damage":8,"enemies":"Lots of Slimes","floor":14,"turns":3},{"damage":29,"enemies":"Slime Boss","floor":16,"turns":8},{"damage":0,"enemies":"3 Byrds","floor":18,"turns":2},{"damage":10,"enemies":"Spheric Guardian","floor":21,"turns":3},{"damage":12,"enemies":"Chosen and Byrds","floor":22,"turns":4},{"damage":47,"enemies":"Gremlin Leader","floor":23,"turns":5},{"damage":19,"enemies":"Centurion and Healer","floor":24,"turns":4},{"damage":10,"enemies":"Cultist and Chosen","floor":25,"turns":1}],"seed_played":"2712886360819752659","potions_obtained":[{"floor":1,"key":"SteroidPotion"},{"floor":3,"key":"Weak Potion"},{"floor":12,"key":"SmokeBomb"},{"floor":14,"key":"GamblersBrew"},{"floor":22,"key":"Fruit Juice"}],"is_trial":false,"path_per_floor":["M","?","M","M","$","R","E","?","T","R","?","M","R","M","R","B",null,"M","$","$","M","M","E","M","M"],"character_chosen":"DEFECT","items_purchased":[],"campfire_rested":3,"item_purchase_floors":[],"current_hp_per_floor":[63,63,60,60,60,60,25,18,18,40,40,30,52,44,66,37,75,75,75,75,65,53,25,6,0],"gold":90,"neow_bonus":"TRANSFORM_TWO_CARDS","is_prod":false,"is_daily":false,"chose_seed":false,"campfire_upgraded":1,"win_rate":0.0,"timestamp":1565749854,"path_taken":["M","?","M","M","?","R","E","?","T","R","?","M","R","M","R","BOSS","M","?","$","M","M","E","M","M"],"build_version":"2019-07-17","purchased_purges":2,"victory":false,"max_hp_per_floor":[75,75,75,75,75,75,75,75,75,75,75,75,75,75,75,75,75,75,75,75,75,75,94,94,94],"card_choices":[{"not_picked":["Go for the Eyes","FTL"],"picked":"Gash","floor":1},{"not_picked":["BootSequence","Force Field"],"picked":"Defragment","floor":3},{"not_picked":["Stack","Storm"],"picked":"Gash","floor":4},{"not_picked":["Go for the Eyes","Fusion"],"picked":"White Noise","floor":7},{"not_picked":["FTL","Redo"],"picked":"Blizzard","floor":12},{"not_picked":["Streamline","Sweeping Beam"],"picked":"Coolheaded","floor":14},{"not_picked":["Echo Form","Amplify"],"picked":"Electrodynamics","floor":16},{"not_picked":["Barrage","Conserve Battery"],"picked":"White Noise","floor":18},{"not_picked":["Streamline","White Noise"],"picked":"Hologram+1","floor":21},{"not_picked":["Stack","Rebound"],"picked":"Barrage","floor":22},{"not_picked":["Conserve Battery+1","Hologram"],"picked":"Glacier","floor":23}],"player_experience":37303,"relics_obtained":[{"floor":7,"key":"Shuriken"},{"floor":9,"key":"Omamori"},{"floor":17,"key":"Lantern"},{"floor":17,"key":"Darkstone Periapt"},{"floor":17,"key":"Girya"},{"floor":23,"key":"Mango"}],"event_choices":[{"damage_healed":0,"gold_gain":0,"player_choice":"Cursed","damage_taken":0,"max_hp_gain":0,"max_hp_loss":0,"event_name":"Wheel of Change","floor":2,"gold_loss":0,"cards_obtained":["Decay"]},{"damage_healed":0,"gold_gain":0,"player_choice":"Success","damage_taken":7,"relics_obtained":["Bronze Scales"],"max_hp_gain":0,"max_hp_loss":0,"event_name":"Scrap Ooze","floor":8,"gold_loss":0},{"damage_healed":0,"gold_gain":0,"player_choice":"Upgraded","damage_taken":0,"max_hp_gain":0,"max_hp_loss":0,"event_name":"Upgrade Shrine","floor":11,"gold_loss":0,"cards_upgraded":["Dualcast"]}],"is_beta":false,"boss_relics":[{"not_picked":["Ectoplasm","Astrolabe"],"picked":"Calling Bell"}],"items_purged_floors":[19,20],"is_endless":false,"potions_floor_spawned":[1,3,12,14,22,24],"killed_by":"Cultist and Chosen","ascension_level":0}