{"gold_per_floor":[116,116,128,146,321,353,370,370,370,380,391,391,404,415,415,516,516,526,546,546,436,455,490,490],"floor_reached":24,"playtime":1665,"items_purged":[],"score":247,"play_id":"3999880d-4389-459d-aba6-1920219aeae0","local_time":"20190705215253","is_ascension_mode":false,"campfire_choices":[{"floor":8,"key":"REST"},{"floor":12,"key":"REST"},{"data":"Anger","floor":15,"key":"SMITH"}],"neow_cost":"PERCENT_DAMAGE","seed_source_timestamp":735659343137747,"circlet_count":0,"master_deck":["Strike_R","Strike_R","Strike_R","Strike_R","Defend_R","Defend_R","Defend_R","Defend_R","Bash","Iron Wave","Combust","Thunderclap","Anger+1","Doubt","Heavy Blade","Clash","Cleave","Clash","Flame Barrier","Headbutt","Demon Form+1","Anger+1","Pommel Strike+1","Infernal Blade","Whirlwind","Heavy Blade","Clash+1"],"relics":["Burning Blood","Paper Frog","Bottled Flame","Eternal Feather","Self Forming Clay"],"potions_floor_usage":[10,16,22,23,23],"damage_taken":[{"damage":0,"enemies":"Small Slimes","floor":1,"turns":3},{"damage":8,"enemies":"Cultist","floor":3,"turns":4},{"damage":11,"enemies":"Jaw Worm","floor":4,"turns":3},{"damage":21,"enemies":"3 Sentries","floor":6,"turns":6},{"damage":6,"enemies":"Red Slaver","floor":7,"turns":5},{"damage":33,"enemies":"Gremlin Gang","floor":10,"turns":4},{"damage":5,"enemies":"Looter","floor":11,"turns":2},{"damage":2,"enemies":"3 Louse","floor":13,"turns":3},{"damage":0,"enemies":"2 Fungi Beasts","floor":14,"turns":2},{"damage":64,"enemies":"The Guardian","floor":16,"turns":8},{"damage":20,"enemies":"Chosen","floor":18,"turns":4},{"damage":28,"enemies":"Shell Parasite","floor":19,"turns":5},{"damage":30,"enemies":"Snake Plant","floor":22,"turns":5},{"damage":70,"enemies":"Gremlin Leader","floor":23,"turns":7},{"damage":28,"enemies":"Snecko","floor":24,"turns":5}],"seed_played":"-2863876790218614291","potions_obtained":[{"floor":4,"key":"EssenceOfSteel"},{"floor":11,"key":"AttackPotion"},{"floor":13,"key":"Ancient Potion"},{"floor":14,"key":"GamblersBrew"},{"floor":16,"key":"FearPotion"},{"floor":18,"key":"BloodPotion"},{"floor":19,"key":"Strength Potion"},{"floor":22,"key":"BloodPotion"}],"is_trial":false,"path_per_floor":["M","?","M","M","?","E","M","R","T","M","M","R","M","M","R","B",null,"M","M","?","$","M","E","M"],"character_chosen":"IRONCLAD","items_purchased":["Infernal Blade","Whirlwind"],"campfire_rested":2,"item_purchase_floors":[21,21],"current_hp_per_floor":[78,78,76,71,71,56,56,84,84,57,58,86,90,96,96,38,96,82,60,60,60,60,20,0],"gold":490,"neow_bonus":"TWENTY_PERCENT_HP_BONUS","is_prod":false,"is_daily":false,"chose_seed":false,"campfire_upgraded":1,"win_rate":0.0,"timestamp":1562359973,"path_taken":["M","?","M","?","?","E","M","R","T","M","M","R","M","M","R","BOSS","M","M","?","$","M","E","M"],"build_version":"2019-07-01","purchased_purges":0,"victory":false,"max_hp_per_floor":[96,96,96,96,96,96,96,96,96,96,96,96,96,96,96,96,96,96,96,96,96,96,96,96],"card_choices":[{"not_picked":["Hemokinesis","True Grit"],"picked":"Iron Wave","floor":1},{"not_picked":["Body Slam","Warcry"],"picked":"Thunderclap","floor":3},{"not_picked":["Metallicize","True Grit"],"picked":"Anger","floor":4},{"not_picked":["Armaments","Body Slam"],"picked":"Heavy Blade","floor":6},{"not_picked":["Burning Pact","Rupture"],"picked":"Clash","floor":7},{"not_picked":["Flex","Body Slam"],"picked":"Cleave","floor":10},{"not_picked":["Dark Embrace","Thunderclap"],"picked":"Clash","floor":11},{"not_picked":["Flex","Sword Boomerang"],"picked":"Flame Barrier","floor":13},{"not_picked":["Pommel Strike","Dropkick"],"picked":"Headbutt","floor":14},{"not_picked":["Reaper","Dark Embrace"],"picked":"Demon Form","floor":16},{"not_picked":["Sword Boomerang","Armaments"],"picked":"Anger+1","floor":18},{"not_picked":["Sword Boomerang","Burning Pact+1"],"picked":"Pommel Strike+1","floor":19},{"not_picked":["Disarm","Thunderclap"],"picked":"Heavy Blade","floor":22},{"not_picked":["Whirlwind+1","Heavy Blade"],"picked":"Clash+1","floor":23}],"player_experience":27185,"relics_obtained":[{"floor":6,"key":"Paper Frog"},{"floor":9,"key":"Bottled Flame"},{"floor":23,"key":"Self Forming Clay"}],"event_choices":[{"damage_healed":0,"gold_gain":0,"cards_transformed":["Strike_R"],"player_choice":"Transformed","damage_taken":0,"max_hp_gain":0,"max_hp_loss":0,"event_name":"Transmorgrifier","floor":2,"gold_loss":0,"cards_obtained":["Combust"]},{"damage_healed":0,"gold_gain":175,"player_choice":"AGREE","damage_taken":0,"max_hp_gain":0,"max_hp_loss":0,"event_name":"Liars Game","floor":5,"gold_loss":0,"cards_obtained":["Doubt"]},{"damage_healed":0,"gold_gain":0,"player_choice":"Forge","damage_taken":0,"max_hp_gain":0,"max_hp_loss":0,"event_name":"Accursed Blacksmith","floor":20,"gold_loss":0,"cards_upgraded":["Demon Form"]}],"is_beta":false,"boss_relics":[{"not_picked":["Tiny House","Runic Pyramid"],"picked":"Eternal Feather"}],"items_purged_floors":[],"is_endless":false,"potions_floor_spawned":[4,11,13,14,16,18,19,22],"killed_by":"Snecko","ascension_level":0}