{"gold_per_floor":[111,35,55,68,78,78,5,32,83,109,119,119,129,140,140,245,245,255,180,23,39,39],"floor_reached":22,"playtime":1404,"items_purged":[],"score":257,"play_id":"4b82a4ab-70c4-48e7-8ed4-4decf75b5467","local_time":"20190716202703","is_ascension_mode":true,"campfire_choices":[{"data":"Corruption","floor":6,"key":"SMITH"},{"data":"Feel No Pain","floor":12,"key":"SMITH"},{"floor":15,"key":"REST"}],"neow_cost":"NONE","seed_source_timestamp":115451832449282,"circlet_count":0,"master_deck":["Strike_R","Strike_R","Strike_R","Strike_R","Strike_R","Defend_R","Defend_R+1","Defend_R","Defend_R+1","Bash+1","Pommel Strike","Feel No Pain+1","Heavy Blade","Corruption+1","Pummel","Dark Embrace","Sword Boomerang+1","Clash+1","Entrench","Feel No Pain","Demon Form","Infernal Blade","Body Slam+1"],"relics":["Burning Blood","Molten Egg 2","War Paint","Oddly Smooth Stone","Mark of Pain","Boot"],"potions_floor_usage":[10,16,16,18,22],"damage_taken":[{"damage":1,"enemies":"Cultist","floor":1,"turns":4},{"damage":0,"enemies":"Small Slimes","floor":3,"turns":3},{"damage":9,"enemies":"Jaw Worm","floor":4,"turns":3},{"damage":7,"enemies":"Looter","floor":5,"turns":3},{"damage":13,"enemies":"3 Sentries","floor":8,"turns":7},{"damage":13,"enemies":"Gremlin Nob","floor":10,"turns":5},{"damage":0,"enemies":"Exordium Wildlife","floor":11,"turns":3},{"damage":17,"enemies":"Lots of Slimes","floor":13,"turns":5},{"damage":11,"enemies":"Looter","floor":14,"turns":2},{"damage":56,"enemies":"The Guardian","floor":16,"turns":9},{"damage":30,"enemies":"2 Thieves","floor":18,"turns":5},{"damage":13,"enemies":"3 Byrds","floor":21,"turns":4},{"damage":36,"enemies":"Sentry and Sphere","floor":22,"turns":5}],"seed_played":"2938430561882452913","potions_obtained":[{"floor":1,"key":"Weak Potion"},{"floor":10,"key":"GamblersBrew"},{"floor":14,"key":"Explosive Potion"},{"floor":16,"key":"Fire Potion"},{"floor":21,"key":"Dexterity Potion"}],"is_trial":false,"path_per_floor":["M","$","M","M","M","R","$","E","T","E","M","R","M","M","R","B",null,"M","?","$","M","M"],"character_chosen":"IRONCLAD","items_purchased":["Feel No Pain","Pummel","Boot"],"campfire_rested":1,"item_purchase_floors":[2,7,20],"current_hp_per_floor":[77,77,80,77,76,76,76,69,69,62,68,68,57,52,76,26,67,43,43,43,36,0],"gold":39,"neow_bonus":"UPGRADE_CARD","is_prod":false,"is_daily":false,"chose_seed":false,"campfire_upgraded":2,"win_rate":0,"timestamp":1563305223,"path_taken":["M","?","M","M","M","R","$","E","T","E","M","R","?","M","R","BOSS","M","?","$","M","M"],"build_version":"2019-07-05","purchased_purges":0,"victory":false,"max_hp_per_floor":[80,80,80,80,80,80,80,80,80,80,80,80,80,80,80,80,80,80,80,80,80,80],"card_choices":[{"not_picked":["Bloodletting","Clothesline"],"picked":"Pommel Strike","floor":1},{"not_picked":["Anger","Wild Strike"],"picked":"Clash","floor":3},{"not_picked":["Thunderclap","Flex"],"picked":"Heavy Blade","floor":4},{"not_picked":["Flex","Bloodletting"],"picked":"Corruption","floor":5},{"not_picked":["True Grit","Combust"],"picked":"Dark Embrace","floor":8},{"not_picked":["Rampage+1","Intimidate"],"picked":"Sword Boomerang+1","floor":10},{"not_picked":["Twin Strike+1","Havoc"],"picked":"Clash+1","floor":11},{"not_picked":["Burning Pact","Perfected Strike+1"],"picked":"Entrench","floor":13},{"not_picked":["Twin Strike+1","Armaments"],"picked":"Feel No Pain","floor":14},{"not_picked":["Feed+1","Barricade"],"picked":"Demon Form","floor":16},{"not_picked":["Anger+1","Hemokinesis+1"],"picked":"Infernal Blade","floor":18},{"not_picked":["Reckless Charge+1","Seeing Red"],"picked":"Body Slam+1","floor":21}],"player_experience":139928,"relics_obtained":[{"floor":8,"key":"Molten Egg 2"},{"floor":9,"key":"War Paint"},{"floor":10,"key":"Oddly Smooth Stone"}],"event_choices":[{"cards_removed":["Clash"],"damage_healed":0,"gold_gain":0,"player_choice":"Gave Gold","damage_taken":0,"max_hp_gain":0,"max_hp_loss":0,"event_name":"Beggar","floor":19,"gold_loss":75}],"is_beta":false,"boss_relics":[{"not_picked":["Empty Cage","Sozu"],"picked":"Mark of Pain"}],"items_purged_floors":[],"is_endless":false,"potions_floor_spawned":[1,10,14,16,21],"killed_by":"Sentry and Sphere","ascension_level":6}