{"gold_per_floor":[17,36,36,56,131,131,166,180,203,228,228,240,17,28,28,133,133,153,68,68,84,84,84,84,84,110,127,140,140],"floor_reached":29,"playtime":1585,"items_purged":[],"score":364,"play_id":"e58ef9e7-74b8-423d-a9cc-ce76b4bc7b75","local_time":"20190403220802","is_ascension_mode":true,"campfire_choices":[{"data":"Demon Form","floor":6,"key":"SMITH"},{"data":"Heavy Blade","floor":11,"key":"SMITH"},{"data":"Armaments","floor":15,"key":"SMITH"},{"data":"RitualDagger","floor":23,"key":"SMITH"},{"floor":25,"key":"DIG"}],"neow_cost":"NO_GOLD","seed_source_timestamp":306491635303415,"circlet_count":0,"master_deck":["AscendersBane","Strike_R","Strike_R","Strike_R","Strike_R","Strike_R","Defend_R","Defend_R","Defend_R","Defend_R","Bash","Demon Form+1","Clothesline","Disarm","Heavy Blade+1","Second Wind","Rage","Rage","Armaments+1","Shockwave","Feel No Pain","Reaper","Flame Barrier","RitualDagger+1","Armaments+1","Iron Wave+1","Headbutt+1"],"relics":["Burning Blood","Art of War","Lantern","Orichalcum","Membership Card","Mark of Pain","Potion Belt","Shovel","Mummified Hand","Oddly Smooth Stone"],"potions_floor_usage":[10,14,16,16,29],"damage_taken":[{"damage":0,"enemies":"Cultist","floor":1,"turns":4},{"damage":6,"enemies":"2 Louse","floor":2,"turns":3},{"damage":20,"enemies":"Small Slimes","floor":4,"turns":4},{"damage":26,"enemies":"Lagavulin","floor":7,"turns":6},{"damage":1,"enemies":"2 Fungi Beasts","floor":8,"turns":4},{"damage":16,"enemies":"Gremlin Nob","floor":10,"turns":4},{"damage":0,"enemies":"Looter","floor":12,"turns":4},{"damage":11,"enemies":"Lots of Slimes","floor":14,"turns":5},{"damage":21,"enemies":"Slime Boss","floor":16,"turns":9},{"damage":12,"enemies":"Shell Parasite","floor":18,"turns":6},{"damage":44,"enemies":"Spheric Guardian","floor":21,"turns":9},{"damage":7,"enemies":"Cultist and Chosen","floor":27,"turns":7},{"damage":27,"enemies":"Snake Plant","floor":28,"turns":6},{"damage":63,"enemies":"Gremlin Leader","floor":29,"turns":10}],"seed_played":"5473867205081404684","potions_obtained":[{"floor":2,"key":"FearPotion"},{"floor":10,"key":"SkillPotion"},{"floor":14,"key":"EntropicBrew"},{"floor":28,"key":"Fire Potion"}],"is_trial":false,"path_per_floor":["M","M","$","M","?","R","E","M","T","E","R","M","$","M","R","B",null,"M","?","?","M","?","R","?","R","T","M","M","E"],"character_chosen":"IRONCLAD","items_purchased":["Membership Card","Shockwave"],"campfire_rested":0,"item_purchase_floors":[13,13],"current_hp_per_floor":[78,78,78,64,56,56,36,41,41,31,31,37,37,32,32,17,64,66,66,60,22,48,48,48,48,48,71,50,0],"gold":140,"neow_bonus":"THREE_RARE_CARDS","is_prod":false,"is_daily":false,"chose_seed":false,"campfire_upgraded":4,"win_rate":0,"timestamp":1554354482,"path_taken":["M","?","$","M","?","R","E","?","T","E","R","M","$","M","R","BOSS","M","?","?","M","?","R","?","R","T","M","M","E"],"build_version":"2019-01-23","purchased_purges":0,"victory":false,"max_hp_per_floor":[80,80,80,80,80,80,80,80,80,80,80,80,80,80,80,80,80,80,80,80,80,80,80,80,80,80,80,80,80],"card_choices":[{"not_picked":["Immolate","Double Tap"],"picked":"Demon Form","floor":0},{"not_picked":["Flex","Reckless Charge"],"picked":"Clothesline","floor":1},{"not_picked":["Headbutt","Havoc"],"picked":"Disarm","floor":2},{"not_picked":["Headbutt","Bludgeon"],"picked":"Heavy Blade","floor":4},{"not_picked":["Thunderclap","Pommel Strike"],"picked":"Second Wind","floor":7},{"not_picked":["Pummel","Cleave"],"picked":"Rage","floor":8},{"not_picked":["Rampage","Metallicize"],"picked":"Rage","floor":10},{"not_picked":["Wild Strike","Hemokinesis"],"picked":"Armaments","floor":12},{"not_picked":["Clothesline","Metallicize"],"picked":"Feel No Pain","floor":14},{"not_picked":["Feed","Barricade"],"picked":"Reaper","floor":16},{"not_picked":["Pommel Strike","Seeing Red+1"],"picked":"Flame Barrier","floor":18},{"not_picked":["Iron Wave","Warcry"],"picked":"Armaments+1","floor":21},{"not_picked":["Searing Blow","Rage"],"picked":"Iron Wave+1","floor":27},{"not_picked":["Clash","Infernal Blade+1"],"picked":"Headbutt+1","floor":28}],"player_experience":596216,"relics_obtained":[{"floor":7,"key":"Art of War"},{"floor":9,"key":"Lantern"},{"floor":10,"key":"Orichalcum"},{"floor":25,"key":"Mummified Hand"},{"floor":26,"key":"Oddly Smooth Stone"}],"event_choices":[{"damage_healed":0,"gold_gain":75,"player_choice":"Touch","damage_taken":8,"max_hp_gain":0,"max_hp_loss":0,"event_name":"FaceTrader","floor":5,"gold_loss":0},{"damage_healed":0,"gold_gain":0,"player_choice":"Obtained Relic","damage_taken":0,"relics_obtained":["Potion Belt"],"max_hp_gain":0,"max_hp_loss":0,"event_name":"Addict","floor":19,"gold_loss":85},{"damage_healed":0,"gold_gain":0,"player_choice":"Joined the Cult","damage_taken":6,"max_hp_gain":0,"max_hp_loss":0,"event_name":"Nest","floor":20,"gold_loss":0,"cards_obtained":["RitualDagger"]},{"damage_healed":26,"gold_gain":0,"player_choice":"Heal","damage_taken":0,"max_hp_gain":0,"max_hp_loss":0,"event_name":"The Library","floor":22,"gold_loss":0},{"damage_healed":0,"gold_gain":0,"player_choice":"Gave Potion","damage_taken":0,"relics_obtained":["Shovel"],"max_hp_gain":0,"max_hp_loss":0,"event_name":"WeMeetAgain","floor":24,"gold_loss":0}],"is_beta":false,"boss_relics":[{"not_picked":["Runic Dome","Velvet Choker"],"picked":"Mark of Pain"}],"items_purged_floors":[],"is_endless":false,"potions_floor_spawned":[2,10,14,28],"killed_by":"Gremlin Leader","ascension_level":11}