{"gold_per_floor":[115,115,40,60,74,74,99,99,99,99,174,193,203,203],"floor_reached":14,"playtime":665,"items_purged":["Strike_R"],"score":122,"play_id":"f5c9b8e3-882b-4ca1-b215-752283e56b0e","local_time":"20190224150006","is_ascension_mode":true,"campfire_choices":[{"data":"Rampage","floor":6,"key":"SMITH"},{"floor":8,"key":"REST"},{"data":"Defend_R","floor":10,"key":"SMITH"}],"neow_cost":"PERCENT_DAMAGE","seed_source_timestamp":325422521293489,"circlet_count":0,"master_deck":["Strike_R","Strike_R","Strike_R","Strike_R","Defend_R","Defend_R+1","Bash","Rampage+1","True Grit"],"relics":["Burning Blood","Self Forming Clay","Singing Bowl"],"potions_floor_usage":[7,12],"damage_taken":[{"damage":9,"enemies":"Jaw Worm","floor":1,"turns":4},{"damage":10,"enemies":"Small Slimes","floor":4,"turns":4},{"damage":5,"enemies":"Cultist","floor":5,"turns":5},{"damage":65,"enemies":"3 Sentries","floor":7,"turns":10},{"damage":10,"enemies":"Exordium Thugs","floor":12,"turns":4},{"damage":6,"enemies":"3 Louse","floor":13,"turns":5},{"damage":26,"enemies":"Gremlin Nob","floor":14,"turns":4}],"seed_played":"7521368273527555475","potions_obtained":[{"floor":4,"key":"Weak Potion"},{"floor":5,"key":"SkillPotion"}],"is_trial":false,"path_per_floor":["M","?","$","M","M","R","E","R","T","R","?","M","M","E"],"character_chosen":"IRONCLAD","items_purchased":[],"campfire_rested":1,"item_purchase_floors":[],"current_hp_per_floor":[48,74,74,70,71,71,12,36,36,36,28,24,26,0],"gold":203,"neow_bonus":"REMOVE_TWO","is_prod":false,"is_daily":false,"chose_seed":false,"campfire_upgraded":2,"win_rate":0,"timestamp":1551045606,"path_taken":["M","?","$","M","M","R","E","R","T","R","?","M","?","E"],"build_version":"2019-01-23","purchased_purges":1,"victory":false,"max_hp_per_floor":[80,80,80,80,80,80,80,80,80,80,80,80,82,82],"card_choices":[{"not_picked":["Clash","Iron Wave","Evolve"],"picked":"SKIP","floor":1},{"not_picked":["Sword Boomerang","Perfected Strike","Anger"],"picked":"SKIP","floor":4},{"not_picked":["Wild Strike","True Grit"],"picked":"Rampage","floor":5},{"not_picked":["Twin Strike","Heavy Blade","Brutality"],"picked":"SKIP","floor":7},{"not_picked":["Headbutt","Armaments"],"picked":"True Grit","floor":12},{"not_picked":["Spot Weakness","Twin Strike","Shrug It Off"],"picked":"Singing Bowl","floor":13}],"player_experience":435073,"relics_obtained":[{"floor":7,"key":"Self Forming Clay"},{"floor":9,"key":"Singing Bowl"}],"event_choices":[{"damage_healed":26,"gold_gain":0,"player_choice":"Banana","damage_taken":0,"max_hp_gain":0,"max_hp_loss":0,"event_name":"Big Fish","floor":2,"gold_loss":0},{"damage_healed":0,"gold_gain":75,"player_choice":"Touch","damage_taken":8,"max_hp_gain":0,"max_hp_loss":0,"event_name":"FaceTrader","floor":11,"gold_loss":0}],"is_beta":false,"boss_relics":[],"items_purged_floors":[3],"is_endless":false,"potions_floor_spawned":[4,5],"killed_by":"Gremlin Nob","ascension_level":7}