{"gold_per_floor":[119,138,18,18,18,45,45,57,57,69,69,89,89,89],"floor_reached":14,"playtime":304,"items_purged":["Defend_B"],"score":115,"play_id":"d6784d00-0276-4e44-88ad-2c19537a27bd","local_time":"20190508185233","is_ascension_mode":false,"campfire_choices":[{"floor":7,"key":"RECALL"},{"data":"Core Surge","floor":11,"key":"SMITH"}],"neow_cost":"NONE","seed_source_timestamp":2106192415146256,"circlet_count":0,"master_deck":["Strike_B","Strike_B","Strike_B+1","Strike_B","Defend_B","Defend_B","Defend_B","Zap+1","Dualcast","Coolheaded","Coolheaded","Core Surge+1"],"relics":["Cracked Core","NeowsBlessing","Toxic Egg 2","Smiling Mask"],"potions_floor_usage":[14],"damage_taken":[{"damage":0,"enemies":"Cultist","floor":1,"turns":1},{"damage":0,"enemies":"Small Slimes","floor":2,"turns":1},{"damage":0,"enemies":"Lagavulin","floor":6,"turns":3},{"damage":0,"enemies":"Jaw Worm","floor":8,"turns":3},{"damage":31,"enemies":"Gremlin Gang","floor":10,"turns":5},{"damage":5,"enemies":"3 Louse","floor":12,"turns":2},{"damage":15,"enemies":"Exordium Thugs","floor":14,"turns":1}],"seed_played":"3432206631018931472","potions_obtained":[{"floor":2,"key":"Regen Potion"}],"is_trial":false,"path_per_floor":["M","M","$","?","$","E","R","M","T","M","R","M","?","M"],"character_chosen":"DEFECT","items_purchased":["Coolheaded"],"campfire_rested":0,"item_purchase_floors":[3],"current_hp_per_floor":[75,75,75,60,60,60,60,60,60,29,29,24,6,0],"gold":89,"neow_bonus":"THREE_ENEMY_KILL","is_prod":false,"is_daily":false,"chose_seed":false,"campfire_upgraded":1,"win_rate":0,"timestamp":1557334353,"path_taken":["M","M","$","?","$","E","R","M","T","M","R","M","?","M"],"build_version":"2019-05-07","purchased_purges":1,"victory":false,"max_hp_per_floor":[75,75,75,75,75,75,75,75,75,75,75,75,75,75],"card_choices":[{"not_picked":["Beam Cell","Reinforced Body"],"picked":"Coolheaded","floor":1},{"not_picked":["Double Energy","Steam Power","Conserve Battery"],"picked":"SKIP","floor":2},{"not_picked":["Conserve Battery","Sweeping Beam"],"picked":"Core Surge","floor":6},{"not_picked":["Streamline","Turbo+1","Compile Driver"],"picked":"SKIP","floor":8},{"not_picked":["Melter","Chaos+1","Aggregate+1"],"picked":"SKIP","floor":10},{"not_picked":["Steam+1","Turbo+1","Sweeping Beam"],"picked":"SKIP","floor":12}],"player_experience":535365,"relics_obtained":[{"floor":6,"key":"Toxic Egg 2"}],"event_choices":[{"damage_healed":0,"gold_gain":0,"player_choice":"Entered Light","damage_taken":15,"max_hp_gain":0,"max_hp_loss":0,"event_name":"Shining Light","floor":4,"gold_loss":0,"cards_upgraded":["Strike_B","Zap"]},{"damage_healed":0,"gold_gain":0,"player_choice":"Success","damage_taken":18,"relics_obtained":["Smiling Mask"],"max_hp_gain":0,"max_hp_loss":0,"event_name":"Scrap Ooze","floor":13,"gold_loss":0}],"is_beta":true,"boss_relics":[],"items_purged_floors":[3],"is_endless":false,"potions_floor_spawned":[2],"killed_by":"Exordium Thugs","ascension_level":0}