{"gold_per_floor":[118,41,41,116,126,126,37,212,236,247,274,274,8,33,33,137,137,152,35,50,67,80,5,5,28,28,28,47,0,0,14,14,118,118,129,147,11,11,64,64],"floor_reached":40,"playtime":4345,"items_purged":[],"score":417,"play_id":"d5a61ebe-3d3f-4393-950c-ce49dc153972","local_time":"20190810171615","is_ascension_mode":false,"campfire_choices":[{"data":"A Thousand Cuts","floor":6,"key":"SMITH"},{"data":"Dagger Spray","floor":12,"key":"SMITH"},{"floor":15,"key":"REST"},{"floor":24,"key":"REST"},{"data":"Adrenaline","floor":27,"key":"SMITH"},{"floor":30,"key":"REST"},{"data":"Noxious Fumes","floor":32,"key":"SMITH"}],"neow_cost":"NONE","seed_source_timestamp":1696814174629000,"circlet_count":0,"master_deck":["Strike_G","Strike_G","Strike_G","Strike_G","Strike_G","Defend_G","Defend_G","Defend_G","Defend_G","Defend_G","Survivor","Neutralize","All Out Attack+1","PiercingWail","Dodge and Roll","Quick Slash","A Thousand Cuts+1","Acrobatics","Doubt","Flying Knee","Dagger Spray+1","Deadly Poison","Secret Weapon","Infinite Blades","Heel Hook","Adrenaline+1","Outmaneuver","Caltrops","Mind Blast","PiercingWail","Crippling Poison","Noxious Fumes+1","Catalyst+1","Blur","Corpse Explosion","Sucker Punch+1","Prepared+1","Escape Plan","Choke","Madness","Madness","Underhanded Strike+1"],"relics":["Ring of the Snake","Orichalcum","Unceasing Top","Snake Skull","Runic Pyramid","Bronze Scales","Bottled Tornado","Busted Crown","Ginger"],"potions_floor_usage":[16,40],"damage_taken":[{"damage":0,"enemies":"2 Louse","floor":1,"turns":2},{"damage":0,"enemies":"Small Slimes","floor":5,"turns":2},{"damage":1,"enemies":"Jaw Worm","floor":10,"turns":4},{"damage":6,"enemies":"3 Sentries","floor":11,"turns":4},{"damage":19,"enemies":"Lagavulin","floor":14,"turns":7},{"damage":44,"enemies":"The Guardian","floor":16,"turns":13},{"damage":0,"enemies":"Chosen","floor":18,"turns":5},{"damage":20,"enemies":"2 Thieves","floor":20,"turns":4},{"damage":0,"enemies":"Snake Plant","floor":21,"turns":4},{"damage":8,"enemies":"Chosen and Byrds","floor":22,"turns":6},{"damage":14,"enemies":"Centurion and Healer","floor":28,"turns":6},{"damage":0,"enemies":"3 Cultists","floor":31,"turns":3},{"damage":29,"enemies":"Collector","floor":33,"turns":7},{"damage":7,"enemies":"3 Darklings","floor":35,"turns":3},{"damage":2,"enemies":"3 Shapes","floor":36,"turns":1},{"damage":22,"enemies":"2 Orb Walkers","floor":39,"turns":3},{"damage":34,"enemies":"Reptomancer","floor":40,"turns":4}],"seed_played":"-3959470871468118304","potions_obtained":[{"floor":1,"key":"Energy Potion"},{"floor":16,"key":"LiquidBronze"},{"floor":18,"key":"Ancient Potion"},{"floor":22,"key":"AttackPotion"},{"floor":28,"key":"Regen Potion"}],"is_trial":false,"path_per_floor":["M","$","?","?","M","R","$","?","T","M","E","R","$","E","R","B",null,"M","$","M","M","M","?","R","T","T","R","M","?","R","M","R","B",null,"M","M","$","?","?","E"],"character_chosen":"THE_SILENT","items_purchased":["Dodge and Roll","Quick Slash","Well Laid Plans","Acrobatics","Deadly Poison","Secret Weapon","Infinite Blades","Caltrops","Mind Blast","Escape Plan","Choke"],"campfire_rested":3,"item_purchase_floors":[2,2,7,7,13,13,13,19,19,37,37],"current_hp_per_floor":[70,70,70,59,59,59,59,59,59,58,52,52,52,33,54,10,70,70,70,50,50,42,42,63,63,63,63,49,49,70,70,70,41,70,63,61,61,52,30,0],"gold":64,"neow_bonus":"THREE_CARDS","is_prod":false,"is_daily":false,"chose_seed":false,"campfire_upgraded":4,"win_rate":0.0,"timestamp":1565482575,"path_taken":["M","$","?","?","M","R","$","?","T","M","E","R","$","E","R","BOSS","M","$","M","M","M","?","R","?","T","R","?","?","R","M","R","BOSS","M","M","$","?","?","E"],"build_version":"2019-07-17","purchased_purges":0,"victory":false,"max_hp_per_floor":[70,70,70,70,70,70,70,70,70,70,70,70,70,70,70,70,70,70,70,70,70,70,70,70,70,70,70,70,70,70,70,70,70,70,70,70,70,70,70,70],"card_choices":[{"not_picked":["Deadly Poison","Blade Dance"],"picked":"All Out Attack","floor":0},{"not_picked":["Finisher","Dodge and Roll"],"picked":"PiercingWail","floor":1},{"not_picked":["Blade Dance","Slice"],"picked":"A Thousand Cuts","floor":5},{"not_picked":["Blade Dance","Underhanded Strike"],"picked":"Flying Knee","floor":10},{"not_picked":["Outmaneuver","Prepared"],"picked":"Dagger Spray","floor":11},{"not_picked":["Slice","Flying Knee"],"picked":"Heel Hook","floor":14},{"not_picked":["Corpse Explosion","Wraith Form v2"],"picked":"Adrenaline","floor":16},{"not_picked":["Dodge and Roll","Sucker Punch"],"picked":"Outmaneuver","floor":18},{"not_picked":["Dagger Throw","Endless Agony"],"picked":"PiercingWail","floor":20},{"not_picked":["Finisher","Acrobatics"],"picked":"Crippling Poison","floor":21},{"not_picked":["Quick Slash","Well Laid Plans"],"picked":"Noxious Fumes","floor":22},{"not_picked":["Expertise","Endless Agony"],"picked":"Catalyst+1","floor":28},{"not_picked":["Expertise","Sucker Punch"],"picked":"Blur","floor":31},{"not_picked":["Wraith Form v2","Envenom"],"picked":"Corpse Explosion","floor":33},{"not_picked":[],"picked":"Sucker Punch+1","floor":35},{"not_picked":[],"picked":"Prepared+1","floor":36},{"not_picked":[],"picked":"Underhanded Strike+1","floor":39}],"player_experience":12133,"relics_obtained":[{"floor":9,"key":"Orichalcum"},{"floor":11,"key":"Unceasing Top"},{"floor":14,"key":"Snake Skull"},{"floor":25,"key":"Bronze Scales"},{"floor":26,"key":"Bottled Tornado"},{"floor":39,"key":"Ginger"}],"event_choices":[{"damage_healed":0,"gold_gain":0,"player_choice":"Grow","damage_taken":0,"max_hp_gain":0,"max_hp_loss":0,"event_name":"Living Wall","floor":3,"gold_loss":0,"cards_upgraded":["All Out Attack"]},{"damage_healed":0,"gold_gain":75,"player_choice":"Gather Gold","damage_taken":11,"max_hp_gain":0,"max_hp_loss":0,"event_name":"World of Goop","floor":4,"gold_loss":0},{"damage_healed":0,"gold_gain":175,"player_choice":"AGREE","damage_taken":0,"max_hp_gain":0,"max_hp_loss":0,"event_name":"Liars Game","floor":8,"gold_loss":0,"cards_obtained":["Doubt"]},{"cards_removed":["Well Laid Plans"],"damage_healed":0,"gold_gain":0,"player_choice":"Gave Gold","damage_taken":0,"max_hp_gain":0,"max_hp_loss":0,"event_name":"Beggar","floor":23,"gold_loss":75},{"damage_healed":0,"gold_gain":0,"player_choice":"Paid Fearfully","damage_taken":0,"max_hp_gain":0,"max_hp_loss":0,"event_name":"Masked Bandits","floor":29,"gold_loss":47},{"damage_healed":0,"gold_gain":0,"player_choice":"Embrace Madness","damage_taken":9,"max_hp_gain":0,"max_hp_loss":0,"event_name":"Winding Halls","floor":38,"gold_loss":0,"cards_obtained":["Madness","Madness"]},{"damage_healed":0,"gold_gain":0,"player_choice":"Fight","damage_taken":0,"max_hp_gain":0,"max_hp_loss":0,"event_name":"Mysterious Sphere","floor":39,"gold_loss":0}],"is_beta":false,"boss_relics":[{"not_picked":["White Beast Statue","Snecko Eye"],"picked":"Runic Pyramid"},{"not_picked":["Philosopher\u0027s Stone","Velvet Choker"],"picked":"Busted Crown"}],"items_purged_floors":[],"is_endless":false,"potions_floor_spawned":[1,16,18,22,28],"killed_by":"Reptomancer","ascension_level":0}