{"gold_per_floor":[116,116,131,131,131,131,150,150,202,217,260,273,20,43,43,163,163,184,200,200,223,241,277,192,192,262,262,262,296,296,320,320,320],"floor_reached":33,"playtime":1834,"items_purged":[],"score":426,"play_id":"24d1b455-bca0-45f4-b396-7e863f93fade","local_time":"20190324220144","is_ascension_mode":true,"campfire_choices":[{"data":"Bash","floor":6,"key":"SMITH"},{"data":"Anger","floor":8,"key":"SMITH"},{"data":"Apotheosis","floor":15,"key":"SMITH"},{"floor":28,"key":"REST"},{"floor":30,"key":"REST"},{"floor":32,"key":"RECALL"}],"neow_cost":"CURSE","seed_source_timestamp":87034659386366,"circlet_count":0,"master_deck":["AscendersBane","Defend_R","Defend_R","Defend_R","Defend_R","Bash+1","Havoc","Anger+1","Blood for Blood","Pommel Strike","Rage","Sever Soul","Shockwave","Apotheosis+1","Rampage","Evolve","Fiend Fire","Writhe","True Grit","Bite","Bite","Bite","Bite","Bite","Barricade"],"relics":["Burning Blood","Gambling Chip","Golden Idol","Red Skull","Singing Bowl","Busted Crown","The Courier","Red Mask","Du-Vu Doll","Bottled Lightning","Smiling Mask"],"potions_floor_usage":[11,22,29,33,33,33],"damage_taken":[{"damage":16,"enemies":"Jaw Worm","floor":1,"turns":4},{"damage":3,"enemies":"2 Louse","floor":3,"turns":4},{"damage":0,"enemies":"Small Slimes","floor":7,"turns":3},{"damage":15,"enemies":"2 Fungi Beasts","floor":10,"turns":3},{"damage":22,"enemies":"Lagavulin","floor":11,"turns":5},{"damage":0,"enemies":"Large Slime","floor":12,"turns":3},{"damage":0,"enemies":"Looter","floor":14,"turns":2},{"damage":22,"enemies":"Slime Boss","floor":16,"turns":7},{"damage":17,"enemies":"Shell Parasite","floor":18,"turns":4},{"damage":1,"enemies":"3 Byrds","floor":19,"turns":6},{"damage":1,"enemies":"Centurion and Healer","floor":21,"turns":4},{"damage":17,"enemies":"Chosen and Byrds","floor":22,"turns":6},{"damage":26,"enemies":"Masked Bandits","floor":23,"turns":6},{"damage":27,"enemies":"Book of Stabbing","floor":29,"turns":4},{"damage":22,"enemies":"Shelled Parasite and Fungi","floor":31,"turns":4},{"damage":83,"enemies":"Collector","floor":33,"turns":7}],"seed_played":"6493146264870994416","potions_obtained":[{"floor":10,"key":"FearPotion"},{"floor":16,"key":"SteroidPotion"},{"floor":21,"key":"Explosive Potion"},{"floor":22,"key":"Weak Potion"},{"floor":23,"key":"Block Potion"},{"floor":31,"key":"EssenceOfSteel"}],"is_trial":false,"path_per_floor":["M","?","M","?","?","R","M","R","T","M","E","M","$","M","R","B",null,"M","M","?","M","M","?","?","T","T","?","R","E","R","M","R","B"],"character_chosen":"IRONCLAD","items_purchased":["Apotheosis","Rampage"],"campfire_rested":2,"item_purchase_floors":[13,13],"current_hp_per_floor":[62,62,65,45,45,45,51,51,51,42,26,32,32,38,38,22,66,57,64,64,69,60,42,42,42,42,42,60,45,61,51,51,0],"gold":320,"neow_bonus":"ONE_RARE_RELIC","is_prod":false,"is_daily":false,"chose_seed":false,"campfire_upgraded":3,"win_rate":0,"timestamp":1553490104,"path_taken":["M","?","M","?","?","R","M","R","T","M","E","?","$","M","R","BOSS","M","M","?","M","M","?","?","?","T","?","R","E","R","M","R","BOSS"],"build_version":"2019-01-23","purchased_purges":0,"victory":false,"max_hp_per_floor":[80,80,80,80,80,80,80,80,80,80,80,80,80,80,80,80,80,82,84,84,84,86,88,88,88,88,61,61,61,61,63,63,63],"card_choices":[{"not_picked":["Warcry","Clash"],"picked":"Havoc","floor":1},{"not_picked":["Heavy Blade","Perfected Strike"],"picked":"Anger","floor":3},{"not_picked":["Sword Boomerang","Flex"],"picked":"Pommel Strike","floor":7},{"not_picked":["Intimidate","Armaments"],"picked":"Rage","floor":10},{"not_picked":["Flame Barrier","Wild Strike"],"picked":"Sever Soul","floor":11},{"not_picked":["Dark Embrace","Clothesline"],"picked":"Shockwave","floor":12},{"not_picked":["Headbutt","Warcry"],"picked":"Evolve","floor":14},{"not_picked":["Berserk","Exhume"],"picked":"Fiend Fire","floor":16},{"not_picked":["Anger+1"],"picked":"Singing Bowl","floor":18},{"not_picked":["Cleave"],"picked":"Singing Bowl","floor":19},{"not_picked":[],"picked":"True Grit","floor":21},{"not_picked":["Cleave"],"picked":"Singing Bowl","floor":22},{"not_picked":["Infernal Blade"],"picked":"Singing Bowl","floor":23},{"not_picked":[],"picked":"Barricade","floor":29},{"not_picked":["Infernal Blade"],"picked":"Singing Bowl","floor":31}],"player_experience":532375,"relics_obtained":[{"floor":9,"key":"Red Skull"},{"floor":11,"key":"Singing Bowl"},{"floor":23,"key":"Red Mask"},{"floor":26,"key":"Bottled Lightning"},{"floor":29,"key":"Smiling Mask"}],"event_choices":[{"cards_removed":["Normality"],"damage_healed":0,"gold_gain":0,"player_choice":"Forget","damage_taken":0,"max_hp_gain":0,"max_hp_loss":0,"event_name":"Living Wall","floor":2,"gold_loss":0},{"damage_healed":0,"gold_gain":0,"player_choice":"Take Damage","damage_taken":20,"relics_obtained":["Golden Idol"],"max_hp_gain":0,"max_hp_loss":0,"event_name":"Golden Idol","floor":4,"gold_loss":0},{"damage_healed":0,"gold_gain":0,"cards_transformed":["Strike_R"],"player_choice":"Transformed","damage_taken":0,"max_hp_gain":0,"max_hp_loss":0,"event_name":"Transmorgrifier","floor":5,"gold_loss":0,"cards_obtained":["Blood for Blood"]},{"damage_healed":0,"gold_gain":0,"player_choice":"Opened","damage_taken":0,"relics_obtained":["The Courier"],"max_hp_gain":0,"max_hp_loss":0,"event_name":"The Mausoleum","floor":20,"gold_loss":0,"cards_obtained":["Writhe"]},{"damage_healed":0,"gold_gain":0,"player_choice":"Fought Bandits","damage_taken":0,"max_hp_gain":0,"max_hp_loss":0,"event_name":"Masked Bandits","floor":23,"gold_loss":0},{"damage_healed":0,"gold_gain":0,"player_choice":"Obtained Relic","damage_taken":0,"relics_obtained":["Du-Vu Doll"],"max_hp_gain":0,"max_hp_loss":0,"event_name":"Addict","floor":24,"gold_loss":85},{"damage_healed":0,"gold_gain":0,"player_choice":"Became a vampire","damage_taken":0,"max_hp_gain":0,"max_hp_loss":27,"event_name":"Vampires","floor":27,"gold_loss":0,"cards_obtained":["Bite","Bite","Bite","Bite","Bite"]}],"is_beta":false,"boss_relics":[{"not_picked":["Orrery","Philosopher\u0027s Stone"],"picked":"Busted Crown"}],"items_purged_floors":[],"is_endless":false,"potions_floor_spawned":[10,16,21,22,23,31],"killed_by":"Collector","ascension_level":10}