{"gold_per_floor":[114,133,133,143,162,162,193,193,193,212,227,247,247],"floor_reached":13,"playtime":904,"items_purged":[],"score":93,"play_id":"488e7781-d061-4ad2-8d9f-697ed10c9428","local_time":"20190812211430","is_ascension_mode":true,"campfire_choices":[{"floor":6.0,"key":"RECALL"},{"data":"Body Slam","floor":8.0,"key":"SMITH"}],"neow_cost":"NONE","seed_source_timestamp":137098237514335,"circlet_count":0,"master_deck":["Strike_R","Strike_R","Strike_R","Strike_R","Defend_R","Defend_R","Defend_R","Defend_R","Bash","Body Slam+1","True Grit","Whirlwind","Offering"],"special_seed":0,"relics":["Burning Blood","Vajra","Bottled Flame"],"potions_floor_usage":[13],"damage_taken":[{"damage":6.0,"enemies":"2 Louse","floor":1.0,"turns":2.0},{"damage":1.0,"enemies":"Cultist","floor":2.0,"turns":3.0},{"damage":6.0,"enemies":"Jaw Worm","floor":4.0,"turns":5.0},{"damage":5.0,"enemies":"Looter","floor":5.0,"turns":3.0},{"damage":35.0,"enemies":"3 Sentries","floor":7.0,"turns":11.0},{"damage":11.0,"enemies":"Large Slime","floor":10.0,"turns":8.0},{"damage":6.0,"enemies":"2 Fungi Beasts","floor":11.0,"turns":3.0},{"damage":6,"enemies":"Red Slaver","floor":12,"turns":4},{"damage":57,"enemies":"Lagavulin","floor":13,"turns":9}],"seed_played":"-2236784091544840558","potions_obtained":[{"floor":1.0,"key":"GamblersBrew"},{"floor":7.0,"key":"SpeedPotion"},{"floor":10.0,"key":"Swift Potion"}],"is_trial":false,"path_per_floor":["M","M","?","M","M","R","E","R","T","M","M","M","E"],"character_chosen":"IRONCLAD","items_purchased":[],"campfire_rested":0,"item_purchase_floors":[],"current_hp_per_floor":[80,80,80,80,80,80,51,51,51,46,46,46,0],"gold":247,"neow_bonus":"RANDOM_COMMON_RELIC","is_prod":false,"is_daily":false,"chose_seed":false,"campfire_upgraded":1,"win_rate":0,"timestamp":1565662470,"path_taken":["M","M","?","M","M","R","E","R","T","?","M","M","E"],"build_version":"2019-07-17","purchased_purges":0,"victory":false,"max_hp_per_floor":[80,80,80,80,80,80,80,80,80,80,80,80,80],"card_choices":[{"not_picked":["Flame Barrier","Thunderclap","Anger"],"picked":"SKIP","floor":1.0},{"not_picked":["Burning Pact","Power Through"],"picked":"Body Slam","floor":2.0},{"not_picked":["Armaments","Carnage","Bloodletting"],"picked":"SKIP","floor":4.0},{"not_picked":["Dual Wield","Bloodletting"],"picked":"True Grit","floor":5.0},{"not_picked":["Sentinel","Combust","Clash"],"picked":"SKIP","floor":7.0},{"not_picked":["Twin Strike","Pommel Strike"],"picked":"Whirlwind","floor":10.0},{"not_picked":["Wild Strike","Thunderclap","Burning Pact"],"picked":"SKIP","floor":11.0},{"not_picked":["Whirlwind","Warcry"],"picked":"Offering","floor":12}],"player_experience":88392,"relics_obtained":[{"floor":7.0,"key":"Bottled Flame"}],"event_choices":[{"cards_removed":["Strike_R"],"damage_healed":0.0,"max_hp_gain":0.0,"max_hp_loss":0.0,"gold_gain":0.0,"event_name":"Purifier","player_choice":"Purged","floor":3.0,"gold_loss":0.0,"damage_taken":0.0}],"is_beta":false,"boss_relics":[],"items_purged_floors":[],"is_endless":false,"potions_floor_spawned":[1,7,10],"killed_by":"Lagavulin","ascension_level":1}