{"gold_per_floor":[114,126,5,180,195,222,222,242,242,254,254,254,254,279,279,376,376,393,407,17,31,31,31,31,56,82,82],"floor_reached":27,"playtime":1492,"items_purged":["Defend_R","Doubt"],"score":386,"play_id":"b1afd7a5-d559-4d57-a5b2-b1fc97680e21","local_time":"20190407111716","is_ascension_mode":true,"campfire_choices":[{"data":"Armaments","floor":7,"key":"SMITH"},{"data":"1","floor":13,"key":"LIFT"},{"floor":15,"key":"REST"}],"neow_cost":"NONE","seed_source_timestamp":103463865877141,"circlet_count":0,"master_deck":["AscendersBane","Strike_R","Strike_R","Strike_R","Strike_R","Defend_R","Defend_R","Defend_R","Bash","Battle Trance","Offering","Armaments+1","Havoc","Searing Blow","Second Wind","True Grit","Rampage","Limit Break","Entrench","Disarm","Shockwave+1","Reaper"],"relics":["Burning Blood","Potion Belt","Singing Bowl","Girya","Calipers","White Beast Statue","Sling","Oddly Smooth Stone","Ancient Tea Set"],"potions_floor_usage":[14,14,16,19,19,22,22,25,27],"damage_taken":[{"damage":4,"enemies":"Small Slimes","floor":1,"turns":4},{"damage":3,"enemies":"Jaw Worm","floor":2,"turns":5},{"damage":6,"enemies":"Cultist","floor":5,"turns":3},{"damage":52,"enemies":"3 Sentries","floor":6,"turns":11},{"damage":14,"enemies":"Exordium Wildlife","floor":8,"turns":5},{"damage":13,"enemies":"2 Fungi Beasts","floor":10,"turns":3},{"damage":23,"enemies":"Lagavulin","floor":14,"turns":6},{"damage":41,"enemies":"Hexaghost","floor":16,"turns":9},{"damage":19,"enemies":"Chosen","floor":18,"turns":6},{"damage":29,"enemies":"Spheric Guardian","floor":19,"turns":6},{"damage":24,"enemies":"Snake Plant","floor":21,"turns":6},{"damage":12,"enemies":"Colosseum Slavers","floor":22,"turns":4},{"damage":21,"enemies":"Gremlin Leader","floor":25,"turns":7},{"damage":22,"enemies":"Slavers","floor":27,"turns":2}],"seed_played":"320902197477332691","potions_obtained":[{"floor":2,"key":"Dexterity Potion"},{"floor":10,"key":"Fire Potion"},{"floor":14,"key":"FearPotion"},{"floor":16,"key":"Energy Potion"},{"floor":18,"key":"Block Potion"},{"floor":19,"key":"Fire Potion"},{"floor":21,"key":"Explosive Potion"},{"floor":25,"key":"Strength Potion"}],"is_trial":false,"path_per_floor":["M","M","$","?","M","E","R","M","T","M","?","?","R","E","R","B",null,"M","M","$","M","?","?","?","E","T","E"],"character_chosen":"IRONCLAD","items_purchased":["Armaments","Sling","Disarm","Strength Potion"],"campfire_rested":1,"item_purchase_floors":[3,20,20,20],"current_hp_per_floor":[74,77,77,77,77,31,31,23,23,18,45,45,45,28,52,17,66,55,32,32,14,8,36,36,21,21,0],"gold":82,"neow_bonus":"RANDOM_COMMON_RELIC","is_prod":false,"is_daily":false,"chose_seed":false,"campfire_upgraded":1,"win_rate":0,"timestamp":1554661036,"path_taken":["M","M","$","?","M","E","R","M","T","M","?","?","R","E","R","BOSS","M","M","$","M","?","?","?","E","T","E"],"build_version":"2019-01-23","purchased_purges":2,"victory":false,"max_hp_per_floor":[80,80,80,80,80,80,80,80,80,82,82,82,82,82,82,82,82,84,84,84,84,84,84,84,84,84,84],"card_choices":[{"not_picked":["Twin Strike","Anger"],"picked":"Battle Trance","floor":1},{"not_picked":["Shrug It Off","True Grit"],"picked":"Offering","floor":2},{"not_picked":["Twin Strike","Iron Wave"],"picked":"Havoc","floor":5},{"not_picked":["Iron Wave","Clothesline"],"picked":"Searing Blow","floor":6},{"not_picked":["Shockwave","Wild Strike"],"picked":"Second Wind","floor":8},{"not_picked":["Hemokinesis","Sever Soul","Blood for Blood"],"picked":"Singing Bowl","floor":10},{"not_picked":["Wild Strike","Armaments"],"picked":"Rampage","floor":14},{"not_picked":["Exhume","Barricade"],"picked":"Limit Break","floor":16},{"not_picked":["Anger","Rampage","Clothesline"],"picked":"Singing Bowl","floor":18},{"not_picked":["Combust","Wild Strike"],"picked":"Entrench","floor":19},{"not_picked":["Rupture","Wild Strike"],"picked":"Shockwave+1","floor":21},{"not_picked":["Wild Strike","Pommel Strike"],"picked":"Reaper","floor":25}],"player_experience":626474,"relics_obtained":[{"floor":6,"key":"Singing Bowl"},{"floor":9,"key":"Girya"},{"floor":14,"key":"Calipers"},{"floor":25,"key":"Oddly Smooth Stone"},{"floor":26,"key":"Ancient Tea Set"}],"event_choices":[{"damage_healed":0,"gold_gain":175,"player_choice":"AGREE","damage_taken":0,"max_hp_gain":0,"max_hp_loss":0,"event_name":"Liars Game","floor":4,"gold_loss":0,"cards_obtained":["Doubt"]},{"damage_healed":27,"gold_gain":0,"player_choice":"Banana","damage_taken":0,"max_hp_gain":0,"max_hp_loss":0,"event_name":"Big Fish","floor":11,"gold_loss":0},{"damage_healed":0,"gold_gain":0,"cards_transformed":["Strike_R"],"player_choice":"Transformed","damage_taken":0,"max_hp_gain":0,"max_hp_loss":0,"event_name":"Transmorgrifier","floor":12,"gold_loss":0,"cards_obtained":["True Grit"]},{"damage_healed":0,"gold_gain":0,"player_choice":"Fight","damage_taken":0,"max_hp_gain":0,"max_hp_loss":0,"event_name":"Colosseum","floor":22,"gold_loss":0},{"damage_healed":0,"gold_gain":0,"player_choice":"Fled From Nobs","damage_taken":0,"max_hp_gain":0,"max_hp_loss":0,"event_name":"Colosseum","floor":22,"gold_loss":0},{"damage_healed":28,"gold_gain":0,"player_choice":"Heal","damage_taken":0,"max_hp_gain":0,"max_hp_loss":0,"event_name":"The Library","floor":23,"gold_loss":0},{"damage_healed":0,"gold_gain":0,"player_choice":"Ignored","damage_taken":0,"max_hp_gain":0,"max_hp_loss":0,"event_name":"Beggar","floor":24,"gold_loss":0}],"is_beta":false,"boss_relics":[{"not_picked":["Cursed Key","Ectoplasm"],"picked":"White Beast Statue"}],"items_purged_floors":[3,20],"is_endless":false,"potions_floor_spawned":[2,10,14,16,18,19,21,22,25],"killed_by":"Slavers","ascension_level":12}