{"gold_per_floor":[115,190,266,280,280,280,292,292,346,32,49,63,12,31,31,136,136,150,165,90,90,90],"floor_reached":22,"playtime":966,"items_purged":[],"score":282,"play_id":"695882dc-33d2-4ff7-83d2-38b04beb12b6","local_time":"20190407102639","is_ascension_mode":true,"campfire_choices":[{"data":"Juggernaut","floor":6,"key":"SMITH"},{"floor":15,"key":"REST"}],"neow_cost":"PERCENT_DAMAGE","seed_source_timestamp":100952341366577,"circlet_count":0,"master_deck":["AscendersBane","Bash","Juggernaut+1","Fire Breathing","Carnage","Shockwave","Blood for Blood","Dropkick","Warcry","Wild Strike","Wild Strike","Power Through","Barricade","Double Tap+1","Sever Soul","Heavy Blade","Fire Breathing","Carnage","Body Slam","Immolate","Headbutt+1","Flame Barrier","Reaper","Armaments+1"],"relics":["Burning Blood","WarpedTongs","Regal Pillow","Prayer Wheel","Pandora\u0027s Box"],"potions_floor_usage":[12,16,19,22],"damage_taken":[{"damage":16,"enemies":"Cultist","floor":1,"turns":4},{"damage":0,"enemies":"2 Louse","floor":4,"turns":2},{"damage":18,"enemies":"Small Slimes","floor":7,"turns":4},{"damage":19,"enemies":"Gremlin Gang","floor":11,"turns":5},{"damage":2,"enemies":"2 Fungi Beasts","floor":12,"turns":3},{"damage":2,"enemies":"Large Slime","floor":14,"turns":5},{"damage":40,"enemies":"The Guardian","floor":16,"turns":10},{"damage":28,"enemies":"Chosen","floor":18,"turns":5},{"damage":23,"enemies":"Spheric Guardian","floor":19,"turns":4},{"damage":30,"enemies":"Centurion and Healer","floor":22,"turns":6}],"seed_played":"28784173073511169","potions_obtained":[{"floor":11,"key":"Explosive Potion"},{"floor":12,"key":"AttackPotion"},{"floor":18,"key":"SpeedPotion"},{"floor":19,"key":"Swift Potion"}],"is_trial":false,"path_per_floor":["M","?","?","M","?","R","M","?","T","$","M","M","$","M","R","B",null,"M","M","?","?","M"],"character_chosen":"IRONCLAD","items_purchased":["Prayer Wheel","SteroidPotion"],"campfire_rested":1,"item_purchase_floors":[10,13],"current_hp_per_floor":[41,30,30,36,36,36,24,24,24,24,11,15,15,19,58,24,66,44,27,27,27,0],"gold":90,"neow_bonus":"TRANSFORM_TWO_CARDS","is_prod":false,"is_daily":false,"chose_seed":false,"campfire_upgraded":1,"win_rate":0,"timestamp":1554657999,"path_taken":["M","?","?","M","?","R","M","?","T","$","?","M","$","M","R","BOSS","M","M","?","?","?"],"build_version":"2019-01-23","purchased_purges":0,"victory":false,"max_hp_per_floor":[80,80,80,80,80,80,80,80,80,80,80,80,80,80,80,80,80,80,80,80,80,80],"card_choices":[{"not_picked":["Cleave","Twin Strike"],"picked":"Carnage","floor":1},{"not_picked":["Heavy Blade","Clothesline"],"picked":"Shockwave","floor":4},{"not_picked":["Anger","Wild Strike"],"picked":"Blood for Blood","floor":7},{"not_picked":["Clash","Offering"],"picked":"Dropkick","floor":11},{"not_picked":["Flex","Evolve"],"picked":"Warcry","floor":11},{"not_picked":["Combust","Perfected Strike"],"picked":"Wild Strike","floor":12},{"not_picked":["Heavy Blade","Twin Strike"],"picked":"Wild Strike","floor":12},{"not_picked":["Thunderclap","Combust"],"picked":"Power Through","floor":14},{"not_picked":["Entrench","Thunderclap"],"picked":"Barricade","floor":14},{"not_picked":["Brutality","Immolate"],"picked":"Double Tap","floor":16},{"not_picked":["Clash","Perfected Strike"],"picked":"Headbutt+1","floor":18},{"not_picked":["Pommel Strike","Heavy Blade"],"picked":"Flame Barrier","floor":18},{"not_picked":["Clash","Pommel Strike"],"picked":"Reaper","floor":19},{"not_picked":["Clothesline","Power Through"],"picked":"Armaments+1","floor":19}],"player_experience":624004,"relics_obtained":[{"floor":9,"key":"Regal Pillow"}],"event_choices":[{"damage_healed":0,"gold_gain":75,"player_choice":"Gather Gold","damage_taken":11,"max_hp_gain":0,"max_hp_loss":0,"event_name":"World of Goop","floor":2,"gold_loss":0},{"damage_healed":0,"gold_gain":76,"player_choice":"Gained Gold","damage_taken":0,"max_hp_gain":0,"max_hp_loss":0,"event_name":"Golden Wing","floor":3,"gold_loss":0},{"cards_removed":["Strike_R"],"damage_healed":0,"gold_gain":0,"player_choice":"Forget","damage_taken":0,"max_hp_gain":0,"max_hp_loss":0,"event_name":"Living Wall","floor":5,"gold_loss":0},{"damage_healed":0,"gold_gain":0,"player_choice":"Rummage","damage_taken":0,"relics_obtained":["WarpedTongs"],"max_hp_gain":0,"max_hp_loss":0,"event_name":"Accursed Blacksmith","floor":8,"gold_loss":0,"cards_obtained":["Pain"]},{"cards_removed":["Pain"],"damage_healed":0,"gold_gain":0,"player_choice":"Gave Gold","damage_taken":0,"max_hp_gain":0,"max_hp_loss":0,"event_name":"Beggar","floor":20,"gold_loss":75},{"damage_healed":0,"gold_gain":0,"player_choice":"Upgraded","damage_taken":0,"max_hp_gain":0,"max_hp_loss":0,"event_name":"Upgrade Shrine","floor":21,"gold_loss":0,"cards_upgraded":["Double Tap"]}],"is_beta":false,"boss_relics":[{"not_picked":["Tiny House","Runic Pyramid"],"picked":"Pandora\u0027s Box"}],"items_purged_floors":[],"is_endless":false,"potions_floor_spawned":[11,12,18,19],"killed_by":"Centurion and Healer","ascension_level":12}