{"gold_per_floor":[111,111,129,147,147,178,195,227,227,227,241,259,279,296,296,296],"floor_reached":16,"playtime":552,"items_purged":[],"score":116,"play_id":"7de6c889-d526-4c17-90fc-d70051f566d6","local_time":"20190508190158","is_ascension_mode":false,"campfire_choices":[{"floor":10,"key":"RECALL"},{"data":"Blizzard","floor":15,"key":"SMITH"}],"neow_cost":"NONE","seed_source_timestamp":2106508790989949,"circlet_count":0,"master_deck":["Strike_B","Strike_B","Strike_B","Strike_B","Defend_B","Defend_B","Defend_B","Defend_B","Zap","Dualcast","Barrage","Mind Blast","Zap","Glacier","Ball Lightning","Seek","Capacitor","Blizzard+1"],"relics":["Cracked Core","NeowsBlessing","Smiling Mask","Cables","Gambling Chip"],"potions_floor_usage":[7,16],"damage_taken":[{"damage":0,"enemies":"Jaw Worm","floor":1,"turns":1},{"damage":0,"enemies":"Cultist","floor":3,"turns":1},{"damage":0,"enemies":"Small Slimes","floor":4,"turns":1},{"damage":33,"enemies":"Gremlin Nob","floor":6,"turns":4},{"damage":0,"enemies":"Gremlin Gang","floor":7,"turns":2},{"damage":15,"enemies":"3 Sentries","floor":8,"turns":7},{"damage":11,"enemies":"Exordium Wildlife","floor":11,"turns":3},{"damage":1,"enemies":"Exordium Thugs","floor":12,"turns":3},{"damage":2,"enemies":"Lots of Slimes","floor":13,"turns":4},{"damage":4,"enemies":"3 Louse","floor":14,"turns":3},{"damage":18,"enemies":"The Guardian","floor":16,"turns":2}],"seed_played":"8372627024743550741","potions_obtained":[{"floor":3,"key":"FearPotion"},{"floor":4,"key":"SpeedPotion"},{"floor":5,"key":"Explosive Potion"},{"floor":8,"key":"Swift Potion"}],"is_trial":false,"path_per_floor":["M","?","M","M","?","E","M","E","T","R","M","M","M","M","R","B"],"character_chosen":"DEFECT","items_purchased":[],"campfire_rested":0,"item_purchase_floors":[],"current_hp_per_floor":[75,75,75,75,75,42,42,27,27,27,16,15,13,9,9,0],"gold":296,"neow_bonus":"THREE_ENEMY_KILL","is_prod":false,"is_daily":false,"chose_seed":false,"campfire_upgraded":1,"win_rate":0,"timestamp":1557334918,"path_taken":["M","?","?","M","?","E","M","E","T","R","M","?","M","M","R","BOSS"],"build_version":"2019-05-07","purchased_purges":0,"victory":false,"max_hp_per_floor":[75,75,75,75,75,75,75,75,75,75,75,75,75,75,75,75],"card_choices":[{"not_picked":["Chaos","Force Field"],"picked":"Barrage","floor":1},{"not_picked":["Coolheaded","Skim"],"picked":"Glacier","floor":3},{"not_picked":["Go for the Eyes","Melter","Scrape"],"picked":"SKIP","floor":4},{"not_picked":["Static Discharge","Aggregate"],"picked":"Ball Lightning","floor":6},{"not_picked":["Beam Cell","Streamline","Redo"],"picked":"SKIP","floor":7},{"not_picked":["Steam","Static Discharge"],"picked":"Seek","floor":8},{"not_picked":["Force Field","Chaos"],"picked":"Capacitor","floor":11},{"not_picked":["Cold Snap","Turbo","Rip and Tear"],"picked":"SKIP","floor":12},{"not_picked":["Lockon","Leap"],"picked":"Blizzard","floor":13},{"not_picked":["Steam","Sweeping Beam","Streamline"],"picked":"SKIP","floor":14}],"player_experience":535669,"relics_obtained":[{"floor":6,"key":"Smiling Mask"},{"floor":8,"key":"Cables"},{"floor":9,"key":"Gambling Chip"}],"event_choices":[{"damage_healed":0,"gold_gain":0,"player_choice":"2 cards matched","damage_taken":0,"max_hp_gain":0,"max_hp_loss":0,"event_name":"Match and Keep!","floor":2,"gold_loss":0,"cards_obtained":["Mind Blast","Zap"]},{"damage_healed":0,"gold_gain":0,"player_choice":"Got Potions","damage_taken":0,"max_hp_gain":0,"max_hp_loss":0,"event_name":"Lab","floor":5,"gold_loss":0}],"is_beta":true,"boss_relics":[],"items_purged_floors":[],"is_endless":false,"potions_floor_spawned":[3,4,8,11,12,14],"killed_by":"The Guardian","ascension_level":0}