{"gold_per_floor":[359,373,166,184,201,232,132,163,163,163,182,182,215,226,226,326,326,340,340,375,474,489,489,489],"floor_reached":24,"playtime":1844,"items_purged":["Writhe","Strike_G"],"score":259,"play_id":"e6314991-9e60-4d8c-92f9-1829472ccd6f","local_time":"20190813055743","is_ascension_mode":true,"campfire_choices":[{"floor":10.0,"key":"REST"},{"floor":12.0,"key":"REST"},{"floor":15.0,"key":"REST"},{"floor":23.0,"key":"REST"}],"neow_cost":"CURSE","seed_source_timestamp":167384268957941,"circlet_count":0,"master_deck":["Strike_G","Strike_G","Strike_G","Strike_G","Defend_G","Defend_G","Defend_G","Defend_G","Defend_G","Survivor","Neutralize","Poisoned Stab","Noxious Fumes","Backflip","PiercingWail","Dodge and Roll","Deadly Poison","Crippling Poison","Tools of the Trade","Expertise"],"special_seed":0,"relics":["Ring of the Snake","Mummified Hand","Dodecahedron","StoneCalendar","Black Star","Red Mask"],"potions_floor_usage":[],"damage_taken":[{"damage":8.0,"enemies":"2 Louse","floor":1.0,"turns":3.0},{"damage":0.0,"enemies":"Small Slimes","floor":2.0,"turns":3.0},{"damage":0.0,"enemies":"Jaw Worm","floor":4.0,"turns":5.0},{"damage":1.0,"enemies":"Large Slime","floor":5.0,"turns":8.0},{"damage":6.0,"enemies":"Lagavulin","floor":6.0,"turns":8.0},{"damage":51.0,"enemies":"Gremlin Nob","floor":8.0,"turns":6.0},{"damage":0.0,"enemies":"Looter","floor":11.0,"turns":4.0},{"damage":18.0,"enemies":"Lagavulin","floor":13.0,"turns":8.0},{"damage":0.0,"enemies":"2 Fungi Beasts","floor":14.0,"turns":6.0},{"damage":23.0,"enemies":"The Guardian","floor":16.0,"turns":9.0},{"damage":1.0,"enemies":"Shell Parasite","floor":18.0,"turns":7.0},{"damage":42.0,"enemies":"Masked Bandits","floor":20.0,"turns":6.0},{"damage":17.0,"enemies":"Spheric Guardian","floor":22.0,"turns":5.0},{"damage":49,"enemies":"Cultist and Chosen","floor":24,"turns":6}],"seed_played":"-1310330313108051784","potions_obtained":[{"floor":2.0,"key":"Block Potion"},{"floor":4.0,"key":"Dexterity Potion"},{"floor":11.0,"key":"AttackPotion"},{"floor":14.0,"key":"GhostInAJar"}],"is_trial":false,"path_per_floor":["M","M","$","M","M","E","$","E","T","R","M","R","E","M","R","B",null,"M","?","?","?","M","R","M"],"character_chosen":"THE_SILENT","items_purchased":["Noxious Fumes","Backflip"],"campfire_rested":4,"item_purchase_floors":[3,3],"current_hp_per_floor":[62,62,62,62,61,55,55,4,4,25,25,46,28,28,49,26,70,69,69,27,27,10,31,0],"gold":489,"neow_bonus":"TWO_FIFTY_GOLD","is_prod":false,"is_daily":false,"chose_seed":false,"campfire_upgraded":0,"win_rate":0,"timestamp":1565693863,"path_taken":["M","M","$","M","M","E","$","E","T","R","M","R","E","M","R","BOSS","M","?","?","?","M","R","M"],"build_version":"2019-07-17","purchased_purges":2,"victory":false,"max_hp_per_floor":[70,70,70,70,70,70,70,70,70,70,70,70,70,70,70,70,70,70,70,70,70,70,70,70],"card_choices":[{"not_picked":["Tactician","Acrobatics"],"picked":"Poisoned Stab","floor":1.0},{"not_picked":["Underhanded Strike","Accuracy","Outmaneuver"],"picked":"SKIP","floor":2.0},{"not_picked":["Sucker Punch","Dagger Throw","Deflect"],"picked":"SKIP","floor":4.0},{"not_picked":["Outmaneuver","Bane"],"picked":"PiercingWail","floor":5.0},{"not_picked":["Acrobatics","Die Die Die"],"picked":"Dodge and Roll","floor":6.0},{"not_picked":["Underhanded Strike","Cloak And Dagger","Sucker Punch"],"picked":"SKIP","floor":8.0},{"not_picked":["Prepared","Bane"],"picked":"Deadly Poison","floor":11.0},{"not_picked":["Dash","Escape Plan","Underhanded Strike"],"picked":"SKIP","floor":13.0},{"not_picked":["Dagger Spray","Heel Hook"],"picked":"Crippling Poison","floor":14.0},{"not_picked":["Adrenaline","Unload"],"picked":"Tools of the Trade","floor":16.0},{"not_picked":["Flying Knee","Flechettes","Bane+1"],"picked":"SKIP","floor":18.0},{"not_picked":["Masterful Stab","Predator+1"],"picked":"Expertise","floor":20.0},{"not_picked":["Quick Slash+1","Dagger Spray+1","PiercingWail"],"picked":"SKIP","floor":22.0}],"player_experience":108367,"relics_obtained":[{"floor":6.0,"key":"Mummified Hand"},{"floor":8.0,"key":"Dodecahedron"},{"floor":13.0,"key":"StoneCalendar"},{"floor":20.0,"key":"Red Mask"}],"event_choices":[{"damage_healed":0.0,"max_hp_gain":0.0,"max_hp_loss":0.0,"gold_gain":0.0,"event_name":"The Mausoleum","player_choice":"Ignored","floor":19.0,"gold_loss":0.0,"damage_taken":0.0},{"damage_healed":0.0,"max_hp_gain":0.0,"max_hp_loss":0.0,"gold_gain":0.0,"event_name":"Masked Bandits","player_choice":"Fought Bandits","floor":20.0,"gold_loss":0.0,"damage_taken":0.0},{"damage_healed":0.0,"max_hp_gain":0.0,"max_hp_loss":0.0,"gold_gain":99.0,"event_name":"Nest","player_choice":"Stole From Cult","floor":21.0,"gold_loss":0.0,"damage_taken":0.0}],"is_beta":false,"boss_relics":[{"not_picked":["Runic Dome","Runic Pyramid"],"picked":"Black Star"}],"items_purged_floors":[3,7],"is_endless":false,"potions_floor_spawned":[2,4,11,14],"killed_by":"Cultist and Chosen","ascension_level":4}