{"gold_per_floor":[116,129,10,10,10,43,43,43,43,43,113,138,162,7,7,7],"floor_reached":16,"playtime":707,"items_purged":["Strike_R"],"score":185,"play_id":"4ed19d8c-aa26-4ec7-a464-4b470ed7a1c5","local_time":"20190324200656","is_ascension_mode":true,"campfire_choices":[{"data":"Uppercut","floor":7,"key":"SMITH"},{"data":"Corruption","floor":10,"key":"SMITH"},{"floor":15,"key":"REST"}],"neow_cost":"NONE","seed_source_timestamp":81274664414446,"circlet_count":0,"master_deck":["AscendersBane","Strike_R","Strike_R","Strike_R","Strike_R+1","Defend_R+1","Defend_R","Defend_R+1","Defend_R+1","Bash","Body Slam","Thunderclap","Corruption+1","Disarm","Uppercut+1","Shrug It Off","Evolve","Sever Soul","Rupture"],"relics":["Burning Blood","NeowsBlessing","Golden Idol","War Paint","Dodecahedron","Singing Bowl"],"potions_floor_usage":[],"damage_taken":[{"damage":0,"enemies":"Small Slimes","floor":1,"turns":1},{"damage":3,"enemies":"2 Louse","floor":2,"turns":2},{"damage":0,"enemies":"Lagavulin","floor":6,"turns":1},{"damage":31,"enemies":"3 Sentries","floor":11,"turns":8},{"damage":0,"enemies":"Jaw Worm","floor":12,"turns":3},{"damage":19,"enemies":"Large Slime","floor":13,"turns":7},{"damage":43,"enemies":"Hexaghost","floor":16,"turns":12}],"seed_played":"247115081951497288","potions_obtained":[{"floor":6,"key":"Swift Potion"},{"floor":12,"key":"GamblersBrew"}],"is_trial":false,"path_per_floor":["M","M","$","?","$","E","R","?","T","R","?","M","M","$","R","B"],"character_chosen":"IRONCLAD","items_purchased":["Corruption","Disarm","Rupture"],"campfire_rested":1,"item_purchase_floors":[3,3,14],"current_hp_per_floor":[78,80,80,60,60,66,66,50,50,50,25,31,18,18,42,0],"gold":7,"neow_bonus":"THREE_ENEMY_KILL","is_prod":false,"is_daily":false,"chose_seed":false,"campfire_upgraded":2,"win_rate":0,"timestamp":1553483216,"path_taken":["M","M","$","?","$","E","R","?","T","R","?","M","M","?","R","BOSS"],"build_version":"2019-01-23","purchased_purges":1,"victory":false,"max_hp_per_floor":[80,80,80,80,80,80,80,80,80,80,80,80,80,80,80,80],"card_choices":[{"not_picked":["Flex","Entrench"],"picked":"Body Slam","floor":1},{"not_picked":["Anger","Bloodletting"],"picked":"Thunderclap","floor":2},{"not_picked":["Twin Strike","Havoc"],"picked":"Uppercut","floor":6},{"not_picked":["Anger","Clothesline"],"picked":"Shrug It Off","floor":11},{"not_picked":["Clash","Fire Breathing"],"picked":"Evolve","floor":12},{"not_picked":["Feel No Pain","Pommel Strike"],"picked":"Sever Soul","floor":13}],"player_experience":526665,"relics_obtained":[{"floor":6,"key":"War Paint"},{"floor":9,"key":"Dodecahedron"},{"floor":11,"key":"Singing Bowl"}],"event_choices":[{"damage_healed":0,"gold_gain":0,"player_choice":"Take Damage","damage_taken":20,"relics_obtained":["Golden Idol"],"max_hp_gain":0,"max_hp_loss":0,"event_name":"Golden Idol","floor":4,"gold_loss":0},{"damage_healed":0,"gold_gain":0,"player_choice":"Entered Light","damage_taken":16,"max_hp_gain":0,"max_hp_loss":0,"event_name":"Shining Light","floor":8,"gold_loss":0,"cards_upgraded":["Defend_R","Strike_R"]},{"damage_healed":0,"gold_gain":30,"player_choice":"Searched \u00273\u0027 times","damage_taken":0,"max_hp_gain":0,"max_hp_loss":0,"event_name":"Dead Adventurer","floor":11,"gold_loss":0}],"is_beta":false,"boss_relics":[],"items_purged_floors":[14],"is_endless":false,"potions_floor_spawned":[6,12],"killed_by":"Hexaghost","ascension_level":10}