{"gold_per_floor":[113,126,137,102,115,141,13,13,13,83,99,118,129,147,147,244,244,255,255,255,272,292,292,320,320],"floor_reached":25,"playtime":1553,"items_purged":["Strike_R"],"score":295,"play_id":"983c9040-6b68-409b-9ca1-46a2202a0cd6","local_time":"20190716230423","is_ascension_mode":true,"campfire_choices":[{"floor":8,"key":"REST"},{"data":"Corruption","floor":15,"key":"SMITH"},{"data":"Barricade","floor":23,"key":"SMITH"}],"neow_cost":"NONE","seed_source_timestamp":124763244381075,"circlet_count":0,"master_deck":["Strike_R","Strike_R","Strike_R","Strike_R","Defend_R","Defend_R","Defend_R","Defend_R","Bash","Barricade+1","Headbutt","Iron Wave","Corruption+1","Bludgeon","Shockwave","Shrug It Off","Pummel","Dropkick","Battle Trance","Shrug It Off","Juggernaut","Warcry","True Grit","Armaments+1","Metallicize+1"],"relics":["Burning Blood","Mercury Hourglass","Paper Frog","Question Card","Mark of Pain","Molten Egg 2"],"potions_floor_usage":[13,16,18,22,24],"damage_taken":[{"damage":2,"enemies":"2 Louse","floor":1,"turns":3},{"damage":23,"enemies":"Jaw Worm","floor":2,"turns":4},{"damage":6,"enemies":"Cultist","floor":3,"turns":4},{"damage":15,"enemies":"3 Louse","floor":5,"turns":4},{"damage":27,"enemies":"Gremlin Nob","floor":6,"turns":4},{"damage":1,"enemies":"Looter","floor":11,"turns":2},{"damage":7,"enemies":"Exordium Wildlife","floor":12,"turns":3},{"damage":5,"enemies":"3 Louse","floor":13,"turns":2},{"damage":12,"enemies":"Lots of Slimes","floor":14,"turns":3},{"damage":76,"enemies":"Hexaghost","floor":16,"turns":11},{"damage":6,"enemies":"3 Byrds","floor":18,"turns":3},{"damage":2,"enemies":"Chosen","floor":21,"turns":5},{"damage":16,"enemies":"Centurion and Healer","floor":22,"turns":6},{"damage":56,"enemies":"Book of Stabbing","floor":24,"turns":7},{"damage":28,"enemies":"Snecko","floor":25,"turns":3}],"seed_played":"1518665002151854006","potions_obtained":[{"floor":3,"key":"Poison Potion"},{"floor":11,"key":"BloodPotion"},{"floor":13,"key":"Regen Potion"},{"floor":16,"key":"Fire Potion"},{"floor":18,"key":"Strength Potion"},{"floor":22,"key":"Block Potion"}],"is_trial":false,"path_per_floor":["M","M","M","?","M","E","$","R","T","T","M","M","M","M","R","B",null,"M","?","$","M","M","R","E","M"],"character_chosen":"IRONCLAD","items_purchased":["Shrug It Off"],"campfire_rested":1,"item_purchase_floors":[7],"current_hp_per_floor":[76,59,59,79,70,49,49,73,73,73,78,77,78,72,72,17,64,64,64,64,68,78,78,28,0],"gold":320,"neow_bonus":"ONE_RANDOM_RARE_CARD","is_prod":false,"is_daily":false,"chose_seed":false,"campfire_upgraded":2,"win_rate":0,"timestamp":1563314663,"path_taken":["M","M","M","?","M","E","$","R","T","?","M","M","M","M","R","BOSS","M","?","$","M","M","R","E","M"],"build_version":"2019-07-05","purchased_purges":1,"victory":false,"max_hp_per_floor":[80,80,80,80,80,80,80,80,80,80,80,80,80,80,80,80,80,80,80,80,80,80,80,80,80],"card_choices":[{"not_picked":["Combust","Warcry"],"picked":"Headbutt","floor":1},{"not_picked":["Sever Soul","Warcry"],"picked":"Iron Wave","floor":2},{"not_picked":["Thunderclap","Shrug It Off"],"picked":"Corruption","floor":3},{"not_picked":["Second Wind","Clash"],"picked":"Bludgeon","floor":5},{"not_picked":["Headbutt","Wild Strike"],"picked":"Shockwave","floor":6},{"not_picked":["Flame Barrier","Combust","Wild Strike"],"picked":"Pummel","floor":11},{"not_picked":["Rage","Clothesline","Armaments"],"picked":"Dropkick","floor":12},{"not_picked":["Whirlwind","Ghostly Armor","Sentinel"],"picked":"Battle Trance","floor":13},{"not_picked":["Entrench","Hemokinesis","Sword Boomerang"],"picked":"Shrug It Off","floor":14},{"not_picked":["Bludgeon","Barricade","Berserk"],"picked":"Juggernaut","floor":16},{"not_picked":["Combust","Perfected Strike","Flex"],"picked":"Warcry","floor":18},{"not_picked":["Dropkick+1","Cleave","Rupture"],"picked":"True Grit","floor":21},{"not_picked":["Berserk","Rupture","Shrug It Off"],"picked":"Armaments+1","floor":22},{"not_picked":["Combust","Sever Soul+1","Battle Trance"],"picked":"Metallicize+1","floor":24}],"player_experience":142305,"relics_obtained":[{"floor":6,"key":"Mercury Hourglass"},{"floor":9,"key":"Paper Frog"},{"floor":10,"key":"Question Card"},{"floor":24,"key":"Molten Egg 2"}],"event_choices":[{"damage_healed":20,"gold_gain":0,"player_choice":"Healed","damage_taken":0,"max_hp_gain":0,"max_hp_loss":0,"event_name":"The Cleric","floor":4,"gold_loss":35},{"damage_healed":0,"gold_gain":0,"player_choice":"Ignored","damage_taken":0,"max_hp_gain":0,"max_hp_loss":0,"event_name":"Ghosts","floor":19,"gold_loss":0}],"is_beta":false,"boss_relics":[{"not_picked":["Sozu","Lizard Tail"],"picked":"Mark of Pain"}],"items_purged_floors":[7],"is_endless":false,"potions_floor_spawned":[3,11,13,16,18,22],"killed_by":"Snecko","ascension_level":6}