{"gold_per_floor":[116,116,66,91,91,91,111,139,139,153,171,96,107,121,121,219,219,232,232,31,41,53,86,46,80,80,96,96,96,113,143,143,245,245,255,1,15,15,90,115,115,115,142,142,173,185,24,24,24,24,24,24,24,50,50],"floor_reached":55,"playtime":4461,"items_purged":["Strike_R","Regret","Strike_R"],"score":995,"play_id":"ec13366d-9f77-429e-bc0b-475ec1a0f4de","local_time":"20190109213711","is_ascension_mode":true,"campfire_choices":[{"data":"Body Slam","floor":6,"key":"SMITH"},{"data":"Bash","floor":15,"key":"SMITH"},{"data":"True Grit","floor":29,"key":"SMITH"},{"data":"Barricade","floor":32,"key":"SMITH"},{"floor":41,"key":"RECALL"},{"data":"True Grit","floor":44,"key":"SMITH"},{"data":"Discovery","floor":49,"key":"SMITH"},{"data":"Metallicize","floor":52,"key":"SMITH"}],"neow_cost":"NONE","seed_source_timestamp":6270078380456,"circlet_count":0,"master_deck":["Strike_R","Defend_R","Defend_R","Defend_R","Defend_R","Bash+1","Body Slam+1","Ghostly Armor","Ghostly Armor","Shrug It Off","Shrug It Off","Barricade+1","True Grit+1","Finesse+1","Blur+1","Inflame","Conserve Battery","Seek","Body Slam+1","True Grit+1","After Image","Acrobatics+1","Discovery+1","Discovery","Flame Barrier+1","Madness","Madness","Warcry","Leg Sweep+1","Metallicize+1","Offering","Impatience","Offering"],"relics":["Burning Blood","Nunchaku","Pen Nib","Omamori","Orichalcum","Coffee Dripper","MutagenicStrength","PrismaticShard","Bottled Lightning","Red Skull","Question Card","Vajra","Calling Bell","Juzu Bracelet","Pear","Magic Flower","Membership Card","Centennial Puzzle","Strawberry","Dodecahedron"],"potions_floor_usage":[8,13,16,23,31,31,45],"damage_taken":[{"damage":6,"enemies":"2 Louse","floor":1,"turns":3},{"damage":10,"enemies":"Small Slimes","floor":7,"turns":3},{"damage":36,"enemies":"3 Sentries","floor":8,"turns":9},{"damage":2,"enemies":"Jaw Worm","floor":10,"turns":3},{"damage":6,"enemies":"Looter","floor":11,"turns":3},{"damage":4,"enemies":"Exordium Thugs","floor":13,"turns":4},{"damage":0,"enemies":"2 Fungi Beasts","floor":14,"turns":4},{"damage":20,"enemies":"The Guardian","floor":16,"turns":13},{"damage":17,"enemies":"2 Thieves","floor":18,"turns":4},{"damage":10,"enemies":"3 Byrds","floor":21,"turns":10},{"damage":0,"enemies":"Centurion and Healer","floor":22,"turns":5},{"damage":0,"enemies":"Book of Stabbing","floor":23,"turns":6},{"damage":71,"enemies":"Gremlin Leader","floor":25,"turns":10},{"damage":2,"enemies":"Snecko","floor":27,"turns":9},{"damage":0,"enemies":"Chosen and Byrds","floor":30,"turns":6},{"damage":33,"enemies":"Book of Stabbing","floor":31,"turns":6},{"damage":4,"enemies":"Champ","floor":33,"turns":11},{"damage":2,"enemies":"3 Shapes","floor":35,"turns":8},{"damage":0,"enemies":"Orb Walker","floor":37,"turns":6},{"damage":0,"enemies":"Giant Head","floor":40,"turns":9},{"damage":46,"enemies":"Reptomancer","floor":45,"turns":8},{"damage":0,"enemies":"Spire Growth","floor":46,"turns":5},{"damage":49,"enemies":"Time Eater","floor":50,"turns":16},{"damage":53,"enemies":"Shield and Spear","floor":54,"turns":11},{"damage":61,"enemies":"The Heart","floor":55,"turns":5}],"seed_played":"4977532153575479933","potions_obtained":[{"floor":1,"key":"Dexterity Potion"},{"floor":11,"key":"Fire Potion"},{"floor":13,"key":"Ancient Potion"},{"floor":14,"key":"Regen Potion"},{"floor":21,"key":"Energy Potion"},{"floor":25,"key":"PowerPotion"},{"floor":27,"key":"BloodPotion"},{"floor":30,"key":"Fire Potion"},{"floor":40,"key":"Weak Potion"},{"floor":45,"key":"Explosive Potion"}],"is_trial":false,"path_per_floor":["M","?","?","T","?","R","M","E","T","M","M","$","M","M","R","B",null,"M","?","$","M","M","E","$","E","T","M","?","R","M","E","R","B",null,"M","$","M","?","?","E","R","?","T","R","E","M","$","?","R","B",null,"R","$","E","B"],"character_chosen":"IRONCLAD","items_purchased":["PrismaticShard","Inflame","Membership Card","Metallicize","Offering"],"campfire_rested":0,"item_purchase_floors":[20,24,36,47,47],"current_hp_per_floor":[88,55,55,55,55,55,51,21,21,25,25,25,27,33,33,34,88,77,77,77,73,79,85,85,20,20,24,24,24,30,11,11,13,98,98,98,98,88,79,88,88,76,76,76,46,55,55,55,55,15,105,105,105,61,0],"gold":50,"neow_bonus":"TEN_PERCENT_HP_BONUS","is_prod":false,"is_daily":false,"chose_seed":false,"campfire_upgraded":7,"win_rate":0,"timestamp":1547095031,"path_taken":["M","?","?","?","?","R","M","E","T","M","M","?","?","M","R","BOSS","M","?","$","M","M","E","$","E","T","M","?","R","M","E","R","BOSS","M","$","M","?","?","E","R","?","T","R","E","M","$","?","R","BOSS","R","$","E","BOSS"],"build_version":"2019-01-03v4","purchased_purges":3,"victory":false,"max_hp_per_floor":[88,88,88,88,88,88,88,88,88,88,88,88,88,88,88,88,88,88,88,88,88,88,88,88,88,88,88,88,88,88,88,88,88,98,98,98,98,98,98,98,98,98,98,98,105,105,105,105,105,105,105,105,105,105,105],"card_choices":[{"not_picked":["Rampage","Twin Strike"],"picked":"Body Slam","floor":1},{"not_picked":["Rampage","Cleave"],"picked":"Ghostly Armor","floor":7},{"not_picked":["Twin Strike","Thunderclap","Feel No Pain"],"picked":"SKIP","floor":8},{"not_picked":["Thunderclap","Second Wind","Sword Boomerang"],"picked":"SKIP","floor":10},{"not_picked":["Havoc","Shockwave"],"picked":"Ghostly Armor","floor":11},{"not_picked":["Wild Strike","Heavy Blade"],"picked":"Shrug It Off","floor":13},{"not_picked":["Flex","Pommel Strike"],"picked":"Shrug It Off","floor":14},{"not_picked":["Reaper","Brutality"],"picked":"Barricade","floor":16},{"not_picked":["Iron Wave+1","Flex"],"picked":"True Grit","floor":18},{"not_picked":["Riddle With Holes+1","Acrobatics"],"picked":"Finesse+1","floor":21},{"not_picked":["Defragment","Dagger Spray","Flying Knee"],"picked":"SKIP","floor":22},{"not_picked":["Terror","Dagger Throw"],"picked":"Blur+1","floor":23},{"not_picked":["Seeing Red","Dagger Throw"],"picked":"Conserve Battery","floor":25},{"not_picked":["Trip","Predator","Cloak And Dagger"],"picked":"Seek","floor":27},{"not_picked":["Clash","Iron Wave","Infinite Blades","Turbo"],"picked":"SKIP","floor":30},{"not_picked":["Swift Strike","Dramatic Entrance","Lockon"],"picked":"True Grit","floor":31},{"not_picked":["Magnetism","Reaper","Night Terror"],"picked":"After Image","floor":33},{"not_picked":["Immolate","Disarm","Corruption+1"],"picked":"Acrobatics+1","floor":35},{"not_picked":["Riddle With Holes+1","Cloak And Dagger+1","Flying Knee+1","Thunderclap+1"],"picked":"SKIP","floor":37},{"not_picked":["Jack Of All Trades","Madness","Master of Strategy"],"picked":"Discovery","floor":38},{"not_picked":["Good Instincts","Chrysalis","Deep Breath"],"picked":"Discovery","floor":38},{"not_picked":["Reckless Charge+1","PanicButton","Cleave"],"picked":"Flame Barrier+1","floor":40},{"not_picked":["Lockon+1","Clash","Rupture"],"picked":"Warcry","floor":45},{"not_picked":["Thunderclap","Iron Wave","Sweeping Beam"],"picked":"Leg Sweep+1","floor":46},{"not_picked":["Dark Shackles+1","Thunderclap+1","Genetic Algorithm+1"],"picked":"Offering","floor":54}],"player_experience":272536,"relics_obtained":[{"floor":4,"key":"Pen Nib"},{"floor":8,"key":"Omamori"},{"floor":9,"key":"Orichalcum"},{"floor":23,"key":"Bottled Lightning"},{"floor":25,"key":"Red Skull"},{"floor":26,"key":"Question Card"},{"floor":31,"key":"Vajra"},{"floor":34,"key":"Juzu Bracelet"},{"floor":34,"key":"Pear"},{"floor":34,"key":"Magic Flower"},{"floor":40,"key":"Centennial Puzzle"},{"floor":45,"key":"Strawberry"},{"floor":54,"key":"Dodecahedron"}],"event_choices":[{"damage_healed":0,"gold_gain":0,"player_choice":"Success","damage_taken":33,"relics_obtained":["Nunchaku"],"max_hp_gain":0,"max_hp_loss":0,"event_name":"Scrap Ooze","floor":2,"gold_loss":0},{"cards_removed":["Strike_R"],"damage_healed":0,"gold_gain":0,"player_choice":"Card Removal","damage_taken":0,"max_hp_gain":0,"max_hp_loss":0,"event_name":"The Cleric","floor":3,"gold_loss":50},{"cards_removed":["Strike_R"],"damage_healed":0,"gold_gain":0,"player_choice":"Forget","damage_taken":0,"max_hp_gain":0,"max_hp_loss":0,"event_name":"Living Wall","floor":5,"gold_loss":0},{"damage_healed":0,"gold_gain":0,"player_choice":"Inject Mutagens","damage_taken":0,"relics_obtained":["MutagenicStrength"],"max_hp_gain":0,"max_hp_loss":0,"event_name":"Drug Dealer","floor":19,"gold_loss":0},{"damage_healed":0,"gold_gain":0,"player_choice":"Copied","damage_taken":0,"max_hp_gain":0,"max_hp_loss":0,"event_name":"Duplicator","floor":28,"gold_loss":0,"cards_obtained":["Body Slam"]},{"damage_healed":0,"gold_gain":0,"player_choice":"Memory 3","damage_taken":10,"max_hp_gain":0,"max_hp_loss":0,"event_name":"SensoryStone","floor":38,"gold_loss":0},{"damage_healed":0,"gold_gain":75,"player_choice":"Touch","damage_taken":9,"max_hp_gain":0,"max_hp_loss":0,"event_name":"FaceTrader","floor":39,"gold_loss":0},{"damage_healed":0,"gold_gain":0,"player_choice":"Embrace Madness","damage_taken":12,"max_hp_gain":0,"max_hp_loss":0,"event_name":"Winding Halls","floor":42,"gold_loss":0,"cards_obtained":["Madness","Madness"]},{"damage_healed":0,"gold_gain":0,"player_choice":"1 cards matched","damage_taken":0,"max_hp_gain":0,"max_hp_loss":0,"event_name":"Match and Keep!","floor":48,"gold_loss":0,"cards_obtained":["Impatience"]}],"is_beta":false,"boss_relics":[{"not_picked":["Fusion Hammer","Snecko Eye"],"picked":"Coffee Dripper"},{"not_picked":["Black Blood","Mark of Pain"],"picked":"Calling Bell"}],"items_purged_floors":[12,36,47],"is_endless":false,"potions_floor_spawned":[1,11,13,14,21,25,27,30,40,45],"killed_by":"The Heart","ascension_level":4}