{"gold_per_floor":[111,211,222,236,255,288,300,313,393,5,15,35,45,70,70,70],"floor_reached":16,"playtime":1352,"items_purged":["Strike_R"],"score":116,"play_id":"391a6283-35e2-4771-9717-5a08504770c5","local_time":"20181209170115","is_ascension_mode":false,"campfire_choices":[{"data":"Dual Wield","floor":15,"key":"SMITH"}],"neow_cost":"PERCENT_DAMAGE","seed_source_timestamp":423276414129917,"circlet_count":0,"master_deck":["Strike_R","Strike_R","Strike_R","Strike_R","Defend_R","Defend_R","Defend_R","Defend_R","Bash","Dramatic Entrance","Impatience","Armaments","Pommel Strike","Double Tap","Rampage","Armaments","Spot Weakness","Pommel Strike","Shrug It Off","Armaments","Dark Shackles","Thunderclap","Bloodletting","Offering","Dual Wield+1"],"relics":["Burning Blood","Juzu Bracelet","Paper Frog","PreservedInsect","Odd Mushroom","Boot"],"potions_floor_usage":[6,6,14,16,16],"damage_taken":[{"damage":0,"enemies":"Small Slimes","floor":1,"turns":2},{"damage":0,"enemies":"Cultist","floor":3,"turns":3},{"damage":2,"enemies":"2 Louse","floor":4,"turns":2},{"damage":10,"enemies":"Looter","floor":5,"turns":3},{"damage":17,"enemies":"3 Sentries","floor":6,"turns":5},{"damage":8,"enemies":"Gremlin Gang","floor":7,"turns":2},{"damage":0,"enemies":"Lots of Slimes","floor":8,"turns":1},{"damage":0,"enemies":"2 Fungi Beasts","floor":11,"turns":3},{"damage":16,"enemies":"The Mushroom Lair","floor":12,"turns":3},{"damage":3,"enemies":"3 Louse","floor":13,"turns":2},{"damage":19,"enemies":"Lagavulin","floor":14,"turns":4},{"damage":48,"enemies":"Slime Boss","floor":16,"turns":9}],"seed_played":"-4886606589493761415","potions_obtained":[{"floor":3,"key":"Weak Potion"},{"floor":4,"key":"Explosive Potion"},{"floor":8,"key":"PowerPotion"},{"floor":13,"key":"SteroidPotion"},{"floor":14,"key":"SpeedPotion"}],"is_trial":false,"path_per_floor":["M","?","M","M","M","E","M","M","T","$","M","?","M","E","R","B"],"character_chosen":"IRONCLAD","items_purchased":["Shrug It Off","Armaments","PreservedInsect","Dark Shackles"],"campfire_rested":0,"item_purchase_floors":[10,10,10,10],"current_hp_per_floor":[62,62,68,72,68,57,55,61,61,61,67,57,60,47,47,0],"gold":70,"neow_bonus":"RANDOM_COLORLESS_2","is_prod":false,"is_daily":false,"chose_seed":false,"campfire_upgraded":1,"win_rate":0.0,"timestamp":1544400075,"path_taken":["M","?","M","?","M","E","M","M","T","$","M","?","M","E","R","BOSS"],"build_version":"2018-12-06","purchased_purges":1,"victory":false,"max_hp_per_floor":[80,80,80,80,80,80,80,80,80,80,80,80,80,80,80,80],"card_choices":[{"not_picked":["Carnage","Flame Barrier"],"picked":"Armaments","floor":1},{"not_picked":["Twin Strike","Clothesline"],"picked":"Pommel Strike","floor":3},{"not_picked":["Perfected Strike","Heavy Blade"],"picked":"Double Tap","floor":4},{"not_picked":["Shockwave","Feel No Pain"],"picked":"Rampage","floor":5},{"not_picked":["Heavy Blade","Whirlwind"],"picked":"Armaments","floor":6},{"not_picked":["Warcry","Inflame"],"picked":"Spot Weakness","floor":7},{"not_picked":["Clash","Feel No Pain"],"picked":"Pommel Strike","floor":8},{"not_picked":["Warcry","Flex"],"picked":"Thunderclap","floor":11},{"not_picked":["Flex","Cleave"],"picked":"Bloodletting","floor":12},{"not_picked":["Rupture","Heavy Blade"],"picked":"Offering","floor":13},{"not_picked":["Bludgeon","Battle Trance"],"picked":"Dual Wield","floor":14}],"player_experience":36691,"relics_obtained":[{"floor":6,"key":"Juzu Bracelet"},{"floor":9,"key":"Paper Frog"},{"floor":12,"key":"Odd Mushroom"},{"floor":14,"key":"Boot"}],"event_choices":[{"damage_healed":0,"gold_gain":100,"player_choice":"Pray","damage_taken":0,"max_hp_gain":0,"max_hp_loss":0,"event_name":"Golden Shrine","floor":2,"gold_loss":0},{"damage_healed":0,"gold_gain":0,"player_choice":"Fought Mushrooms","damage_taken":0,"max_hp_gain":0,"max_hp_loss":0,"event_name":"Mushrooms","floor":12,"gold_loss":0}],"is_beta":false,"boss_relics":[],"items_purged_floors":[10],"is_endless":false,"potions_floor_spawned":[3,4,8,13,14],"killed_by":"Slime Boss","ascension_level":0}