{"gold_per_floor":[118,118,138,103,119,119,131,143,143,69,69,403,403,403,403,499,499,519,533,583,595,611,611],"floor_reached":23,"playtime":1347,"items_purged":[],"score":270,"play_id":"0a962222-b575-43dc-a3d0-09c46a8bfc43","local_time":"20190810110926","is_ascension_mode":true,"campfire_choices":[{"data":"Entrench","floor":6.0,"key":"SMITH"},{"floor":13.0,"key":"REST"},{"data":"Carnage","floor":15.0,"key":"SMITH"}],"neow_cost":"NONE","seed_source_timestamp":0,"circlet_count":0,"master_deck":["Strike_R","Strike_R","Strike_R","Strike_R","Defend_R","Defend_R","Defend_R","Defend_R","Bash+1","Uppercut","Juggernaut+1","Anger","Entrench+1","Carnage+1","Shockwave","Twin Strike","Shrug It Off","Iron Wave","Battle Trance","Reaper","Clothesline+1","Cleave+1","Shrug It Off+1","Infernal Blade+1"],"special_seed":0,"relics":["Burning Blood","Magic Flower","Old Coin","Runic Cube"],"potions_floor_usage":[23],"damage_taken":[{"damage":1.0,"enemies":"Cultist","floor":1.0,"turns":3.0},{"damage":0.0,"enemies":"Small Slimes","floor":3.0,"turns":3.0},{"damage":3.0,"enemies":"2 Louse","floor":5.0,"turns":3.0},{"damage":7.0,"enemies":"2 Fungi Beasts","floor":7.0,"turns":3.0},{"damage":29.0,"enemies":"Gremlin Gang","floor":8.0,"turns":6.0},{"damage":11.0,"enemies":"Gremlin Nob","floor":12.0,"turns":3.0},{"damage":28.0,"enemies":"The Guardian","floor":16.0,"turns":10.0},{"damage":20.0,"enemies":"Chosen","floor":18.0,"turns":6.0},{"damage":22.0,"enemies":"Spheric Guardian","floor":19.0,"turns":4.0},{"damage":10,"enemies":"Snecko","floor":21,"turns":4},{"damage":28,"enemies":"Snake Plant","floor":22,"turns":5},{"damage":66,"enemies":"Book of Stabbing","floor":23,"turns":5}],"seed_played":"-5703905984135755444","potions_obtained":[{"floor":1.0,"key":"BloodPotion"},{"floor":5.0,"key":"Poison Potion"},{"floor":12.0,"key":"Explosive Potion"},{"floor":19,"key":"Explosive Potion"},{"floor":21,"key":"FearPotion"}],"is_trial":false,"path_per_floor":["M","?","M","$","M","R","M","M","T","$","?","E","R","?","R","B",null,"M","M","?","M","M","E"],"character_chosen":"IRONCLAD","items_purchased":["Entrench","Shrug It Off","Iron Wave"],"campfire_rested":1,"item_purchase_floors":[4,10,10],"current_hp_per_floor":[77,77,80,80,80,80,79,56,56,56,56,54,78,83,83,85,85,80,67,67,75,56,0],"gold":611,"neow_bonus":"UPGRADE_CARD","is_prod":false,"is_daily":false,"chose_seed":false,"campfire_upgraded":2,"win_rate":0,"timestamp":1565431766,"path_taken":["M","?","M","?","M","R","?","M","T","$","?","E","R","?","R","BOSS","M","M","?","M","?","E"],"build_version":"2019-07-17","purchased_purges":0,"victory":false,"max_hp_per_floor":[80,80,80,80,80,80,80,80,80,80,80,80,80,85,85,85,85,85,85,85,85,85,85],"card_choices":[{"not_picked":["Wild Strike","Pommel Strike"],"picked":"Uppercut","floor":1.0},{"not_picked":["Wild Strike","Power Through"],"picked":"Anger","floor":3.0},{"not_picked":["Wild Strike","Havoc"],"picked":"Carnage","floor":5.0},{"not_picked":["Dropkick","Fire Breathing"],"picked":"Shockwave","floor":7.0},{"not_picked":["Shrug It Off","Power Through"],"picked":"Twin Strike","floor":8.0},{"not_picked":["Thunderclap","Entrench"],"picked":"Battle Trance","floor":12.0},{"not_picked":["Offering","Fiend Fire"],"picked":"Reaper","floor":16.0},{"not_picked":["Clash","Warcry"],"picked":"Clothesline+1","floor":18.0},{"not_picked":["Clothesline","Corruption+1"],"picked":"Cleave+1","floor":19},{"not_picked":["Clash+1","Sword Boomerang"],"picked":"Shrug It Off+1","floor":21},{"not_picked":["Dual Wield","Body Slam"],"picked":"Infernal Blade+1","floor":22}],"player_experience":176530,"relics_obtained":[{"floor":9.0,"key":"Magic Flower"},{"floor":12.0,"key":"Old Coin"}],"event_choices":[{"damage_healed":0.0,"max_hp_gain":0.0,"max_hp_loss":0.0,"gold_gain":0.0,"cards_transformed":["Strike_R"],"event_name":"Transmorgrifier","player_choice":"Transformed","floor":2.0,"gold_loss":0.0,"damage_taken":0.0,"cards_obtained":["Juggernaut"]},{"damage_healed":0.0,"max_hp_gain":0.0,"max_hp_loss":0.0,"gold_gain":0.0,"event_name":"Living Wall","player_choice":"Grow","floor":11.0,"gold_loss":0.0,"damage_taken":0.0,"cards_upgraded":["Juggernaut"]},{"damage_healed":0.0,"max_hp_gain":5.0,"max_hp_loss":0.0,"gold_gain":0.0,"event_name":"Big Fish","player_choice":"Donut","floor":14.0,"gold_loss":0.0,"damage_taken":0.0},{"damage_healed":0,"gold_gain":100,"player_choice":"Bet on Murderer","damage_taken":0,"max_hp_gain":0,"max_hp_loss":0,"event_name":"The Joust","floor":20,"gold_loss":50}],"is_beta":false,"boss_relics":[{"not_picked":["Empty Cage","Coffee Dripper"],"picked":"Runic Cube"}],"items_purged_floors":[],"is_endless":false,"potions_floor_spawned":[1,5,12,19,21],"killed_by":"Book of Stabbing","ascension_level":8}