{"gold_per_floor":[118,131,206,156,167,167,21,21,21,39,68,92,107,51,51,156,186,205,205,217,99,109,109,29,29,52,52],"floor_reached":27,"playtime":985,"items_purged":["Strike_B","Strike_B"],"score":285,"play_id":"8ce3a624-a9ca-4841-806f-7969ce9a9ee9","local_time":"20180712115141","is_ascension_mode":true,"campfire_choices":[{"data":"Zap","floor":6,"key":"SMITH"},{"data":"Dualcast","floor":8,"key":"SMITH"},{"floor":15,"key":"REST"},{"data":"Defragment","floor":23,"key":"SMITH"},{"data":"Defragment","floor":25,"key":"SMITH"}],"neow_cost":"","seed_source_timestamp":180293704343338,"circlet_count":0,"master_deck":["Strike_B+1","Defend_B+1","Defend_B","Defend_B","Defend_B","Zap+1","Dualcast+1","Rebound","Cold Snap","Leap+1","Electrodynamics","Ball Lightning","Defragment+1","Core Surge","Defragment+1"],"relics":["Cracked Core","DataDisk","The Courier","War Paint","Regal Pillow","Tiny House","Juzu Bracelet"],"potions_floor_usage":[22,27,27],"damage_taken":[{"damage":1,"enemies":"Cultist","floor":1,"turns":3},{"damage":14,"enemies":"Small Slimes","floor":2,"turns":3},{"damage":0,"enemies":"2 Louse","floor":5,"turns":2},{"damage":11,"enemies":"Exordium Wildlife","floor":10,"turns":5},{"damage":10,"enemies":"3 Sentries","floor":11,"turns":4},{"damage":0,"enemies":"Blue Slaver","floor":13,"turns":2},{"damage":44,"enemies":"The Guardian","floor":16,"turns":9},{"damage":32,"enemies":"3 Byrds","floor":18,"turns":3},{"damage":0,"enemies":"Chosen","floor":20,"turns":3},{"damage":4,"enemies":"Centurion and Healer","floor":22,"turns":4},{"damage":36,"enemies":"Slavers","floor":27,"turns":2}],"seed_played":"5698545597243752177","potions_obtained":[{"floor":10,"key":"GamblersBrew"},{"floor":11,"key":"Energy Potion"},{"floor":13,"key":"GamblersBrew"},{"floor":17,"key":"EssenceOfSteel"}],"is_trial":false,"path_per_floor":["M","M","?","?","M","R","$","R","T","M","E","T","M","$","R","B",null,"M","?","M","$","M","R","$","R","T"],"character_chosen":"DEFECT","items_purchased":["DataDisk","Defragment","Defragment"],"campfire_rested":1,"item_purchase_floors":[7,14,21],"current_hp_per_floor":[67,53,42,42,42,42,42,42,42,31,21,21,21,21,58,14,65,33,33,33,33,29,29,29,29,29,0],"gold":52,"neow_bonus":"","is_prod":false,"is_daily":false,"chose_seed":false,"campfire_upgraded":4,"win_rate":0,"timestamp":1531389101,"path_taken":["M","M","?","?","M","R","?","R","T","?","E","?","M","$","R","BOSS","M","?","?","$","M","R","$","R","T","E"],"build_version":"2018-07-10","purchased_purges":2,"victory":false,"max_hp_per_floor":[75,75,75,75,75,75,75,75,75,75,75,75,75,75,75,75,80,80,80,80,80,80,80,80,80,80,80],"card_choices":[{"not_picked":["Compile Driver","Hologram"],"picked":"Rebound","floor":1},{"not_picked":["Coolheaded","Heatsinks"],"picked":"Cold Snap","floor":2},{"not_picked":["Hologram","Sweeping Beam"],"picked":"Leap","floor":5},{"not_picked":["Turbo","Chaos"],"picked":"Electrodynamics","floor":10},{"not_picked":["Conserve Battery","Redo","BootSequence"],"picked":"SKIP","floor":11},{"not_picked":["Rebound","Stack"],"picked":"Ball Lightning","floor":13},{"not_picked":["Creative AI","Meteor Strike"],"picked":"Core Surge","floor":16},{"not_picked":["Storm","Tempest","Leap"],"picked":"SKIP","floor":18},{"not_picked":["Chill","Sweeping Beam+1","BootSequence"],"picked":"SKIP","floor":20},{"not_picked":["Rebound","Gash","Cold Snap"],"picked":"SKIP","floor":22}],"player_experience":483995,"relics_obtained":[{"floor":9,"key":"The Courier"},{"floor":11,"key":"War Paint"},{"floor":12,"key":"Regal Pillow"},{"floor":26,"key":"Juzu Bracelet"}],"event_choices":[{"event_name":"World of Goop","player_choice":"Gather Gold","floor":3,"damage_taken":0},{"event_name":"The Cleric","player_choice":"Card Removal","floor":4,"damage_taken":0},{"event_name":"Drug Dealer","player_choice":"Ignored","floor":19,"damage_taken":0}],"boss_relics":[{"not_picked":["Philosopher\u0027s Stone","Eternal Feather"],"picked":"Tiny House"}],"items_purged_floors":[21,24],"is_endless":false,"potions_floor_spawned":[10,11,13],"killed_by":"Slavers","ascension_level":7}