{"gold_per_floor":[111,125,141,160,49,49,78,78,78,98,72,72,72,85,85,187,187,203,218,668,668],"floor_reached":21,"playtime":1291,"items_purged":["Strike_R"],"score":226,"play_id":"6c392fc7-c584-4d0b-a749-959dd20b36b8","local_time":"20190714155817","is_ascension_mode":true,"campfire_choices":[{"floor":6,"key":"REST"},{"floor":8,"key":"REST"},{"data":"True Grit","floor":12,"key":"SMITH"},{"data":"Whirlwind","floor":15,"key":"SMITH"}],"neow_cost":"NONE","seed_source_timestamp":82503904287064,"circlet_count":0,"master_deck":["Strike_R","Strike_R","Strike_R","Strike_R","Defend_R","Defend_R","Defend_R","Defend_R","Bash","Headbutt","Twin Strike","Pommel Strike","Power Through","Ghostly Armor","Whirlwind+1","Offering","True Grit+1","Cleave","Barricade","Warcry","Pommel Strike+1"],"relics":["Burning Blood","Bottled Lightning","Champion Belt","Philosopher\u0027s Stone"],"potions_floor_usage":[4,16,19,21],"damage_taken":[{"damage":6,"enemies":"Cultist","floor":1,"turns":3},{"damage":11,"enemies":"Jaw Worm","floor":2,"turns":4},{"damage":3,"enemies":"2 Louse","floor":3,"turns":3},{"damage":42,"enemies":"Gremlin Gang","floor":4,"turns":4},{"damage":32,"enemies":"Gremlin Nob","floor":7,"turns":4},{"damage":15,"enemies":"Blue Slaver","floor":10,"turns":3},{"damage":0,"enemies":"Large Slime","floor":14,"turns":3},{"damage":89,"enemies":"Hexaghost","floor":16,"turns":14},{"damage":6,"enemies":"Spheric Guardian","floor":18,"turns":3},{"damage":2,"enemies":"3 Byrds","floor":19,"turns":3},{"damage":35,"enemies":"Shelled Parasite and Fungi","floor":21,"turns":4}],"seed_played":"8798612899032837339","potions_obtained":[{"floor":3,"key":"SteroidPotion"},{"floor":7,"key":"BloodPotion"},{"floor":16,"key":"Explosive Potion"},{"floor":18,"key":"Regen Potion"},{"floor":19,"key":"GamblersBrew"}],"is_trial":false,"path_per_floor":["M","M","M","M","$","R","E","R","T","M","$","R","?","M","R","B",null,"M","M","?","M"],"character_chosen":"IRONCLAD","items_purchased":["Ghostly Armor","True Grit"],"campfire_rested":2,"item_purchase_floors":[5,11],"current_hp_per_floor":[88,83,86,50,50,76,50,76,76,67,67,67,67,73,73,12,69,69,78,30,0],"gold":668,"neow_bonus":"TEN_PERCENT_HP_BONUS","is_prod":false,"is_daily":false,"chose_seed":false,"campfire_upgraded":2,"win_rate":0,"timestamp":1563116297,"path_taken":["M","M","?","M","$","R","E","R","T","M","?","R","?","M","R","BOSS","M","M","?","?"],"build_version":"2019-07-05","purchased_purges":1,"victory":false,"max_hp_per_floor":[88,88,88,88,88,88,88,88,88,88,88,88,88,88,88,88,88,88,88,88,88],"card_choices":[{"not_picked":["Clash","Hemokinesis"],"picked":"Headbutt","floor":1},{"not_picked":["Iron Wave","Intimidate"],"picked":"Twin Strike","floor":2},{"not_picked":["Havoc","Anger"],"picked":"Pommel Strike","floor":3},{"not_picked":["Cleave","Headbutt"],"picked":"Power Through","floor":4},{"not_picked":["Seeing Red","Reckless Charge"],"picked":"Whirlwind","floor":7},{"not_picked":["Sword Boomerang","Warcry"],"picked":"Offering","floor":10},{"not_picked":["Pommel Strike","Rampage"],"picked":"Cleave","floor":14},{"not_picked":["Immolate","Brutality"],"picked":"Barricade","floor":16},{"not_picked":["Clash","Cleave"],"picked":"Warcry","floor":18},{"not_picked":["Intimidate","Twin Strike"],"picked":"Pommel Strike+1","floor":19}],"player_experience":125709,"relics_obtained":[{"floor":7,"key":"Bottled Lightning"},{"floor":9,"key":"Champion Belt"}],"event_choices":[{"damage_healed":0,"gold_gain":0,"player_choice":"Ignored","damage_taken":0,"max_hp_gain":0,"max_hp_loss":0,"event_name":"Golden Wing","floor":13,"gold_loss":0},{"damage_healed":0,"gold_gain":450,"player_choice":"GOLD GOLD GOLD GOLD GOLD ","damage_taken":48,"max_hp_gain":0,"max_hp_loss":0,"event_name":"Knowing Skull","floor":20,"potions_obtained":[],"gold_loss":0,"cards_obtained":[]}],"is_beta":false,"boss_relics":[{"not_picked":["Snecko Eye","Empty Cage"],"picked":"Philosopher\u0027s Stone"}],"items_purged_floors":[5],"is_endless":false,"potions_floor_spawned":[3,7,16,18,19],"killed_by":"Shelled Parasite and Fungi","ascension_level":5}