{"gold_per_floor":[109,139,159,172,172,172,192,217,217,244,259,259,271,69,69,174,174,184,199,124,142,161,161,175,175,175,187,187,140,195,224,236,343,355,384,396,146,159,214,214,228,228,252,283,303,303,12,41,41,41,41,41,5,30,30],"floor_reached":56,"playtime":4076,"items_purged":["Decay"],"score":1592,"play_id":"e56fe298-f917-409f-b0a3-099d23519233","local_time":"20190224000116","is_ascension_mode":true,"campfire_choices":[{"data":"Carnage","floor":6,"key":"SMITH"},{"floor":12,"key":"REST"},{"floor":15,"key":"REST"},{"floor":23,"key":"RECALL"},{"data":"Havoc","floor":25,"key":"SMITH"},{"data":"Offering","floor":32,"key":"SMITH"},{"floor":40,"key":"REST"},{"data":"Fiend Fire","floor":42,"key":"SMITH"},{"data":"Fiend Fire","floor":46,"key":"SMITH"},{"floor":49,"key":"REST"},{"data":"Flame Barrier","floor":52,"key":"SMITH"}],"neow_cost":"NONE","seed_source_timestamp":268046480128034,"circlet_count":0,"master_deck":["Strike_R","Strike_R","Strike_R","Strike_R","Strike_R","Defend_R","Defend_R","Defend_R","Defend_R","Bash","Carnage+1","Shrug It Off","Metallicize","Flame Barrier+1","Seeing Red","Offering+1","Fiend Fire+1","Intimidate+1","Carnage","True Grit+1","True Grit+1","Havoc+1","Sentinel","Warcry","Disarm","Fiend Fire+1","Pummel+1","Madness","Madness","Headbutt","True Grit","Reckless Charge+1","Carnage+1","Corruption+1","Flame Barrier","Carnage+1"],"relics":["Burning Blood","Bronze Scales","Tiny Chest","Dead Branch","Ornamental Fan","Bag of Marbles","ClockworkSouvenir","Philosopher\u0027s Stone","Bottled Lightning","MawBank","Snecko Eye","Blue Candle","Ginger","Red Skull","Mango","FossilizedHelix","Molten Egg 2","Anchor"],"potions_floor_usage":[8,8,11,33,33,33,38,39,41,50,55],"damage_taken":[{"damage":9,"enemies":"Jaw Worm","floor":1,"turns":5},{"damage":2,"enemies":"2 Louse","floor":3,"turns":2},{"damage":1,"enemies":"Cultist","floor":4,"turns":3},{"damage":16,"enemies":"Exordium Thugs","floor":7,"turns":3},{"damage":11,"enemies":"Lagavulin","floor":8,"turns":6},{"damage":15,"enemies":"3 Sentries","floor":10,"turns":6},{"damage":20,"enemies":"Exordium Wildlife","floor":11,"turns":4},{"damage":9,"enemies":"2 Fungi Beasts","floor":13,"turns":2},{"damage":48,"enemies":"Slime Boss","floor":16,"turns":10},{"damage":0,"enemies":"Spheric Guardian","floor":18,"turns":3},{"damage":6,"enemies":"Chosen","floor":19,"turns":3},{"damage":6,"enemies":"Snake Plant","floor":21,"turns":2},{"damage":6,"enemies":"Chosen and Byrds","floor":22,"turns":1},{"damage":6,"enemies":"Centurion and Healer","floor":24,"turns":2},{"damage":14,"enemies":"Snake Plant","floor":27,"turns":3},{"damage":6,"enemies":"Cultist and Chosen","floor":31,"turns":3},{"damage":32,"enemies":"Collector","floor":33,"turns":7},{"damage":37,"enemies":"3 Shapes","floor":35,"turns":2},{"damage":0,"enemies":"3 Darklings","floor":38,"turns":4},{"damage":26,"enemies":"2 Orb Walkers","floor":39,"turns":3},{"damage":22,"enemies":"Maw","floor":41,"turns":7},{"damage":6,"enemies":"Nemesis","floor":44,"turns":3},{"damage":6,"enemies":"Spire Growth","floor":45,"turns":1},{"damage":6,"enemies":"Giant Head","floor":48,"turns":3},{"damage":60,"enemies":"Time Eater","floor":50,"turns":5},{"damage":7,"enemies":"Shield and Spear","floor":54,"turns":4},{"damage":37,"enemies":"The Heart","floor":55,"turns":4}],"seed_played":"5495738440902716372","potions_obtained":[{"floor":1,"key":"SpeedPotion"},{"floor":4,"key":"EssenceOfSteel"},{"floor":10,"key":"Regen Potion"},{"floor":11,"key":"SteroidPotion"},{"floor":13,"key":"LiquidBronze"},{"floor":16,"key":"Explosive Potion"},{"floor":21,"key":"Regen Potion"},{"floor":33,"key":"Regen Potion"},{"floor":35,"key":"Block Potion"},{"floor":38,"key":"SpeedPotion"},{"floor":45,"key":"BloodPotion"},{"floor":54,"key":"AttackPotion"}],"is_trial":false,"path_per_floor":["M","?","M","M","?","R","M","E","T","E","M","R","M","$","R","B",null,"M","M","$","M","M","R","M","R","T","M","T","$","T","M","R","B",null,"M","?","$","M","?","R","M","R","T","E","M","R","$","E","R","B",null,"R","$","E","B",null],"character_chosen":"IRONCLAD","items_purchased":["ClockworkSouvenir","Warcry","Blue Candle","FossilizedHelix","Flame Barrier"],"campfire_rested":4,"item_purchase_floors":[14,29,37,47,53],"current_hp_per_floor":[69,36,40,45,45,45,35,30,30,21,12,36,33,33,57,15,64,70,70,70,70,70,70,70,70,70,62,62,62,62,62,62,51,73,42,32,32,38,27,51,35,35,35,49,49,49,49,49,77,32,79,79,79,78,47],"gold":30,"neow_bonus":"RANDOM_COMMON_RELIC","is_prod":false,"is_daily":false,"chose_seed":false,"campfire_upgraded":6,"win_rate":0,"timestamp":1550991676,"path_taken":["M","?","M","M","?","R","?","E","T","E","M","R","M","$","R","BOSS","M","M","$","M","M","R","M","R","T","M","?","$","?","M","R","BOSS","M","?","$","M","?","R","M","R","T","E","M","R","?","E","R","BOSS","R","$","E","BOSS"],"build_version":"2019-01-23","purchased_purges":1,"victory":true,"max_hp_per_floor":[80,80,80,80,80,80,80,80,80,80,80,80,80,80,80,80,80,80,80,80,80,80,80,80,80,80,80,80,80,80,80,80,80,80,80,80,80,80,80,80,80,80,80,94,94,94,94,94,94,94,94,94,94,94,94],"card_choices":[{"not_picked":["Cleave","Rupture"],"picked":"Carnage","floor":1},{"not_picked":["Shrug It Off","Pommel Strike","Clothesline"],"picked":"SKIP","floor":3},{"not_picked":["Anger","Heavy Blade"],"picked":"Shrug It Off","floor":4},{"not_picked":["Iron Wave","Wild Strike"],"picked":"Metallicize","floor":7},{"not_picked":["Perfected Strike","Whirlwind"],"picked":"Flame Barrier","floor":8},{"not_picked":["Warcry","Pommel Strike","Heavy Blade"],"picked":"SKIP","floor":10},{"not_picked":["Twin Strike","Evolve"],"picked":"Seeing Red","floor":11},{"not_picked":["Shrug It Off","Flex"],"picked":"Offering","floor":13},{"not_picked":["Limit Break","Barricade"],"picked":"Fiend Fire","floor":16},{"not_picked":["Twin Strike","Warcry"],"picked":"Intimidate+1","floor":18},{"not_picked":["Power Through","Headbutt"],"picked":"Carnage","floor":19},{"not_picked":["Havoc","Iron Wave"],"picked":"True Grit+1","floor":21},{"not_picked":["Wild Strike+1","Clash+1"],"picked":"True Grit+1","floor":22},{"not_picked":["Sword Boomerang+1","Juggernaut"],"picked":"Havoc","floor":24},{"not_picked":["Hemokinesis","Heavy Blade+1"],"picked":"Sentinel","floor":27},{"not_picked":["Perfected Strike","Battle Trance"],"picked":"Disarm","floor":31},{"not_picked":["Brutality","Impervious"],"picked":"Fiend Fire","floor":33},{"not_picked":["Twin Strike+1","Intimidate"],"picked":"Pummel+1","floor":35},{"not_picked":["Twin Strike+1","Cleave+1","Headbutt"],"picked":"SKIP","floor":38},{"not_picked":["Twin Strike+1","Cleave+1"],"picked":"Headbutt","floor":38},{"not_picked":["Sword Boomerang+1","Shrug It Off"],"picked":"True Grit","floor":39},{"not_picked":["True Grit+1","Dual Wield"],"picked":"Reckless Charge+1","floor":41},{"not_picked":["Clash","Armaments"],"picked":"Carnage+1","floor":44},{"not_picked":["Twin Strike","Offering"],"picked":"Corruption+1","floor":45},{"not_picked":["Clash","Evolve","Searing Blow+1"],"picked":"SKIP","floor":48},{"not_picked":["Twin Strike+1","Body Slam+1"],"picked":"Carnage+1","floor":54}],"player_experience":424283,"relics_obtained":[{"floor":8,"key":"Dead Branch"},{"floor":9,"key":"Ornamental Fan"},{"floor":10,"key":"Bag of Marbles"},{"floor":26,"key":"Bottled Lightning"},{"floor":30,"key":"MawBank"},{"floor":39,"key":"Ginger"},{"floor":43,"key":"Red Skull"},{"floor":44,"key":"Mango"},{"floor":48,"key":"Molten Egg 2"},{"floor":54,"key":"Anchor"}],"event_choices":[{"damage_healed":0,"gold_gain":0,"player_choice":"Success","damage_taken":33,"relics_obtained":["Tiny Chest"],"max_hp_gain":0,"max_hp_loss":0,"event_name":"Scrap Ooze","floor":2,"gold_loss":0},{"damage_healed":0,"gold_gain":0,"player_choice":"Cursed","damage_taken":0,"max_hp_gain":0,"max_hp_loss":0,"event_name":"Wheel of Change","floor":5,"gold_loss":0,"cards_obtained":["Decay"]},{"damage_healed":0,"gold_gain":0,"player_choice":"Embrace Madness","damage_taken":10,"max_hp_gain":0,"max_hp_loss":0,"event_name":"Winding Halls","floor":36,"gold_loss":0,"cards_obtained":["Madness","Madness"]},{"damage_healed":0,"gold_gain":0,"player_choice":"Fight","damage_taken":0,"max_hp_gain":0,"max_hp_loss":0,"event_name":"Mysterious Sphere","floor":39,"gold_loss":0}],"is_beta":false,"boss_relics":[{"not_picked":["Runic Cube","Lizard Tail"],"picked":"Philosopher\u0027s Stone"},{"not_picked":["Eternal Feather","Busted Crown"],"picked":"Snecko Eye"}],"items_purged_floors":[20],"is_endless":false,"potions_floor_spawned":[1,4,10,11,13,16,21,24,27,33,35,38,45,54],"ascension_level":6}