{"gold_per_floor":[14,33,33,44,219,219,248,248],"floor_reached":8,"playtime":605,"items_purged":[],"score":101,"play_id":"3d8545ec-0928-4193-9823-633a3b9ef107","local_time":"20190720091349","is_ascension_mode":true,"campfire_choices":[{"data":"Bash","floor":6,"key":"SMITH"}],"neow_cost":"NO_GOLD","seed_source_timestamp":157817342612710,"circlet_count":0,"master_deck":["Strike_R","Strike_R","Strike_R","Strike_R","Strike_R","Defend_R","Defend_R","Defend_R","Defend_R","Bash+1","Cleave","True Grit+1","Doubt","Inflame"],"relics":["Burning Blood","Nunchaku"],"potions_floor_usage":[],"damage_taken":[{"damage":1,"enemies":"Cultist","floor":1,"turns":4},{"damage":0,"enemies":"2 Louse","floor":2,"turns":2},{"damage":10,"enemies":"Small Slimes","floor":4,"turns":4},{"damage":57,"enemies":"3 Sentries","floor":7,"turns":11},{"damage":41,"enemies":"3 Sentries","floor":8,"turns":6}],"seed_played":"-8560403227005418221","potions_obtained":[],"is_trial":false,"path_per_floor":["M","M","?","M","?","R","E","?"],"character_chosen":"IRONCLAD","items_purchased":[],"campfire_rested":0,"item_purchase_floors":[],"current_hp_per_floor":[93,96,96,92,92,92,41,0],"gold":248,"neow_bonus":"TWENTY_PERCENT_HP_BONUS","is_prod":false,"is_daily":false,"chose_seed":false,"campfire_upgraded":1,"win_rate":0,"timestamp":1563610429,"path_taken":["M","M","?","M","?","R","E","?"],"build_version":"2019-07-05","purchased_purges":0,"victory":false,"max_hp_per_floor":[96,96,96,96,96,96,96,96],"card_choices":[{"not_picked":["Thunderclap","Flame Barrier"],"picked":"Cleave","floor":1},{"not_picked":["Havoc","Intimidate"],"picked":"True Grit","floor":2},{"not_picked":["Body Slam","Wild Strike","Thunderclap"],"picked":"SKIP","floor":4},{"not_picked":["Body Slam","Flame Barrier"],"picked":"Inflame","floor":7}],"player_experience":150588,"relics_obtained":[{"floor":7,"key":"Nunchaku"}],"event_choices":[{"damage_healed":0,"gold_gain":0,"player_choice":"Grow","damage_taken":0,"max_hp_gain":0,"max_hp_loss":0,"event_name":"Living Wall","floor":3,"gold_loss":0,"cards_upgraded":["True Grit"]},{"damage_healed":0,"gold_gain":175,"player_choice":"AGREE","damage_taken":0,"max_hp_gain":0,"max_hp_loss":0,"event_name":"Liars Game","floor":5,"gold_loss":0,"cards_obtained":["Doubt"]},{"damage_healed":0,"gold_gain":0,"player_choice":"Searched \u00271\u0027 times","damage_taken":0,"max_hp_gain":0,"max_hp_loss":0,"event_name":"Dead Adventurer","floor":8,"gold_loss":0}],"is_beta":false,"boss_relics":[],"items_purged_floors":[],"is_endless":false,"potions_floor_spawned":[],"killed_by":"3 Sentries","ascension_level":7}