{"gold_per_floor":[110,120,45,59,9,9,34,52,52,65,85,115,115,115,115,218,218,207,56,56,67,80,80,114,35,35,69,34,34,52,71,71,71],"floor_reached":33,"playtime":2157,"items_purged":["Strike_G"],"score":316,"play_id":"a00bd918-fc51-4eb2-8867-3bfeca4ddca7","local_time":"20190811005426","is_ascension_mode":true,"campfire_choices":[{"data":"Footwork","floor":6,"key":"SMITH"},{"floor":15,"key":"REST"},{"floor":23,"key":"REST"},{"floor":29,"key":"REST"},{"floor":32,"key":"REST"}],"neow_cost":"NONE","seed_source_timestamp":87048078101193,"circlet_count":0,"master_deck":["Strike_G","Strike_G","Strike_G","Defend_G","Defend_G","Defend_G","Defend_G","Survivor","Neutralize","Burst","Predator","Backstab","Footwork+1","Noxious Fumes","Crippling Poison","Cloak And Dagger+1","Backflip","Envenom","Caltrops","Deadly Poison","Footwork","Caltrops","Skewer","Calculated Gamble","Deadly Poison"],"relics":["Ring of the Snake","Meat on the Bone","Kunai","Sundial","Busted Crown","Pen Nib","Bottled Flame","Orichalcum"],"potions_floor_usage":[7,11,16,24,24,30],"damage_taken":[{"damage":1,"enemies":"Jaw Worm","floor":1,"turns":7},{"damage":0,"enemies":"2 Louse","floor":2,"turns":3},{"damage":0,"enemies":"Small Slimes","floor":4,"turns":4},{"damage":15,"enemies":"Lagavulin","floor":7,"turns":10},{"damage":0,"enemies":"Looter","floor":8,"turns":4},{"damage":0,"enemies":"Red Slaver","floor":10,"turns":4},{"damage":7,"enemies":"Gremlin Gang","floor":11,"turns":4},{"damage":14,"enemies":"The Guardian","floor":16,"turns":12},{"damage":14,"enemies":"2 Thieves","floor":18,"turns":4},{"damage":0,"enemies":"3 Byrds","floor":21,"turns":4},{"damage":2,"enemies":"Snecko","floor":22,"turns":5},{"damage":51,"enemies":"Slavers","floor":24,"turns":7},{"damage":14,"enemies":"Gremlin Leader","floor":27,"turns":9},{"damage":12,"enemies":"Snake Plant","floor":30,"turns":4},{"damage":8,"enemies":"Chosen and Byrds","floor":31,"turns":6},{"damage":78,"enemies":"Collector","floor":33,"turns":7}],"seed_played":"-313399379357677110","potions_obtained":[{"floor":4,"key":"GamblersBrew"},{"floor":7,"key":"SkillPotion"},{"floor":10,"key":"Swift Potion"},{"floor":11,"key":"Weak Potion"},{"floor":18,"key":"Fire Potion"},{"floor":27,"key":"Weak Potion"}],"is_trial":false,"path_per_floor":["M","M","$","M","?","R","E","M","T","M","M","?","?","?","R","B",null,"M","$","?","M","M","R","E","$","T","E","$","R","M","M","R","B"],"character_chosen":"THE_SILENT","items_purchased":["Footwork","Caltrops","Footwork","Skewer"],"campfire_rested":4,"item_purchase_floors":[3,19,25,28],"current_hp_per_floor":[69,69,69,69,69,69,54,54,54,54,47,47,44,44,65,51,70,56,56,56,56,54,70,31,31,31,29,29,50,38,42,63,0],"gold":71,"neow_bonus":"ONE_RANDOM_RARE_CARD","is_prod":false,"is_daily":false,"chose_seed":false,"campfire_upgraded":1,"win_rate":0,"timestamp":1565499266,"path_taken":["M","M","$","M","?","R","E","M","T","M","M","?","?","?","R","BOSS","M","$","?","?","M","R","E","?","T","E","$","R","M","?","R","BOSS"],"build_version":"2019-07-17","purchased_purges":1,"victory":false,"max_hp_per_floor":[70,70,70,70,70,70,70,70,70,70,70,70,70,70,70,70,70,70,70,70,70,70,70,70,70,70,70,70,70,70,70,70,70],"card_choices":[{"not_picked":["Dodge and Roll","PiercingWail"],"picked":"Predator","floor":1},{"not_picked":["PiercingWail","Eviscerate"],"picked":"Backstab","floor":2},{"not_picked":["Blade Dance","Tactician","Bane"],"picked":"SKIP","floor":4},{"not_picked":["Doppelganger","Escape Plan"],"picked":"Noxious Fumes","floor":7},{"not_picked":["Slice","All Out Attack"],"picked":"Crippling Poison","floor":8},{"not_picked":["Sucker Punch","Dagger Throw"],"picked":"Cloak And Dagger","floor":10},{"not_picked":["Dagger Throw","Deflect"],"picked":"Backflip","floor":11},{"not_picked":["Wraith Form v2","Storm of Steel"],"picked":"Envenom","floor":16},{"not_picked":["Slice"],"picked":"SKIP","floor":18},{"not_picked":["Tactician"],"picked":"SKIP","floor":21},{"not_picked":["Outmaneuver"],"picked":"SKIP","floor":22},{"not_picked":[],"picked":"Deadly Poison","floor":24},{"not_picked":[],"picked":"Caltrops","floor":27},{"not_picked":[],"picked":"Calculated Gamble","floor":30},{"not_picked":[],"picked":"Deadly Poison","floor":31}],"player_experience":93010,"relics_obtained":[{"floor":7,"key":"Meat on the Bone"},{"floor":9,"key":"Kunai"},{"floor":24,"key":"Pen Nib"},{"floor":26,"key":"Bottled Flame"},{"floor":27,"key":"Orichalcum"}],"event_choices":[{"cards_removed":["Strike_G"],"damage_healed":0,"gold_gain":0,"player_choice":"Card Removal","damage_taken":0,"max_hp_gain":0,"max_hp_loss":0,"event_name":"The Cleric","floor":5,"gold_loss":50},{"damage_healed":0,"gold_gain":30,"player_choice":"Searched \u00271\u0027 times","damage_taken":0,"max_hp_gain":0,"max_hp_loss":0,"event_name":"Dead Adventurer","floor":12,"gold_loss":0},{"damage_healed":0,"gold_gain":0,"player_choice":"Success","damage_taken":3,"relics_obtained":["Sundial"],"max_hp_gain":0,"max_hp_loss":0,"event_name":"Scrap Ooze","floor":13,"gold_loss":0},{"damage_healed":0,"gold_gain":0,"player_choice":"Grow","damage_taken":0,"max_hp_gain":0,"max_hp_loss":0,"event_name":"Living Wall","floor":14,"gold_loss":0,"cards_upgraded":["Cloak And Dagger"]},{"cards_removed":["Defend_G"],"damage_healed":0,"gold_gain":0,"player_choice":"Purged","damage_taken":0,"max_hp_gain":0,"max_hp_loss":0,"event_name":"Purifier","floor":20,"gold_loss":0}],"is_beta":false,"boss_relics":[{"not_picked":["Empty Cage","Eternal Feather"],"picked":"Busted Crown"}],"items_purged_floors":[19],"is_endless":false,"potions_floor_spawned":[4,7,10,11,18,27],"killed_by":"Collector","ascension_level":2}