{"gold_per_floor":[363,363,21,35,48,48,73,73,73,89,109,109,125,57,57,154,154,165,165,181,96,19,19,19],"floor_reached":24,"playtime":1091,"items_purged":[],"score":314,"play_id":"1b4d6aea-bfea-4b00-86a1-09ea1019e4d9","local_time":"20190410212348","is_ascension_mode":true,"campfire_choices":[{"data":"Armaments","floor":6,"key":"SMITH"},{"data":"Havoc","floor":8,"key":"SMITH"},{"data":"Shrug It Off","floor":12,"key":"SMITH"},{"floor":15,"key":"REST"},{"floor":23,"key":"REST"}],"neow_cost":"TEN_PERCENT_HP_LOSS","seed_source_timestamp":39382378936318,"circlet_count":0,"master_deck":["AscendersBane","Strike_R","Strike_R","Strike_R","Strike_R","Strike_R","Defend_R","Defend_R","Defend_R","Defend_R","Bash+1","Shrug It Off+1","Armaments+1","Havoc+1","Shrug It Off","Thunderclap","Headbutt","Rupture","Barricade","Hemokinesis"],"relics":["Burning Blood","Bronze Scales","Chemical X","Mercury Hourglass","Letter Opener","Cursed Key","Bag of Marbles"],"potions_floor_usage":[7,16,16,24],"damage_taken":[{"damage":24,"enemies":"Small Slimes","floor":1,"turns":4},{"damage":1,"enemies":"Cultist","floor":4,"turns":4},{"damage":2,"enemies":"Jaw Worm","floor":5,"turns":4},{"damage":37,"enemies":"3 Sentries","floor":7,"turns":11},{"damage":8,"enemies":"Blue Slaver","floor":10,"turns":2},{"damage":0,"enemies":"Looter","floor":11,"turns":4},{"damage":14,"enemies":"Exordium Thugs","floor":13,"turns":3},{"damage":47,"enemies":"Hexaghost","floor":16,"turns":9},{"damage":8,"enemies":"3 Byrds","floor":18,"turns":3},{"damage":36,"enemies":"Colosseum Slavers","floor":19,"turns":5},{"damage":6,"enemies":"Chosen","floor":20,"turns":5},{"damage":52,"enemies":"Sentry and Sphere","floor":24,"turns":6}],"seed_played":"-8614965206878306331","potions_obtained":[{"floor":4,"key":"Energy Potion"},{"floor":5,"key":"Strength Potion"},{"floor":7,"key":"GamblersBrew"},{"floor":10,"key":"LiquidBronze"},{"floor":13,"key":"EssenceOfSteel"},{"floor":18,"key":"BloodPotion"}],"is_trial":false,"path_per_floor":["M","?","$","M","M","R","E","R","T","M","M","R","M","$","R","B",null,"M","?","M","?","$","R","M"],"character_chosen":"IRONCLAD","items_purchased":["Bronze Scales","Chemical X","Rupture","LiquidBronze"],"campfire_rested":2,"item_purchase_floors":[3,3,14,22],"current_hp_per_floor":[54,54,54,59,63,63,32,32,32,30,36,36,28,28,49,8,56,54,24,24,24,24,45,0],"gold":19,"neow_bonus":"TWO_FIFTY_GOLD","is_prod":false,"is_daily":false,"chose_seed":false,"campfire_upgraded":3,"win_rate":0,"timestamp":1554956628,"path_taken":["M","?","?","M","M","R","E","R","T","M","M","R","M","$","R","BOSS","M","?","M","?","$","R","M"],"build_version":"2019-01-23","purchased_purges":0,"victory":false,"max_hp_per_floor":[72,72,72,72,72,72,72,72,72,72,72,72,72,72,72,72,72,72,72,72,72,72,72,72],"card_choices":[{"not_picked":["Clash","Clothesline","Wild Strike"],"picked":"SKIP","floor":1},{"not_picked":["Intimidate","Anger"],"picked":"Shrug It Off","floor":4},{"not_picked":["Thunderclap","Corruption"],"picked":"Armaments","floor":5},{"not_picked":["Cleave","Immolate"],"picked":"Havoc","floor":7},{"not_picked":["Clash","Armaments"],"picked":"Shrug It Off","floor":10},{"not_picked":["Cleave","Sword Boomerang"],"picked":"Thunderclap","floor":11},{"not_picked":["Pommel Strike","Anger"],"picked":"Headbutt","floor":13},{"not_picked":["Dark Embrace","Feed"],"picked":"Barricade","floor":16},{"not_picked":["Sword Boomerang","Clash","Wild Strike"],"picked":"SKIP","floor":18},{"not_picked":["Twin Strike","Cleave"],"picked":"Hemokinesis","floor":20}],"player_experience":636747,"relics_obtained":[{"floor":7,"key":"Mercury Hourglass"},{"floor":9,"key":"Letter Opener"}],"event_choices":[{"damage_healed":0,"gold_gain":0,"player_choice":"Upgraded","damage_taken":0,"max_hp_gain":0,"max_hp_loss":0,"event_name":"Upgrade Shrine","floor":2,"gold_loss":0,"cards_upgraded":["Bash"]},{"damage_healed":0,"gold_gain":0,"player_choice":"Fight","damage_taken":0,"max_hp_gain":0,"max_hp_loss":0,"event_name":"Colosseum","floor":19,"gold_loss":0},{"damage_healed":0,"gold_gain":0,"player_choice":"Fled From Nobs","damage_taken":0,"max_hp_gain":0,"max_hp_loss":0,"event_name":"Colosseum","floor":19,"gold_loss":0},{"damage_healed":0,"gold_gain":0,"player_choice":"Obtained Relic","damage_taken":0,"relics_obtained":["Bag of Marbles"],"max_hp_gain":0,"max_hp_loss":0,"event_name":"Addict","floor":21,"gold_loss":85}],"is_beta":false,"boss_relics":[{"not_picked":["Snecko Eye","Busted Crown"],"picked":"Cursed Key"}],"items_purged_floors":[],"is_endless":false,"potions_floor_spawned":[4,5,7,10,13,18],"killed_by":"Sentry and Sphere","ascension_level":12}