{"gold_per_floor":[216,228,247,7,27,62,62,62,141,141,152,167,182,357,357,457,457,447,447,23,40,52,52,68,68,68,80,80,80,109,109,109,109],"floor_reached":33,"playtime":1412,"items_purged":["Normality"],"score":269,"play_id":"f8fcecd7-a8e5-4fc6-80cb-215319da1341","local_time":"20190509214720","is_ascension_mode":false,"campfire_choices":[{"floor":7,"key":"REST"},{"floor":15,"key":"REST"},{"floor":23,"key":"RECALL"},{"floor":25,"key":"REST"},{"floor":28,"key":"REST"},{"floor":32,"key":"REST"}],"neow_cost":"NONE","seed_source_timestamp":92689132564977,"circlet_count":0,"master_deck":["Strike_B","Strike_B+1","Defend_B+1","Defend_B","Defend_B","Defend_B","Zap","Dualcast","Rebound+1","Chill","Coolheaded+1","BootSequence+1","Buffer+1","Echo Form+1","Streamline+1","Streamline+1","Violence+1","Glacier+1","Hologram+1","Hologram+1","RitualDagger+1"],"relics":["Cracked Core","Toxic Egg 2","Ginger","Frozen Egg 2","Astrolabe","Bag of Preparation","Whetstone","Molten Egg 2"],"potions_floor_usage":[6,16,30,33],"damage_taken":[{"damage":5,"enemies":"Cultist","floor":1,"turns":4},{"damage":10,"enemies":"Small Slimes","floor":2,"turns":2},{"damage":4,"enemies":"Jaw Worm","floor":3,"turns":2},{"damage":12,"enemies":"Blue Slaver","floor":5,"turns":3},{"damage":35,"enemies":"Lagavulin","floor":6,"turns":11},{"damage":6,"enemies":"Exordium Thugs","floor":11,"turns":6},{"damage":0,"enemies":"3 Louse","floor":12,"turns":3},{"damage":3,"enemies":"Blue Slaver","floor":13,"turns":3},{"damage":26,"enemies":"The Guardian","floor":16,"turns":16},{"damage":16,"enemies":"2 Thieves","floor":18,"turns":4},{"damage":2,"enemies":"Spheric Guardian","floor":21,"turns":4},{"damage":32,"enemies":"Shelled Parasite and Fungi","floor":22,"turns":5},{"damage":11,"enemies":"Centurion and Healer","floor":24,"turns":5},{"damage":4,"enemies":"Cultist and Chosen","floor":27,"turns":4},{"damage":8,"enemies":"Book of Stabbing","floor":30,"turns":8},{"damage":69,"enemies":"Collector","floor":33,"turns":7}],"seed_played":"2497032991994905182","potions_obtained":[{"floor":5,"key":"Weak Potion"},{"floor":6,"key":"Ancient Potion"},{"floor":12,"key":"PowerPotion"},{"floor":13,"key":"Energy Potion"},{"floor":21,"key":"PowerPotion"}],"is_trial":false,"path_per_floor":["M","M","M","$","M","E","R","$","T","?","M","M","M","?","R","B",null,"M","?","$","M","M","R","M","R","T","M","R","$","E","?","R","B"],"character_chosen":"DEFECT","items_purchased":["Toxic Egg 2","Violence+1","Whetstone"],"campfire_rested":5,"item_purchase_floors":[4,20,20],"current_hp_per_floor":[70,60,56,56,44,9,31,31,31,16,10,10,7,7,29,3,75,59,59,59,57,25,25,14,36,36,32,54,54,46,40,62,0],"gold":109,"neow_bonus":"HUNDRED_GOLD","is_prod":false,"is_daily":false,"chose_seed":false,"campfire_upgraded":0,"win_rate":0,"timestamp":1557431240,"path_taken":["M","M","M","$","?","E","R","$","T","?","M","M","M","?","R","BOSS","M","?","$","?","M","R","M","R","T","M","R","$","E","?","R","BOSS"],"build_version":"2019-05-07","purchased_purges":1,"victory":false,"max_hp_per_floor":[75,75,75,75,75,75,75,75,75,75,75,75,75,75,75,75,75,75,75,75,75,75,75,75,75,75,75,75,75,75,75,75,75],"card_choices":[{"not_picked":["Redo","Leap"],"picked":"Rebound","floor":1},{"not_picked":["Sweeping Beam","Recycle"],"picked":"Chill","floor":2},{"not_picked":["Hologram","Tempest","Rebound"],"picked":"SKIP","floor":3},{"not_picked":["Cold Snap","Gash"],"picked":"Coolheaded+1","floor":5},{"not_picked":["Reboot+1","Conserve Battery+1","Stack+1"],"picked":"SKIP","floor":6},{"not_picked":["Tempest+1","Cold Snap"],"picked":"BootSequence+1","floor":11},{"not_picked":["Barrage","Steam+1","Storm+1"],"picked":"SKIP","floor":12},{"not_picked":["Doom and Gloom","Conserve Battery+1","Beam Cell"],"picked":"SKIP","floor":13},{"not_picked":["Core Surge","Reboot+1"],"picked":"Buffer+1","floor":16},{"not_picked":["Rip and Tear+1","BootSequence+1"],"picked":"Streamline","floor":18},{"not_picked":["Barrage","Turbo+1","Ball Lightning"],"picked":"SKIP","floor":21},{"not_picked":["Turbo+1","Sunder","Conserve Battery+1"],"picked":"SKIP","floor":22},{"not_picked":["Conserve Battery+1","Heatsinks+1"],"picked":"Glacier+1","floor":24},{"not_picked":["Chill+1","Go for the Eyes+1"],"picked":"Hologram+1","floor":27},{"not_picked":["Core Surge","Gash"],"picked":"Hologram+1","floor":30}],"player_experience":538595,"relics_obtained":[{"floor":6,"key":"Ginger"},{"floor":9,"key":"Frozen Egg 2"},{"floor":19,"key":"Bag of Preparation"},{"floor":30,"key":"Molten Egg 2"}],"event_choices":[{"damage_healed":0,"gold_gain":0,"player_choice":"Entered Light","damage_taken":15,"max_hp_gain":0,"max_hp_loss":0,"event_name":"Shining Light","floor":10,"gold_loss":0,"cards_upgraded":["Rebound","Defend_B"]},{"damage_healed":0,"gold_gain":175,"player_choice":"AGREE","damage_taken":0,"max_hp_gain":0,"max_hp_loss":0,"event_name":"Liars Game","floor":14,"gold_loss":0,"cards_obtained":["Doubt"]},{"damage_healed":0,"gold_gain":0,"player_choice":"Relic","damage_taken":0,"max_hp_gain":0,"max_hp_loss":0,"event_name":"Wheel of Change","floor":19,"gold_loss":0},{"damage_healed":0,"gold_gain":0,"player_choice":"Joined the Cult","damage_taken":6,"max_hp_gain":0,"max_hp_loss":0,"event_name":"Nest","floor":31,"gold_loss":0,"cards_obtained":["RitualDagger"]}],"is_beta":true,"boss_relics":[{"not_picked":["Tiny House","Coffee Dripper"],"picked":"Astrolabe"}],"items_purged_floors":[20],"is_endless":false,"potions_floor_spawned":[5,6,12,13,21,27],"killed_by":"Collector","ascension_level":0}