{"gold_per_floor":[110,110,120,135,33,33,58,69,69,19,83,99,23,35,35,135,135,154,154],"floor_reached":19,"playtime":1210,"items_purged":["Strike_R"],"score":211,"play_id":"167ea4e0-fec2-43c8-a1b2-e7ad2a2d3e45","local_time":"20190214225804","is_ascension_mode":true,"campfire_choices":[{"data":"Inflame","floor":6,"key":"SMITH"},{"floor":15,"key":"REST"}],"neow_cost":"NONE","seed_source_timestamp":77686043558734,"circlet_count":0,"master_deck":["Bash","Inflame+1","Corruption","Shrug It Off","Sword Boomerang","Ghostly Armor","Shrug It Off","Flame Barrier","Shockwave","Impervious","Havoc","Sentinel","Fiend Fire","Fire Breathing","Corruption","Corruption","Shockwave"],"relics":["Burning Blood","Anchor","Blood Vial","Bottled Tornado","Pandora\u0027s Box"],"potions_floor_usage":[7,8,11,11,16,19],"damage_taken":[{"damage":20,"enemies":"Small Slimes","floor":1,"turns":3},{"damage":1,"enemies":"Cultist","floor":3,"turns":3},{"damage":4,"enemies":"2 Louse","floor":4,"turns":3},{"damage":25,"enemies":"Lagavulin","floor":7,"turns":5},{"damage":0,"enemies":"Large Slime","floor":8,"turns":4},{"damage":47,"enemies":"3 Sentries","floor":11,"turns":8},{"damage":0,"enemies":"Exordium Wildlife","floor":12,"turns":4},{"damage":0,"enemies":"Gremlin Gang","floor":14,"turns":4},{"damage":16,"enemies":"Slime Boss","floor":16,"turns":9},{"damage":10,"enemies":"Spheric Guardian","floor":18,"turns":4},{"damage":0,"enemies":"Colosseum Slavers","floor":19,"turns":5},{"damage":107,"enemies":"Colosseum Nobs","floor":19,"turns":7}],"seed_played":"-852195475128253175","potions_obtained":[{"floor":1,"key":"Energy Potion"},{"floor":4,"key":"Energy Potion"},{"floor":7,"key":"Swift Potion"},{"floor":8,"key":"PowerPotion"},{"floor":14,"key":"Explosive Potion"},{"floor":18,"key":"Block Potion"}],"is_trial":false,"path_per_floor":["M","?","M","M","$","R","E","M","T","?","?","M","$","M","R","B",null,"M","?"],"character_chosen":"IRONCLAD","items_purchased":["Sword Boomerang","Shockwave"],"campfire_rested":1,"item_purchase_floors":[5,13],"current_hp_per_floor":[66,58,63,65,65,65,46,52,52,52,13,21,21,29,53,45,71,69,0],"gold":154,"neow_bonus":"REMOVE_CARD","is_prod":false,"is_daily":false,"chose_seed":false,"campfire_upgraded":1,"win_rate":0,"timestamp":1550210284,"path_taken":["M","?","M","M","?","R","E","M","T","?","?","M","$","M","R","BOSS","M","?"],"build_version":"2019-01-23","purchased_purges":1,"victory":false,"max_hp_per_floor":[80,80,80,80,80,80,80,80,80,80,80,80,80,80,80,80,80,80,80],"card_choices":[{"not_picked":["Battle Trance","Headbutt"],"picked":"Inflame","floor":1},{"not_picked":["Anger","Armaments"],"picked":"Corruption","floor":3},{"not_picked":["Clothesline","Combust"],"picked":"Shrug It Off","floor":4},{"not_picked":["Burning Pact","Pommel Strike"],"picked":"Ghostly Armor","floor":7},{"not_picked":["Wild Strike","Armaments"],"picked":"Shrug It Off","floor":8},{"not_picked":["Entrench","Clothesline"],"picked":"Flame Barrier","floor":11},{"not_picked":["Sword Boomerang","Bludgeon","Metallicize"],"picked":"SKIP","floor":12},{"not_picked":["Iron Wave","Headbutt","Body Slam"],"picked":"SKIP","floor":14},{"not_picked":["Reaper","Limit Break"],"picked":"Impervious","floor":16},{"not_picked":["Heavy Blade","Headbutt"],"picked":"Shockwave","floor":18}],"player_experience":405802,"relics_obtained":[{"floor":7,"key":"Anchor"},{"floor":9,"key":"Blood Vial"},{"floor":11,"key":"Bottled Tornado"}],"event_choices":[{"damage_healed":0,"gold_gain":0,"player_choice":"Damaged","damage_taken":8,"max_hp_gain":0,"max_hp_loss":0,"event_name":"Wheel of Change","floor":2,"gold_loss":0},{"cards_removed":["Strike_R"],"damage_healed":0,"gold_gain":0,"player_choice":"Card Removal","damage_taken":0,"max_hp_gain":0,"max_hp_loss":0,"event_name":"The Cleric","floor":10,"gold_loss":50},{"damage_healed":0,"gold_gain":30,"player_choice":"Searched \u00273\u0027 times","damage_taken":0,"max_hp_gain":0,"max_hp_loss":0,"event_name":"Dead Adventurer","floor":11,"gold_loss":0},{"damage_healed":0,"gold_gain":0,"player_choice":"Fight","damage_taken":0,"max_hp_gain":0,"max_hp_loss":0,"event_name":"Colosseum","floor":19,"gold_loss":0},{"damage_healed":0,"gold_gain":0,"player_choice":"Fought Nobs","damage_taken":0,"max_hp_gain":0,"max_hp_loss":0,"event_name":"Colosseum","floor":19,"gold_loss":0}],"is_beta":false,"boss_relics":[{"not_picked":["Ectoplasm","Tiny House"],"picked":"Pandora\u0027s Box"}],"items_purged_floors":[5],"is_endless":false,"potions_floor_spawned":[1,4,7,8,14,18],"killed_by":"Colosseum Nobs","ascension_level":5}