{"gold_per_floor":[118,133,133,146,196,229,255,180,204,218,118,130,130,142,142,247,247,257,257,132,132,147,147,180,194,265,280,130,130,55,55,55,154,154,165,1164,1180,880,880,880,910,910,956,983,369,387,412,412,412,412],"floor_reached":50,"playtime":2134,"items_purged":["Strike_R","Defend_R","Strike_R","Strike_R","Normality","Normality"],"score":641,"play_id":"666763c0-6ad5-4759-a388-11684e0ae426","local_time":"20181231031201","is_ascension_mode":false,"campfire_choices":[{"data":"Hemokinesis","floor":15,"key":"SMITH"},{"data":"Second Wind","floor":23,"key":"SMITH"},{"data":"Offering","floor":32,"key":"SMITH"},{"data":"Limit Break","floor":40,"key":"SMITH"},{"floor":49,"key":"REST"}],"neow_cost":"NONE","seed_source_timestamp":62147046627200,"circlet_count":0,"master_deck":["Strike_R","Bash","Hemokinesis+1","Ghostly Armor+1","Blood for Blood+1","Offering+1","Thunderclap","Whirlwind+1","Second Wind+1","Limit Break+1","Parasite","Heavy Blade"],"relics":["Burning Blood","Darkstone Periapt","Vajra","Bag of Marbles","Empty Cage","Blood Vial","Mercury Hourglass","MutagenicStrength","Runic Cube","Anchor","Boot","War Paint","Bottled Flame","Red Skull","Centennial Puzzle"],"potions_floor_usage":[16,27,29,33,37,41,41,41,44],"damage_taken":[{"damage":9,"enemies":"Cultist","floor":1,"turns":3},{"damage":9,"enemies":"Jaw Worm","floor":2,"turns":4},{"damage":3,"enemies":"2 Louse","floor":4,"turns":2},{"damage":23,"enemies":"Gremlin Nob","floor":6,"turns":3},{"damage":4,"enemies":"Exordium Wildlife","floor":10,"turns":3},{"damage":15,"enemies":"Exordium Thugs","floor":12,"turns":5},{"damage":7,"enemies":"Blue Slaver","floor":14,"turns":3},{"damage":42,"enemies":"Hexaghost","floor":16,"turns":6},{"damage":28,"enemies":"Shell Parasite","floor":18,"turns":3},{"damage":6,"enemies":"2 Thieves","floor":22,"turns":1},{"damage":35,"enemies":"Slavers","floor":24,"turns":3},{"damage":8,"enemies":"Snecko","floor":25,"turns":2},{"damage":8,"enemies":"Snake Plant","floor":27,"turns":2},{"damage":0,"enemies":"Book of Stabbing","floor":29,"turns":1},{"damage":38,"enemies":"Collector","floor":33,"turns":6},{"damage":6,"enemies":"3 Shapes","floor":35,"turns":1},{"damage":34,"enemies":"3 Darklings","floor":37,"turns":3},{"damage":24,"enemies":"Reptomancer","floor":41,"turns":4},{"damage":45,"enemies":"Nemesis","floor":44,"turns":3},{"damage":8,"enemies":"Writhing Mass","floor":46,"turns":2},{"damage":27,"enemies":"Giant Head","floor":47,"turns":6},{"damage":50,"enemies":"Time Eater","floor":50,"turns":4}],"seed_played":"514385285028200783","potions_obtained":[{"floor":10,"key":"SmokeBomb"},{"floor":14,"key":"SteroidPotion"},{"floor":16,"key":"Swift Potion"},{"floor":24,"key":"Regen Potion"},{"floor":33,"key":"SteroidPotion"},{"floor":37,"key":"BloodPotion"},{"floor":41,"key":"Dexterity Potion"}],"is_trial":false,"path_per_floor":["M","M","?","M","T","E","T","$","T","M","$","M","?","M","R","B",null,"M","?","$","?","M","R","E","M","T","M","$","E","?","?","R","B",null,"M","?","M","$","?","R","E","?","T","E","$","M","E","?","R","B"],"character_chosen":"IRONCLAD","items_purchased":["Regen Potion","Fire Potion","Bottled Flame","Red Skull"],"campfire_rested":1,"item_purchase_floors":[38,38,45,45],"current_hp_per_floor":[77,74,74,77,77,60,60,60,60,62,62,53,53,52,52,16,80,58,58,58,58,58,58,29,29,29,34,34,42,42,42,42,12,80,80,92,64,64,64,64,69,69,69,32,32,38,19,19,46,0],"gold":412,"neow_bonus":"THREE_CARDS","is_prod":false,"is_daily":false,"chose_seed":false,"campfire_upgraded":4,"win_rate":0,"timestamp":1546251121,"path_taken":["M","?","?","?","?","E","?","$","T","M","$","M","?","M","R","BOSS","M","?","?","?","M","R","E","M","T","M","$","E","?","?","R","BOSS","M","?","M","$","?","R","E","?","T","E","$","M","E","?","R","BOSS"],"build_version":"2018-12-20","purchased_purges":6,"victory":false,"max_hp_per_floor":[80,80,80,80,80,80,80,80,80,80,80,80,80,80,80,80,80,80,80,80,80,80,80,80,80,80,80,80,80,80,80,80,80,80,80,92,92,92,92,92,92,92,92,92,92,98,98,93,93,93],"card_choices":[{"not_picked":["Iron Wave","Clothesline"],"picked":"Hemokinesis","floor":0},{"not_picked":["Headbutt","Heavy Blade"],"picked":"Ghostly Armor","floor":1},{"not_picked":["Combust","Clothesline"],"picked":"Blood for Blood","floor":2},{"not_picked":["Wild Strike","Armaments"],"picked":"Thunderclap","floor":4},{"not_picked":["Cleave","Infernal Blade","Impervious"],"picked":"SKIP","floor":6},{"not_picked":["Iron Wave","Armaments","Shockwave"],"picked":"SKIP","floor":10},{"not_picked":["Uppercut","Clash","Sentinel"],"picked":"SKIP","floor":12},{"not_picked":["True Grit","Infernal Blade","Sword Boomerang"],"picked":"SKIP","floor":14},{"not_picked":["Heavy Blade","Pommel Strike"],"picked":"Whirlwind+1","floor":18},{"not_picked":["Headbutt+1","Perfected Strike","Body Slam+1"],"picked":"SKIP","floor":22},{"not_picked":["Reckless Charge","Fire Breathing+1"],"picked":"Evolve+1","floor":24},{"not_picked":["Flex","Evolve","Perfected Strike"],"picked":"SKIP","floor":25},{"not_picked":["Havoc","Clash","Pommel Strike"],"picked":"SKIP","floor":27},{"not_picked":["Reaper","Impervious"],"picked":"Limit Break","floor":33},{"not_picked":["Havoc+1","Perfected Strike+1","True Grit"],"picked":"SKIP","floor":35},{"not_picked":["Bloodletting+1","Perfected Strike","True Grit"],"picked":"SKIP","floor":37},{"not_picked":["Body Slam","Thunderclap+1","Second Wind"],"picked":"SKIP","floor":41},{"not_picked":["Juggernaut","Perfected Strike","Havoc"],"picked":"SKIP","floor":44},{"not_picked":["Dual Wield","Rupture+1","Ghostly Armor"],"picked":"SKIP","floor":46},{"not_picked":["Warcry+1","Sever Soul+1"],"picked":"Heavy Blade","floor":47}],"player_experience":229224,"relics_obtained":[{"floor":6,"key":"Darkstone Periapt"},{"floor":7,"key":"Vajra"},{"floor":9,"key":"Bag of Marbles"},{"floor":24,"key":"Blood Vial"},{"floor":26,"key":"Mercury Hourglass"},{"floor":41,"key":"Anchor"},{"floor":43,"key":"Boot"},{"floor":44,"key":"War Paint"},{"floor":47,"key":"Centennial Puzzle"}],"event_choices":[{"damage_healed":0,"gold_gain":0,"cards_transformed":["Defend_R"],"player_choice":"Transformed","damage_taken":0,"max_hp_gain":0,"max_hp_loss":0,"event_name":"Transmorgrifier","floor":3,"gold_loss":0,"cards_obtained":["Offering"]},{"damage_healed":0,"gold_gain":0,"player_choice":"Ignored","damage_taken":0,"max_hp_gain":0,"max_hp_loss":0,"event_name":"Liars Game","floor":13,"gold_loss":0},{"damage_healed":0,"gold_gain":0,"player_choice":"Forge","damage_taken":0,"max_hp_gain":0,"max_hp_loss":0,"event_name":"Accursed Blacksmith","floor":19,"gold_loss":0,"cards_upgraded":["Blood for Blood"]},{"damage_healed":0,"gold_gain":0,"player_choice":"Read","damage_taken":0,"max_hp_gain":0,"max_hp_loss":0,"event_name":"The Library","floor":21,"gold_loss":0,"cards_obtained":["Second Wind"]},{"cards_removed":["Strike_R"],"damage_healed":0,"gold_gain":0,"player_choice":"Gave Gold","damage_taken":0,"max_hp_gain":0,"max_hp_loss":0,"event_name":"Beggar","floor":30,"gold_loss":75},{"damage_healed":0,"gold_gain":0,"player_choice":"Inject Mutagens","damage_taken":0,"relics_obtained":["MutagenicStrength"],"max_hp_gain":0,"max_hp_loss":0,"event_name":"Drug Dealer","floor":31,"gold_loss":0},{"damage_healed":0,"gold_gain":999,"player_choice":"Gold","damage_taken":0,"max_hp_gain":0,"max_hp_loss":0,"event_name":"MindBloom","floor":36,"gold_loss":0,"cards_obtained":["Normality","Normality"]},{"damage_healed":0,"gold_gain":0,"player_choice":"Memory 1","damage_taken":0,"max_hp_gain":0,"max_hp_loss":0,"event_name":"SensoryStone","floor":39,"gold_loss":0},{"cards_removed":["Evolve"],"damage_healed":0,"gold_gain":0,"player_choice":"Removed Power","damage_taken":0,"max_hp_gain":0,"max_hp_loss":0,"event_name":"Falling","floor":42,"gold_loss":0},{"damage_healed":0,"gold_gain":0,"player_choice":"Max HP","damage_taken":0,"max_hp_gain":0,"max_hp_loss":5,"event_name":"Winding Halls","floor":48,"gold_loss":0}],"is_beta":false,"boss_relics":[{"not_picked":["Astrolabe","Snecko Eye"],"picked":"Empty Cage"},{"not_picked":["Runic Pyramid","Lizard Tail"],"picked":"Runic Cube"}],"items_purged_floors":[8,11,20,28,38,45],"is_endless":false,"potions_floor_spawned":[10,14,16,24,33,37,41],"killed_by":"Time Eater","ascension_level":0}