{"gold_per_floor":[117,130,4,4,20,20,20,41,41,41,64,64,79,118,118,237,237,255,270,369,64,89,125,125,125,151,151,167,12,26,26],"floor_reached":31,"playtime":1701,"items_purged":[],"score":308,"play_id":"557e3e16-fcb3-413b-b081-74be8bf78d45","local_time":"20190707164130","is_ascension_mode":true,"campfire_choices":[{"data":"Rage","floor":7,"key":"SMITH"},{"data":"Spot Weakness","floor":10,"key":"SMITH"},{"floor":15,"key":"REST"},{"floor":27,"key":"REST"}],"neow_cost":"NONE","seed_source_timestamp":807746591245265,"circlet_count":0,"master_deck":["Strike_R","Strike_R","Strike_R","Strike_R","Strike_R","Defend_R","Defend_R","Defend_R","Bash","Cleave","Spot Weakness+1","Rage+1","Shrug It Off","Regret","Warcry","Injury","Cleave","Heavy Blade","Whirlwind","Armaments","Juggernaut","Perfected Strike","Body Slam+1","Feed","Dual Wield+1","Body Slam+1","Spot Weakness"],"relics":["Burning Blood","Darkstone Periapt","Golden Idol","Mummified Hand","NlothsMask","Self Forming Clay","Sozu","Bag of Preparation","Shuriken","Anchor","Vajra"],"potions_floor_usage":[16,16,23],"damage_taken":[{"damage":1,"enemies":"Cultist","floor":1,"turns":3},{"damage":5,"enemies":"Small Slimes","floor":2,"turns":3},{"damage":6,"enemies":"Jaw Worm","floor":5,"turns":3},{"damage":6,"enemies":"Large Slime","floor":8,"turns":6},{"damage":19,"enemies":"Gremlin Gang","floor":11,"turns":3},{"damage":16,"enemies":"2 Fungi Beasts","floor":13,"turns":3},{"damage":27,"enemies":"3 Sentries","floor":14,"turns":4},{"damage":25,"enemies":"Slime Boss","floor":16,"turns":9},{"damage":12,"enemies":"3 Byrds","floor":18,"turns":5},{"damage":16,"enemies":"Chosen","floor":19,"turns":4},{"damage":21,"enemies":"Centurion and Healer","floor":22,"turns":5},{"damage":45,"enemies":"Slavers","floor":23,"turns":5},{"damage":13,"enemies":"3 Cultists","floor":28,"turns":3},{"damage":33,"enemies":"Sentry and Sphere","floor":30,"turns":4},{"damage":25,"enemies":"Snecko","floor":31,"turns":4}],"seed_played":"-1882639756902293103","potions_obtained":[{"floor":2,"key":"Strength Potion"},{"floor":5,"key":"PowerPotion"},{"floor":13,"key":"Ancient Potion"}],"is_trial":false,"path_per_floor":["M","M","$","?","M","?","R","M","T","R","M","?","M","E","R","B",null,"M","M","?","$","M","E","?","T","T","R","M","$","M","M"],"character_chosen":"IRONCLAD","items_purchased":["Rage","Shrug It Off","Bag of Preparation","Feed","Vajra"],"campfire_rested":2,"item_purchase_floors":[3,3,21,21,29],"current_hp_per_floor":[80,80,80,86,86,92,92,92,92,92,79,79,69,48,75,56,92,86,76,76,76,61,22,22,22,22,49,45,45,18,0],"gold":26,"neow_bonus":"REMOVE_CARD","is_prod":false,"is_daily":false,"chose_seed":false,"campfire_upgraded":2,"win_rate":0,"timestamp":1562514090,"path_taken":["M","M","?","?","M","?","R","M","T","R","M","?","M","E","R","BOSS","M","?","?","$","M","E","?","?","T","R","M","?","?","M"],"build_version":"2019-07-05","purchased_purges":0,"victory":false,"max_hp_per_floor":[80,80,80,86,86,92,92,92,92,92,92,92,92,92,92,92,92,92,92,92,92,92,92,92,92,92,92,95,95,95,95],"card_choices":[{"not_picked":["Anger","Metallicize"],"picked":"Cleave","floor":1},{"not_picked":["Searing Blow","Havoc"],"picked":"Spot Weakness","floor":2},{"not_picked":["Second Wind","Metallicize"],"picked":"Warcry","floor":5},{"not_picked":["Iron Wave","Uppercut"],"picked":"Cleave","floor":8},{"not_picked":["Wild Strike","Rage"],"picked":"Heavy Blade","floor":11},{"not_picked":["Second Wind","Flex"],"picked":"Whirlwind","floor":13},{"not_picked":["Perfected Strike","Power Through"],"picked":"Armaments","floor":14},{"not_picked":["Brutality","Fiend Fire"],"picked":"Juggernaut","floor":16},{"not_picked":["Havoc","Searing Blow"],"picked":"Perfected Strike","floor":18},{"not_picked":["Twin Strike+1","True Grit+1"],"picked":"Body Slam+1","floor":19},{"not_picked":["Offering","Havoc"],"picked":"Dual Wield+1","floor":22},{"not_picked":["Shrug It Off","Bloodletting"],"picked":"Body Slam+1","floor":23},{"not_picked":["True Grit","Corruption"],"picked":"Spot Weakness","floor":28},{"not_picked":["Thunderclap","Corruption","Cleave"],"picked":"SKIP","floor":30}],"player_experience":69690,"relics_obtained":[{"floor":9,"key":"Mummified Hand"},{"floor":14,"key":"Self Forming Clay"},{"floor":23,"key":"Shuriken"},{"floor":26,"key":"Anchor"}],"event_choices":[{"damage_healed":0,"gold_gain":0,"player_choice":"Box","damage_taken":0,"relics_obtained":["Darkstone Periapt"],"max_hp_gain":0,"max_hp_loss":0,"event_name":"Big Fish","floor":4,"gold_loss":0,"cards_obtained":["Regret"]},{"damage_healed":0,"gold_gain":0,"player_choice":"Take Wound","damage_taken":0,"relics_obtained":["Golden Idol"],"max_hp_gain":0,"max_hp_loss":0,"event_name":"Golden Idol","floor":6,"gold_loss":0,"cards_obtained":["Injury"]},{"damage_healed":0,"gold_gain":0,"player_choice":"Trade","damage_taken":0,"relics_obtained":["NlothsMask"],"max_hp_gain":0,"max_hp_loss":0,"event_name":"FaceTrader","floor":12,"gold_loss":0},{"damage_healed":0,"gold_gain":99,"player_choice":"Stole From Cult","damage_taken":0,"max_hp_gain":0,"max_hp_loss":0,"event_name":"Nest","floor":20,"gold_loss":0},{"damage_healed":0,"gold_gain":0,"player_choice":"Ignored","damage_taken":0,"max_hp_gain":0,"max_hp_loss":0,"event_name":"Ghosts","floor":24,"gold_loss":0}],"is_beta":false,"boss_relics":[{"not_picked":["Fusion Hammer","Runic Dome"],"picked":"Sozu"}],"items_purged_floors":[],"is_endless":false,"potions_floor_spawned":[2,5,13,22,23,28,30],"killed_by":"Snecko","ascension_level":2}