{"gold_per_floor":[117,132,132,132,148,174,174,199,224,224,224,242,253,266,266,365,365,380,225,225,237,264,276],"floor_reached":23,"playtime":1576,"items_purged":["Strike_R"],"score":296,"play_id":"41956838-ef3c-4a95-b2d4-2a54c5900aa9","local_time":"20190402112007","is_ascension_mode":true,"campfire_choices":[{"floor":7.0,"key":"REST"},{"floor":11.0,"key":"REST"},{"data":"Armaments","floor":15.0,"key":"SMITH"}],"neow_cost":"CURSE","seed_source_timestamp":0,"circlet_count":0,"master_deck":["AscendersBane","Strike_R","Strike_R","Strike_R","Defend_R","Defend_R","Defend_R","Defend_R","Bash","Injury","Berserk","Sever Soul","Uppercut+1","Disarm","Evolve","True Grit","Rage","Armaments+1","Fiend Fire","Entrench","Dual Wield","Berserk","True Grit","Iron Wave+1","Whirlwind","Writhe","RitualDagger","Headbutt"],"special_seed":0,"relics":["Burning Blood","Ancient Tea Set","Odd Mushroom","Oddly Smooth Stone","Blue Candle","Orrery","MawBank"],"potions_floor_usage":[22,23],"damage_taken":[{"damage":12.0,"enemies":"Jaw Worm","floor":1.0,"turns":3.0},{"damage":13.0,"enemies":"Small Slimes","floor":2.0,"turns":4.0},{"damage":7.0,"enemies":"2 Louse","floor":5.0,"turns":3.0},{"damage":21.0,"enemies":"Lagavulin","floor":6.0,"turns":8.0},{"damage":37.0,"enemies":"The Mushroom Lair","floor":8.0,"turns":6.0},{"damage":13.0,"enemies":"Blue Slaver","floor":12.0,"turns":5.0},{"damage":16.0,"enemies":"3 Louse","floor":13.0,"turns":5.0},{"damage":5.0,"enemies":"Large Slime","floor":14.0,"turns":7.0},{"damage":22.0,"enemies":"Hexaghost","floor":16.0,"turns":12.0},{"damage":3,"enemies":"Chosen","floor":18,"turns":7},{"damage":3,"enemies":"3 Byrds","floor":22,"turns":7},{"damage":68,"enemies":"Gremlin Leader","floor":23,"turns":8}],"seed_played":"3688042100693064381","potions_obtained":[{"floor":1.0,"key":"SpeedPotion"},{"floor":2.0,"key":"EssenceOfSteel"},{"floor":5.0,"key":"FearPotion"},{"floor":13.0,"key":"GamblersBrew"},{"floor":16.0,"key":"EssenceOfSteel"},{"floor":18,"key":"FearPotion"}],"is_trial":false,"path_per_floor":["M","M","?","?","M","E","R","?","T","?","R","M","M","M","R","B",null,"M","$","?","?","M","E"],"character_chosen":"IRONCLAD","items_purchased":["Whirlwind"],"campfire_rested":2,"item_purchase_floors":[19],"current_hp_per_floor":[66,59,52,52,51,36,60,29,29,29,53,46,36,37,37,21,65,68,68,68,62,65,0],"gold":276,"neow_bonus":"THREE_RARE_CARDS","is_prod":false,"is_daily":false,"chose_seed":false,"campfire_upgraded":1,"win_rate":0,"timestamp":1554229207,"path_taken":["M","M","?","?","M","E","R","?","T","?","R","M","?","M","R","BOSS","M","$","?","?","M","E"],"build_version":"2019-01-23","purchased_purges":1,"victory":false,"max_hp_per_floor":[80,80,80,80,80,80,80,80,80,80,80,80,80,80,80,80,80,80,80,80,80,80,80],"card_choices":[{"not_picked":["Juggernaut","Dark Embrace"],"picked":"Berserk","floor":0.0},{"not_picked":["Carnage","Reckless Charge"],"picked":"Sever Soul","floor":1.0},{"not_picked":["Anger","Iron Wave"],"picked":"Uppercut","floor":2.0},{"not_picked":["Uppercut","Corruption"],"picked":"Disarm","floor":5.0},{"not_picked":["Anger","Hemokinesis"],"picked":"Evolve","floor":6.0},{"not_picked":["Body Slam","Warcry"],"picked":"True Grit","floor":8.0},{"not_picked":["Clash","Havoc","Perfected Strike"],"picked":"SKIP","floor":12.0},{"not_picked":["Warcry","Pummel"],"picked":"Rage","floor":13.0},{"not_picked":["Sword Boomerang","Headbutt"],"picked":"Armaments","floor":14.0},{"not_picked":["Immolate","Brutality"],"picked":"Fiend Fire","floor":16.0},{"not_picked":["Perfected Strike","Rupture"],"picked":"Entrench","floor":17},{"not_picked":["Pummel","Warcry"],"picked":"Dual Wield","floor":17},{"not_picked":["Heavy Blade","Havoc"],"picked":"Berserk","floor":17},{"not_picked":["Sever Soul","Flex"],"picked":"True Grit","floor":17},{"not_picked":["Evolve","Intimidate+1"],"picked":"Iron Wave+1","floor":18},{"not_picked":["Perfected Strike","Flex"],"picked":"Headbutt","floor":22}],"player_experience":559232,"relics_obtained":[{"floor":6.0,"key":"Ancient Tea Set"},{"floor":8.0,"key":"Odd Mushroom"},{"floor":9.0,"key":"Oddly Smooth Stone"}],"event_choices":[{"cards_removed":["Strike_R"],"damage_healed":0.0,"max_hp_gain":0.0,"max_hp_loss":0.0,"gold_gain":0.0,"event_name":"Golden Wing","player_choice":"Card Removal","floor":3.0,"gold_loss":0.0,"damage_taken":7.0},{"damage_healed":0.0,"max_hp_gain":0.0,"max_hp_loss":0.0,"gold_gain":0.0,"event_name":"Living Wall","player_choice":"Grow","floor":4.0,"gold_loss":0.0,"damage_taken":0.0,"cards_upgraded":["Uppercut"]},{"damage_healed":0.0,"max_hp_gain":0.0,"max_hp_loss":0.0,"gold_gain":0.0,"event_name":"Mushrooms","player_choice":"Fought Mushrooms","floor":8.0,"gold_loss":0.0,"damage_taken":0.0},{"damage_healed":0.0,"max_hp_gain":0.0,"max_hp_loss":0.0,"gold_gain":0.0,"event_name":"Dead Adventurer","player_choice":"Searched \u00272\u0027 times","floor":10.0,"gold_loss":0.0,"damage_taken":0.0,"relics_obtained":["Blue Candle"]},{"damage_healed":0,"gold_gain":0,"player_choice":"Opened","damage_taken":0,"relics_obtained":["MawBank"],"max_hp_gain":0,"max_hp_loss":0,"event_name":"The Mausoleum","floor":20,"gold_loss":0,"cards_obtained":["Writhe"]},{"damage_healed":0,"gold_gain":0,"player_choice":"Joined the Cult","damage_taken":6,"max_hp_gain":0,"max_hp_loss":0,"event_name":"Nest","floor":21,"gold_loss":0,"cards_obtained":["RitualDagger"]}],"is_beta":false,"boss_relics":[{"not_picked":["Eternal Feather","Empty Cage"],"picked":"Orrery"}],"items_purged_floors":[19],"is_endless":false,"potions_floor_spawned":[1,2,5,13,16,18],"killed_by":"Gremlin Leader","ascension_level":11}