{"gold_per_floor":[113,128,128,149,149,149,149,169,169,185,39,39,82,96,96,224,224,238,253,272,16,16,16,29,29,29,29,29,43,58,83,83,83],"floor_reached":33,"playtime":2326,"items_purged":["Injury"],"score":264,"play_id":"a27b81f1-1a34-4989-911d-f17a320c50aa","local_time":"20190810165938","is_ascension_mode":true,"campfire_choices":[{"data":"Neutralize","floor":6,"key":"SMITH"},{"data":"Die Die Die","floor":12,"key":"SMITH"},{"floor":15,"key":"REST"},{"floor":23,"key":"REST"},{"floor":25,"key":"REST"},{"floor":27,"key":"REST"},{"floor":32,"key":"REST"}],"neow_cost":"NONE","seed_source_timestamp":58387854449549,"circlet_count":0,"master_deck":["Strike_G","Strike_G","Strike_G","Strike_G","Defend_G+1","Defend_G","Defend_G+1","Defend_G","Defend_G","Survivor","Neutralize+1","Caltrops","Poisoned Stab","Backflip","Catalyst","Die Die Die+1","All Out Attack","Quick Slash","Dodge and Roll","Envenom","Noxious Fumes","Poisoned Stab","PiercingWail","Deadly Poison+1","Backflip","Blur+1","Noxious Fumes","Backstab","Glass Knife","Backstab","Acrobatics","Deadly Poison","Dodge and Roll+1","Sucker Punch"],"relics":["Ring of the Snake","Golden Idol","Potion Belt","War Paint","Oddly Smooth Stone","Vajra","Orrery","FossilizedHelix"],"potions_floor_usage":[8,16,29,29,33],"damage_taken":[{"damage":5,"enemies":"Jaw Worm","floor":1,"turns":6},{"damage":7,"enemies":"Small Slimes","floor":2,"turns":3},{"damage":0,"enemies":"Cultist","floor":4,"turns":4},{"damage":6,"enemies":"Lots of Slimes","floor":8,"turns":5},{"damage":0,"enemies":"3 Louse","floor":10,"turns":4},{"damage":17,"enemies":"Lagavulin","floor":13,"turns":6},{"damage":2,"enemies":"Exordium Thugs","floor":14,"turns":4},{"damage":16,"enemies":"The Guardian","floor":16,"turns":14},{"damage":9,"enemies":"Shell Parasite","floor":18,"turns":6},{"damage":25,"enemies":"3 Byrds","floor":19,"turns":6},{"damage":16,"enemies":"3 Cultists","floor":20,"turns":4},{"damage":16,"enemies":"Sentry and Sphere","floor":24,"turns":6},{"damage":0,"enemies":"Shelled Parasite and Fungi","floor":29,"turns":8},{"damage":1,"enemies":"Centurion and Healer","floor":30,"turns":7},{"damage":9,"enemies":"Sentry and Sphere","floor":31,"turns":5},{"damage":70,"enemies":"Automaton","floor":33,"turns":10}],"seed_played":"5328440499331047211","potions_obtained":[{"floor":2,"key":"Regen Potion"},{"floor":8,"key":"LiquidBronze"},{"floor":13,"key":"AttackPotion"},{"floor":19,"key":"Dexterity Potion"},{"floor":24,"key":"Swift Potion"}],"is_trial":false,"path_per_floor":["M","M","?","M","T","R","?","M","T","M","$","R","E","M","R","B",null,"M","M","M","$","?","R","M","R","T","R","$","M","M","M","R","B"],"character_chosen":"THE_SILENT","items_purchased":["All Out Attack","Noxious Fumes","Backstab","Glass Knife"],"campfire_rested":5,"item_purchase_floors":[11,21,21,21],"current_hp_per_floor":[65,58,58,58,58,58,58,64,64,64,64,64,47,45,66,50,70,61,36,20,20,20,41,25,46,46,67,67,67,66,57,70,0],"gold":83,"neow_bonus":"THREE_CARDS","is_prod":false,"is_daily":false,"chose_seed":false,"campfire_upgraded":2,"win_rate":0,"timestamp":1565470778,"path_taken":["M","M","?","M","?","R","?","?","T","M","$","R","E","M","R","BOSS","M","M","M","?","?","R","M","R","T","R","$","M","M","?","R","BOSS"],"build_version":"2019-07-17","purchased_purges":1,"victory":false,"max_hp_per_floor":[70,70,70,70,70,70,70,70,70,70,70,70,70,70,70,70,70,70,70,70,70,70,70,70,70,70,70,70,70,70,70,70,70],"card_choices":[{"not_picked":["Blade Dance","Acrobatics"],"picked":"Caltrops","floor":0},{"not_picked":["Bane","Outmaneuver"],"picked":"Poisoned Stab","floor":1},{"not_picked":["Acrobatics","Tactician"],"picked":"Backflip","floor":2},{"not_picked":["Prepared","Slice"],"picked":"Calculated Gamble","floor":4},{"not_picked":["Deflect","Acrobatics"],"picked":"Catalyst","floor":8},{"not_picked":["Poisoned Stab","Sucker Punch"],"picked":"Die Die Die","floor":10},{"not_picked":["Prepared","Outmaneuver"],"picked":"Quick Slash","floor":13},{"not_picked":["Bane","Blade Dance"],"picked":"Dodge and Roll","floor":14},{"not_picked":["Malaise","Corpse Explosion"],"picked":"Envenom","floor":16},{"not_picked":["Flying Knee","Backstab"],"picked":"Noxious Fumes","floor":17},{"not_picked":["Underhanded Strike","Acrobatics"],"picked":"Poisoned Stab","floor":17},{"not_picked":["Quick Slash","Blade Dance"],"picked":"PiercingWail","floor":17},{"not_picked":["Outmaneuver","Bouncing Flask"],"picked":"Deadly Poison+1","floor":18},{"not_picked":["Blade Dance","Wraith Form v2"],"picked":"Backflip","floor":19},{"not_picked":["Deadly Poison","Bane"],"picked":"Blur+1","floor":20},{"not_picked":["Expertise","Catalyst"],"picked":"Acrobatics","floor":24},{"not_picked":["Caltrops+1","Blade Dance+1"],"picked":"Deadly Poison","floor":29},{"not_picked":["Deadly Poison","Catalyst"],"picked":"Dodge and Roll+1","floor":30},{"not_picked":["Predator","Underhanded Strike"],"picked":"Sucker Punch","floor":31}],"player_experience":68024,"relics_obtained":[{"floor":5,"key":"Potion Belt"},{"floor":9,"key":"Oddly Smooth Stone"},{"floor":13,"key":"Vajra"},{"floor":26,"key":"FossilizedHelix"}],"event_choices":[{"damage_healed":0,"gold_gain":0,"player_choice":"Take Wound","damage_taken":0,"relics_obtained":["Golden Idol"],"max_hp_gain":0,"max_hp_loss":0,"event_name":"Golden Idol","floor":3,"gold_loss":0,"cards_obtained":["Injury"]},{"cards_removed":["Calculated Gamble"],"damage_healed":0,"gold_gain":0,"player_choice":"Gave Card","damage_taken":0,"relics_obtained":["War Paint"],"max_hp_gain":0,"max_hp_loss":0,"event_name":"WeMeetAgain","floor":7,"gold_loss":0},{"damage_healed":0,"gold_gain":0,"cards_transformed":["Strike_G"],"player_choice":"Transformed","damage_taken":0,"max_hp_gain":0,"max_hp_loss":0,"event_name":"Transmorgrifier","floor":22,"gold_loss":0,"cards_obtained":["Backstab"]}],"is_beta":false,"boss_relics":[{"not_picked":["Coffee Dripper","Eternal Feather"],"picked":"Orrery"}],"items_purged_floors":[11],"is_endless":false,"potions_floor_spawned":[2,8,13,19,24],"killed_by":"Automaton","ascension_level":1}