{"gold_per_floor":[114,124,141,141,141,141,156,189,189,189,218,238,249,249,249,349,349,367,244,255,255,270,270,304,338,364,364,112,129,163,181,181,276,276,295,205,222,9,19,19,47,47,47,47,65,93,30,30,30,30],"floor_reached":50,"playtime":4123,"items_purged":["Strike_G","Strike_G","Strike_G"],"score":629,"play_id":"5d0f9c69-eb27-4689-8e0b-500da63b9f93","local_time":"20190104214428","is_ascension_mode":true,"campfire_choices":[{"data":"Noxious Fumes","floor":6,"key":"SMITH"},{"data":"Neutralize","floor":10,"key":"SMITH"},{"data":"Burst","floor":15,"key":"SMITH"},{"data":"Deadly Poison","floor":23,"key":"SMITH"},{"floor":27,"key":"RECALL"},{"data":"Backflip","floor":32,"key":"SMITH"},{"data":"Night Terror","floor":40,"key":"SMITH"},{"data":"Blur","floor":42,"key":"SMITH"},{"data":"Venomology","floor":44,"key":"SMITH"},{"data":"Blade Dance","floor":49,"key":"SMITH"}],"neow_cost":"CURSE","seed_source_timestamp":3890901709563,"circlet_count":0,"master_deck":["Defend_G","Defend_G","Defend_G","Defend_G+1","Strike_G","Survivor","Neutralize+1","Noxious Fumes+1","Dodge and Roll","Backflip+1","Burst+1","Venomology+1","Deadly Poison+1","Night Terror+1","Blur+1","Blade Dance+1"],"relics":["Ring of the Snake","Du-Vu Doll","Bronze Scales","Singing Bowl","Bird Faced Urn","Busted Crown","Shuriken","Red Mask","Art of War","Mummified Hand","Eternal Feather","Membership Card","Bag of Marbles","Bottled Tornado","Gambling Chip"],"potions_floor_usage":[8,11,11,13,13,13,13,16,16,20,20,22,24,24,24,25,29,31,31,33,35,37,39,41,41,41,46,46,46,50],"damage_taken":[{"damage":0,"enemies":"Small Slimes","floor":1,"turns":3},{"damage":0,"enemies":"Cultist","floor":2,"turns":5},{"damage":0,"enemies":"Jaw Worm","floor":3,"turns":4},{"damage":3,"enemies":"Blue Slaver","floor":7,"turns":5},{"damage":33,"enemies":"Lagavulin","floor":8,"turns":8},{"damage":24,"enemies":"Gremlin Nob","floor":11,"turns":6},{"damage":2,"enemies":"Looter","floor":12,"turns":4},{"damage":9,"enemies":"Red Slaver","floor":13,"turns":2},{"damage":17,"enemies":"The Guardian","floor":16,"turns":11},{"damage":0,"enemies":"3 Byrds","floor":18,"turns":3},{"damage":16,"enemies":"Chosen","floor":20,"turns":5},{"damage":6,"enemies":"3 Cultists","floor":22,"turns":5},{"damage":22,"enemies":"Slavers","floor":24,"turns":5},{"damage":45,"enemies":"Masked Bandits","floor":25,"turns":6},{"damage":0,"enemies":"Shelled Parasite and Fungi","floor":29,"turns":4},{"damage":1,"enemies":"Book of Stabbing","floor":30,"turns":5},{"damage":9,"enemies":"Cultist and Chosen","floor":31,"turns":7},{"damage":39,"enemies":"Automaton","floor":33,"turns":10},{"damage":6,"enemies":"Orb Walker","floor":35,"turns":3},{"damage":64,"enemies":"3 Shapes","floor":37,"turns":5},{"damage":11,"enemies":"Spire Growth","floor":39,"turns":5},{"damage":39,"enemies":"Nemesis","floor":41,"turns":9},{"damage":0,"enemies":"Writhing Mass","floor":45,"turns":7},{"damage":24,"enemies":"Giant Head","floor":46,"turns":8},{"damage":71,"enemies":"Awakened One","floor":50,"turns":9}],"seed_played":"-2241411924484338202","potions_obtained":[{"floor":2,"key":"Regen Potion"},{"floor":8,"key":"Dexterity Potion"},{"floor":18,"key":"Regen Potion"},{"floor":25,"key":"Explosive Potion"},{"floor":31,"key":"Poison Potion"},{"floor":37,"key":"Weak Potion"},{"floor":39,"key":"Explosive Potion"}],"is_trial":false,"path_per_floor":["M","M","M","?","?","R","M","E","T","R","E","M","M","?","R","B",null,"M","$","M","?","M","R","E","?","T","R","$","M","E","M","R","B",null,"M","?","M","$","M","R","E","R","T","R","M","E","$","?","R","B"],"character_chosen":"THE_SILENT","items_purchased":["Deadly Poison","Art of War","Membership Card","Blur"],"campfire_rested":0,"item_purchase_floors":[19,28,38,38],"current_hp_per_floor":[70,70,70,70,70,70,67,49,49,49,27,29,24,49,49,36,78,80,80,77,77,77,77,86,55,55,55,55,59,62,57,57,20,94,90,90,34,34,39,48,25,34,34,43,57,37,37,37,46,0],"gold":30,"neow_bonus":"ONE_RARE_RELIC","is_prod":false,"is_daily":false,"chose_seed":false,"campfire_upgraded":9,"win_rate":0,"timestamp":1546663468,"path_taken":["M","M","M","?","?","R","M","E","T","R","E","M","?","?","R","BOSS","M","$","M","?","M","R","E","?","T","R","$","M","E","M","R","BOSS","M","?","M","$","M","R","E","R","T","R","?","E","$","?","R","BOSS"],"build_version":"2019-01-03v4","purchased_purges":3,"victory":false,"max_hp_per_floor":[70,70,70,70,70,70,70,70,70,70,72,74,76,76,76,78,78,80,80,82,82,84,84,86,88,88,88,88,90,92,94,94,94,94,96,96,98,98,100,100,102,102,102,102,102,104,104,99,99,99],"card_choices":[{"not_picked":["Flying Knee","Eviscerate"],"picked":"Noxious Fumes","floor":1},{"not_picked":["Dagger Throw","PiercingWail"],"picked":"Dodge and Roll","floor":2},{"not_picked":["Endless Agony","Quick Slash"],"picked":"Backflip","floor":3},{"not_picked":["Flying Knee","Well Laid Plans"],"picked":"Burst","floor":7},{"not_picked":["Flying Knee","Outmaneuver"],"picked":"Venomology","floor":8},{"not_picked":["Poisoned Stab","Dagger Spray","Accuracy"],"picked":"Singing Bowl","floor":11},{"not_picked":["Dagger Spray","PiercingWail","Bane"],"picked":"Singing Bowl","floor":12},{"not_picked":["Noxious Fumes","Sucker Punch","After Image"],"picked":"Singing Bowl","floor":13},{"not_picked":["Malaise","Adrenaline","Bullet Time"],"picked":"Singing Bowl","floor":16},{"not_picked":["Skewer"],"picked":"Singing Bowl","floor":18},{"not_picked":["Outmaneuver"],"picked":"Singing Bowl","floor":20},{"not_picked":["Leg Sweep+1"],"picked":"Singing Bowl","floor":22},{"not_picked":["Heel Hook"],"picked":"Singing Bowl","floor":24},{"not_picked":["Slice"],"picked":"Singing Bowl","floor":25},{"not_picked":["Accuracy"],"picked":"Singing Bowl","floor":29},{"not_picked":["Deflect"],"picked":"Singing Bowl","floor":30},{"not_picked":["Outmaneuver"],"picked":"Singing Bowl","floor":31},{"not_picked":[],"picked":"Night Terror","floor":33},{"not_picked":["Outmaneuver+1"],"picked":"Singing Bowl","floor":35},{"not_picked":["Escape Plan+1"],"picked":"Singing Bowl","floor":37},{"not_picked":["Slice"],"picked":"Singing Bowl","floor":39},{"not_picked":["Prepared+1"],"picked":"Singing Bowl","floor":41},{"not_picked":[],"picked":"Blade Dance","floor":45},{"not_picked":["Predator"],"picked":"Singing Bowl","floor":46}],"player_experience":239651,"relics_obtained":[{"floor":8,"key":"Bronze Scales"},{"floor":9,"key":"Singing Bowl"},{"floor":11,"key":"Bird Faced Urn"},{"floor":24,"key":"Shuriken"},{"floor":25,"key":"Red Mask"},{"floor":30,"key":"Mummified Hand"},{"floor":41,"key":"Bag of Marbles"},{"floor":43,"key":"Bottled Tornado"},{"floor":46,"key":"Gambling Chip"}],"event_choices":[{"cards_removed":["Defend_G"],"damage_healed":0,"gold_gain":0,"player_choice":"Forget","damage_taken":0,"max_hp_gain":0,"max_hp_loss":0,"event_name":"Living Wall","floor":4,"gold_loss":0},{"cards_removed":["Injury"],"damage_healed":0,"gold_gain":0,"player_choice":"Removed Curses","damage_taken":0,"max_hp_gain":0,"max_hp_loss":0,"event_name":"Fountain of Cleansing","floor":5,"gold_loss":0},{"damage_healed":25,"gold_gain":0,"player_choice":"Banana","damage_taken":0,"max_hp_gain":0,"max_hp_loss":0,"event_name":"Big Fish","floor":14,"gold_loss":0},{"damage_healed":0,"gold_gain":0,"player_choice":"Ignored","damage_taken":0,"max_hp_gain":0,"max_hp_loss":0,"event_name":"The Mausoleum","floor":21,"gold_loss":0},{"damage_healed":0,"gold_gain":0,"player_choice":"Fought Bandits","damage_taken":0,"max_hp_gain":0,"max_hp_loss":0,"event_name":"Masked Bandits","floor":25,"gold_loss":0},{"cards_removed":["Strike_G"],"damage_healed":0,"gold_gain":0,"player_choice":"Upgrade and Remove","damage_taken":0,"max_hp_gain":0,"max_hp_loss":0,"event_name":"Designer","floor":36,"gold_loss":90,"cards_upgraded":["Defend_G"]},{"damage_healed":0,"gold_gain":0,"player_choice":"Max HP","damage_taken":0,"max_hp_gain":0,"max_hp_loss":5,"event_name":"Winding Halls","floor":48,"gold_loss":0}],"is_beta":false,"boss_relics":[{"not_picked":["Sozu","Runic Dome"],"picked":"Busted Crown"},{"not_picked":["HoveringKite","WristBlade"],"picked":"Eternal Feather"}],"items_purged_floors":[19,28,47],"is_endless":false,"potions_floor_spawned":[2,8,18,20,25,31,37,39],"killed_by":"Awakened One","ascension_level":1}