{"gold_per_floor":[112,287,12,30,30,64,64,98,121,140,215,23,23,33,33,33],"floor_reached":16,"playtime":591,"items_purged":[],"score":186,"play_id":"2ac225fb-9de1-49f8-a91a-102b870c5d99","local_time":"20190303021629","is_ascension_mode":true,"campfire_choices":[{"data":"Corruption","floor":7,"key":"SMITH"},{"data":"Bash","floor":13,"key":"SMITH"},{"floor":15,"key":"REST"}],"neow_cost":"NONE","seed_source_timestamp":113546977257344,"circlet_count":0,"master_deck":["Strike_R","Strike_R","Strike_R","Strike_R","Strike_R","Defend_R","Defend_R","Defend_R","Defend_R","Bash+1","Pummel","Doubt","Corruption+1","Seeing Red","Warcry","Feel No Pain","Shockwave"],"relics":["Burning Blood","NeowsBlessing","OrangePellets","Lantern","Juzu Bracelet","Bronze Scales","ClockworkSouvenir"],"potions_floor_usage":[8,16],"damage_taken":[{"damage":0,"enemies":"Small Slimes","floor":1,"turns":1},{"damage":0,"enemies":"2 Louse","floor":4,"turns":1},{"damage":0,"enemies":"Gremlin Nob","floor":6,"turns":1},{"damage":25,"enemies":"Lagavulin","floor":8,"turns":6},{"damage":10,"enemies":"Cultist","floor":10,"turns":4},{"damage":19,"enemies":"Exordium Thugs","floor":14,"turns":6},{"damage":74,"enemies":"Hexaghost","floor":16,"turns":9}],"seed_played":"-8778482490236076246","potions_obtained":[{"floor":1,"key":"Strength Potion"},{"floor":6,"key":"Ancient Potion"},{"floor":14,"key":"BloodPotion"}],"is_trial":false,"path_per_floor":["M","?","$","M","?","E","R","E","T","M","?","$","R","M","R","B"],"character_chosen":"IRONCLAD","items_purchased":["Corruption","OrangePellets","ClockworkSouvenir"],"campfire_rested":1,"item_purchase_floors":[3,3,12],"current_hp_per_floor":[78,78,78,80,85,85,85,66,66,62,51,51,51,38,63,0],"gold":33,"neow_bonus":"THREE_ENEMY_KILL","is_prod":false,"is_daily":false,"chose_seed":false,"campfire_upgraded":2,"win_rate":0,"timestamp":1551604589,"path_taken":["M","?","$","M","?","E","R","E","T","M","?","$","R","M","R","BOSS"],"build_version":"2019-01-23","purchased_purges":0,"victory":false,"max_hp_per_floor":[80,80,80,80,85,85,85,85,85,85,85,85,85,85,85,85],"card_choices":[{"not_picked":["Iron Wave","Carnage"],"picked":"Pummel","floor":1},{"not_picked":["Wild Strike","Bloodletting","Heavy Blade"],"picked":"SKIP","floor":4},{"not_picked":["Wild Strike","True Grit"],"picked":"Seeing Red","floor":6},{"not_picked":["Perfected Strike","Wild Strike"],"picked":"Warcry","floor":8},{"not_picked":["Clash","Exhume"],"picked":"Feel No Pain","floor":10},{"not_picked":["Whirlwind","Sever Soul"],"picked":"Shockwave","floor":14}],"player_experience":458097,"relics_obtained":[{"floor":6,"key":"Lantern"},{"floor":8,"key":"Juzu Bracelet"},{"floor":9,"key":"Bronze Scales"}],"event_choices":[{"damage_healed":0,"gold_gain":175,"player_choice":"AGREE","damage_taken":0,"max_hp_gain":0,"max_hp_loss":0,"event_name":"Liars Game","floor":2,"gold_loss":0,"cards_obtained":["Doubt"]},{"damage_healed":0,"gold_gain":0,"player_choice":"Donut","damage_taken":0,"max_hp_gain":5,"max_hp_loss":0,"event_name":"Big Fish","floor":5,"gold_loss":0},{"damage_healed":0,"gold_gain":75,"player_choice":"Gather Gold","damage_taken":11,"max_hp_gain":0,"max_hp_loss":0,"event_name":"World of Goop","floor":11,"gold_loss":0}],"is_beta":false,"boss_relics":[],"items_purged_floors":[],"is_endless":false,"potions_floor_spawned":[1,6,14],"killed_by":"Hexaghost","ascension_level":8}