{"gold_per_floor":[118,132,57,70,90,90,119,134,157,157,157,178,208,108,108,237,237,222,237,9,30,44,44,44,1,25,49,49,49],"floor_reached":29,"playtime":4141,"items_purged":["Defend_R","Strike_R"],"score":238,"play_id":"bae679c6-f26c-47de-813d-e04ba43a7922","local_time":"20181211191527","is_ascension_mode":true,"campfire_choices":[{"data":"Body Slam","floor":6,"key":"SMITH"},{"data":"Shrug It Off","floor":15,"key":"SMITH"},{"data":"Barricade","floor":23,"key":"SMITH"},{"data":"Armaments","floor":28,"key":"SMITH"}],"neow_cost":"NONE","seed_source_timestamp":601345712062524,"circlet_count":0,"master_deck":["Strike_R","Strike_R","Strike_R","Strike_R","Defend_R","Defend_R","Defend_R","Evolve","True Grit+1","Shrug It Off+1","Metallicize","Body Slam+1","Bloodletting","Dark Embrace","Barricade+1","Body Slam","Warcry","Armaments+1","Fiend Fire","Shame","Purity"],"relics":["Burning Blood","Bottled Lightning","Juzu Bracelet","Golden Idol","Odd Mushroom","Mark of Pain","Membership Card","Bag of Marbles","Strawberry"],"potions_floor_usage":[8,13,16,16,21,27,29],"damage_taken":[{"damage":10,"enemies":"Small Slimes","floor":1,"turns":6},{"damage":6,"enemies":"Jaw Worm","floor":2,"turns":6},{"damage":0,"enemies":"2 Louse","floor":4,"turns":2},{"damage":14,"enemies":"Large Slime","floor":5,"turns":8},{"damage":10,"enemies":"3 Sentries","floor":7,"turns":10},{"damage":0,"enemies":"Exordium Thugs","floor":8,"turns":6},{"damage":3,"enemies":"2 Fungi Beasts","floor":12,"turns":4},{"damage":5,"enemies":"The Mushroom Lair","floor":13,"turns":6},{"damage":29,"enemies":"The Guardian","floor":16,"turns":12},{"damage":17,"enemies":"2 Thieves","floor":18,"turns":5},{"damage":4,"enemies":"Chosen","floor":19,"turns":6},{"damage":7,"enemies":"Snecko","floor":21,"turns":10},{"damage":23,"enemies":"Snake Plant","floor":22,"turns":6},{"damage":55,"enemies":"3 Cultists","floor":27,"turns":7},{"damage":21,"enemies":"Slavers","floor":29,"turns":2}],"seed_played":"4519523149081053307","potions_obtained":[{"floor":1,"key":"FearPotion"},{"floor":5,"key":"LiquidBronze"},{"floor":7,"key":"SteroidPotion"},{"floor":12,"key":"Explosive Potion"},{"floor":19,"key":"Regen Potion"},{"floor":22,"key":"PowerPotion"},{"floor":27,"key":"SteroidPotion"}],"is_trial":false,"path_per_floor":["M","M","$","M","M","R","E","M","T","?","?","M","?","$","R","B",null,"M","M","$","M","M","R","?","$","T","M","R","E"],"character_chosen":"IRONCLAD","items_purchased":["Membership Card","Armaments","Purity"],"campfire_rested":0,"item_purchase_floors":[20,20,25],"current_hp_per_floor":[76,76,76,80,72,72,68,74,74,54,54,57,58,58,58,35,80,69,71,71,80,63,63,63,63,70,21,21,0],"gold":49,"neow_bonus":"TRANSFORM_CARD","is_prod":false,"is_daily":false,"chose_seed":false,"campfire_upgraded":4,"win_rate":0,"timestamp":1544580927,"path_taken":["M","M","$","M","M","R","E","M","T","?","?","M","?","$","R","BOSS","M","M","$","M","M","R","?","$","T","M","R","E"],"build_version":"2018-12-06","purchased_purges":2,"victory":false,"max_hp_per_floor":[80,80,80,80,80,80,80,80,80,80,80,80,80,80,80,80,80,80,80,80,80,80,80,80,80,87,87,87,87],"card_choices":[{"not_picked":["Sever Soul","Wild Strike"],"picked":"True Grit","floor":1},{"not_picked":["Infernal Blade","Spot Weakness"],"picked":"Shrug It Off","floor":2},{"not_picked":["Evolve","Double Tap"],"picked":"Metallicize","floor":4},{"not_picked":["Havoc","Evolve"],"picked":"Body Slam","floor":5},{"not_picked":["Shrug It Off","Pommel Strike"],"picked":"Bloodletting","floor":7},{"not_picked":["Anger","Wild Strike","Corruption"],"picked":"SKIP","floor":8},{"not_picked":["Headbutt","Warcry","Battle Trance"],"picked":"SKIP","floor":12},{"not_picked":["Heavy Blade","Corruption"],"picked":"Dark Embrace","floor":13},{"not_picked":["Berserk","Impervious"],"picked":"Barricade","floor":16},{"not_picked":["Havoc","Reckless Charge"],"picked":"Body Slam","floor":18},{"not_picked":["Heavy Blade+1","Havoc+1"],"picked":"Warcry","floor":19},{"not_picked":["Headbutt","Disarm"],"picked":"Fiend Fire","floor":21},{"not_picked":["Wild Strike","Clash","Infernal Blade+1"],"picked":"SKIP","floor":22},{"not_picked":["Blood for Blood","Pummel","Anger"],"picked":"SKIP","floor":27}],"player_experience":67970,"relics_obtained":[{"floor":7,"key":"Bottled Lightning"},{"floor":9,"key":"Juzu Bracelet"},{"floor":13,"key":"Odd Mushroom"},{"floor":26,"key":"Strawberry"}],"event_choices":[{"damage_healed":0,"gold_gain":0,"player_choice":"Take Damage","damage_taken":20,"relics_obtained":["Golden Idol"],"max_hp_gain":0,"max_hp_loss":0,"event_name":"Golden Idol","floor":10,"gold_loss":0},{"damage_healed":0,"gold_gain":0,"player_choice":"Grow","damage_taken":0,"max_hp_gain":0,"max_hp_loss":0,"event_name":"Living Wall","floor":11,"gold_loss":0,"cards_upgraded":["True Grit"]},{"damage_healed":0,"gold_gain":0,"player_choice":"Fought Mushrooms","damage_taken":0,"max_hp_gain":0,"max_hp_loss":0,"event_name":"Mushrooms","floor":13,"gold_loss":0},{"damage_healed":0,"gold_gain":0,"player_choice":"Stole Relic","damage_taken":0,"relics_obtained":["Bag of Marbles"],"max_hp_gain":0,"max_hp_loss":0,"event_name":"Addict","floor":24,"gold_loss":0,"cards_obtained":["Shame"]}],"is_beta":false,"boss_relics":[{"not_picked":["Tiny House","Runic Pyramid"],"picked":"Mark of Pain"}],"items_purged_floors":[3,14],"is_endless":false,"potions_floor_spawned":[1,5,7,12,19,22,27],"killed_by":"Slavers","ascension_level":1}