{"gold_per_floor":[117,42,217,217,217,249,249,277,277,277,29,57,34,48,48,48],"floor_reached":16,"playtime":514,"items_purged":[],"score":197,"play_id":"a29818a7-f01e-4106-87ec-7789ee230852","local_time":"20181224151413","is_ascension_mode":true,"campfire_choices":[{"data":"Inflame","floor":10,"key":"SMITH"},{"data":"Heavy Blade","floor":15,"key":"SMITH"}],"neow_cost":"NONE","seed_source_timestamp":2453026352605,"circlet_count":0,"master_deck":["Strike_R","Strike_R","Strike_R","Strike_R","Strike_R","Defend_R","Defend_R","Defend_R","Defend_R","Bash","Thunderclap","Inflame+1","Regret","Heavy Blade+1"],"relics":["Burning Blood","NeowsBlessing","Singing Bowl","Boot","Ice Cream","Darkstone Periapt","Meat on the Bone","Dodecahedron","Regal Pillow"],"potions_floor_usage":[16,16],"damage_taken":[{"damage":0,"enemies":"Cultist","floor":1,"turns":1},{"damage":0,"enemies":"3 Sentries","floor":6,"turns":1},{"damage":0,"enemies":"Gremlin Nob","floor":8,"turns":1},{"damage":32,"enemies":"Lagavulin","floor":12,"turns":5},{"damage":4,"enemies":"Jaw Worm","floor":14,"turns":4},{"damage":71,"enemies":"The Guardian","floor":16,"turns":8}],"seed_played":"3069013048947373250","potions_obtained":[{"floor":6,"key":"AttackPotion"},{"floor":8,"key":"FearPotion"}],"is_trial":false,"path_per_floor":["M","$","?","?","T","E","?","E","T","R","$","E","$","M","R","B"],"character_chosen":"IRONCLAD","items_purchased":["Inflame","Dodecahedron","Heavy Blade"],"campfire_rested":0,"item_purchase_floors":[2,11,13],"current_hp_per_floor":[80,80,80,73,73,81,81,84,84,84,84,60,60,64,64,0],"gold":48,"neow_bonus":"THREE_ENEMY_KILL","is_prod":false,"is_daily":false,"chose_seed":false,"campfire_upgraded":2,"win_rate":0,"timestamp":1545689653,"path_taken":["M","$","?","?","?","E","?","E","T","R","?","E","$","M","R","BOSS"],"build_version":"2018-12-20","purchased_purges":0,"victory":false,"max_hp_per_floor":[80,80,80,80,80,82,82,84,84,84,84,86,86,88,88,88],"card_choices":[{"not_picked":["Armaments","Sword Boomerang"],"picked":"Thunderclap","floor":1},{"not_picked":["Battle Trance","Flex","Iron Wave"],"picked":"Singing Bowl","floor":6},{"not_picked":["Warcry","Havoc","Dark Embrace"],"picked":"Singing Bowl","floor":8},{"not_picked":["Juggernaut","Evolve","Twin Strike"],"picked":"Singing Bowl","floor":12},{"not_picked":["Sword Boomerang","Intimidate","Warcry"],"picked":"Singing Bowl","floor":14}],"player_experience":190046,"relics_obtained":[{"floor":5,"key":"Singing Bowl"},{"floor":6,"key":"Boot"},{"floor":8,"key":"Darkstone Periapt"},{"floor":9,"key":"Meat on the Bone"},{"floor":12,"key":"Regal Pillow"}],"event_choices":[{"damage_healed":0,"gold_gain":175,"player_choice":"AGREE","damage_taken":0,"max_hp_gain":0,"max_hp_loss":0,"event_name":"Liars Game","floor":3,"gold_loss":0,"cards_obtained":["Doubt"]},{"cards_removed":["Doubt"],"damage_healed":0,"gold_gain":0,"player_choice":"Card Removal","damage_taken":7,"max_hp_gain":0,"max_hp_loss":0,"event_name":"Golden Wing","floor":4,"gold_loss":0},{"damage_healed":0,"gold_gain":0,"player_choice":"Box","damage_taken":0,"relics_obtained":["Ice Cream"],"max_hp_gain":0,"max_hp_loss":0,"event_name":"Big Fish","floor":7,"gold_loss":0,"cards_obtained":["Regret"]}],"is_beta":false,"boss_relics":[],"items_purged_floors":[],"is_endless":false,"potions_floor_spawned":[6,8],"killed_by":"The Guardian","ascension_level":4}