{"gold_per_floor":[118,43,43,59,79,79,105,117,117,176,176,26,58,72,72,171,171,184,184,283,297,29,29,48,48,48,73,148,160,10,27,27,27],"floor_reached":33,"playtime":1359,"items_purged":["Defend_R","Defend_R","Strike_R","Strike_R"],"score":344,"play_id":"c2eff2da-37e1-4d19-a8ab-b2baa28bc897","local_time":"20190206170254","is_ascension_mode":true,"campfire_choices":[{"data":"Bash","floor":6,"key":"SMITH"},{"floor":11,"key":"REST"},{"floor":15,"key":"REST"},{"floor":23,"key":"REST"},{"floor":25,"key":"REST"},{"floor":32,"key":"REST"}],"neow_cost":"NONE","seed_source_timestamp":824448834317320,"circlet_count":0,"master_deck":["Strike_R","Strike_R","Strike_R","Defend_R+1","Defend_R+1","Bash+1","Dropkick","Berserk","Rage"],"relics":["Burning Blood","Red Skull","Self Forming Clay","War Paint","Dodecahedron","Shuriken","Champion Belt","Black Star","Enchiridion","Lantern","Bottled Flame","Happy Flower","Gremlin Horn"],"potions_floor_usage":[10,10,16,18,33,33],"damage_taken":[{"damage":9,"enemies":"Jaw Worm","floor":1,"turns":4},{"damage":1,"enemies":"Cultist","floor":4,"turns":3},{"damage":0,"enemies":"Small Slimes","floor":5,"turns":3},{"damage":42,"enemies":"3 Sentries","floor":7,"turns":9},{"damage":14,"enemies":"Looter","floor":8,"turns":3},{"damage":10,"enemies":"Gremlin Nob","floor":10,"turns":3},{"damage":37,"enemies":"Lagavulin","floor":13,"turns":4},{"damage":12,"enemies":"3 Louse","floor":14,"turns":3},{"damage":26,"enemies":"Hexaghost","floor":16,"turns":6},{"damage":35,"enemies":"2 Thieves","floor":18,"turns":4},{"damage":16,"enemies":"3 Byrds","floor":21,"turns":5},{"damage":8,"enemies":"Centurion and Healer","floor":24,"turns":5},{"damage":53,"enemies":"Slavers","floor":27,"turns":6},{"damage":6,"enemies":"3 Cultists","floor":29,"turns":4},{"damage":0,"enemies":"Chosen and Byrds","floor":31,"turns":4},{"damage":54,"enemies":"Automaton","floor":33,"turns":6}],"seed_played":"-3292380734391278120","potions_obtained":[{"floor":1,"key":"SpeedPotion"},{"floor":5,"key":"BloodPotion"},{"floor":8,"key":"Energy Potion"},{"floor":16,"key":"Weak Potion"},{"floor":21,"key":"FairyPotion"},{"floor":27,"key":"Block Potion"},{"floor":29,"key":"Explosive Potion"}],"is_trial":false,"path_per_floor":["M","$","?","M","M","R","E","M","T","?","R","$","E","M","R","B",null,"M","?","?","M","$","R","M","R","T","E","?","M","$","M","R","B"],"character_chosen":"IRONCLAD","items_purchased":["Strength Potion","Lantern"],"campfire_rested":5,"item_purchase_floors":[12,22],"current_hp_per_floor":[77,77,77,80,80,80,44,36,36,40,64,64,33,27,51,31,68,39,23,23,13,13,37,35,59,59,12,4,14,14,20,44,0],"gold":27,"neow_bonus":"RANDOM_COMMON_RELIC","is_prod":false,"is_daily":false,"chose_seed":false,"campfire_upgraded":1,"win_rate":0,"timestamp":1549497774,"path_taken":["M","$","?","?","M","R","E","M","T","?","R","$","E","M","R","BOSS","M","?","?","M","$","R","M","R","T","E","?","?","$","M","R","BOSS"],"build_version":"2019-01-23","purchased_purges":4,"victory":false,"max_hp_per_floor":[80,80,80,80,80,80,80,80,80,80,80,80,80,80,80,80,80,80,80,80,80,80,80,80,80,80,80,80,80,80,80,80,80],"card_choices":[{"not_picked":["Blood for Blood","Armaments","Warcry"],"picked":"SKIP","floor":1},{"not_picked":["Clash","Seeing Red","Armaments"],"picked":"SKIP","floor":4},{"not_picked":["Spot Weakness","Clothesline"],"picked":"Dropkick","floor":5},{"not_picked":["Disarm","Spot Weakness","Clash"],"picked":"SKIP","floor":7},{"not_picked":["Warcry","Intimidate","Anger"],"picked":"SKIP","floor":8},{"not_picked":["Clash","Brutality","Body Slam"],"picked":"SKIP","floor":13},{"not_picked":["Clothesline","Havoc","Armaments"],"picked":"SKIP","floor":14},{"not_picked":["Bludgeon","Reaper"],"picked":"Berserk","floor":16},{"not_picked":["Cleave+1","Pommel Strike","Fire Breathing"],"picked":"SKIP","floor":18},{"not_picked":["Inflame+1","Thunderclap","Disarm"],"picked":"SKIP","floor":21},{"not_picked":["Heavy Blade","Havoc","Carnage"],"picked":"SKIP","floor":24},{"not_picked":["Flame Barrier+1","Sword Boomerang","Perfected Strike"],"picked":"SKIP","floor":27},{"not_picked":["Carnage","Metallicize"],"picked":"Rage","floor":29},{"not_picked":["Whirlwind","Rage+1","Armaments"],"picked":"SKIP","floor":31}],"player_experience":381723,"relics_obtained":[{"floor":7,"key":"War Paint"},{"floor":9,"key":"Dodecahedron"},{"floor":10,"key":"Shuriken"},{"floor":13,"key":"Champion Belt"},{"floor":19,"key":"Enchiridion"},{"floor":26,"key":"Bottled Flame"},{"floor":27,"key":"Happy Flower"},{"floor":27,"key":"Gremlin Horn"}],"event_choices":[{"damage_healed":0,"gold_gain":0,"player_choice":"Gave Potion","damage_taken":0,"relics_obtained":["Self Forming Clay"],"max_hp_gain":0,"max_hp_loss":0,"event_name":"WeMeetAgain","floor":3,"gold_loss":0},{"damage_healed":0,"gold_gain":0,"player_choice":"Searched \u00271\u0027 times","damage_taken":0,"max_hp_gain":0,"max_hp_loss":0,"event_name":"Dead Adventurer","floor":10,"gold_loss":0},{"damage_healed":0,"gold_gain":0,"player_choice":"Obtained Book","damage_taken":16,"max_hp_gain":0,"max_hp_loss":0,"event_name":"Cursed Tome","floor":19,"gold_loss":0},{"damage_healed":0,"gold_gain":99,"player_choice":"Stole From Cult","damage_taken":0,"max_hp_gain":0,"max_hp_loss":0,"event_name":"Nest","floor":20,"gold_loss":0},{"damage_healed":0,"gold_gain":75,"player_choice":"Touch","damage_taken":8,"max_hp_gain":0,"max_hp_loss":0,"event_name":"FaceTrader","floor":28,"gold_loss":0}],"is_beta":false,"boss_relics":[{"not_picked":["Lizard Tail","Velvet Choker"],"picked":"Black Star"}],"items_purged_floors":[2,12,22,30],"is_endless":false,"potions_floor_spawned":[1,5,8,16,21,27,29],"killed_by":"Automaton","ascension_level":5}