{"gold_per_floor":[114,74,249,249,267,300,310,310,310,322,335,348,364,375,375,476,476,491,508,526,540,540,540,540,554,554,554,239,252,252,269,269,370,370,387,387,405,418,369,385,46,64,91,101,118,128,147,157,157,157],"floor_reached":51,"playtime":6594,"items_purged":[],"score":740,"play_id":"d4302571-54ef-4528-a9c4-fc8515570de6","local_time":"20190808134059","is_ascension_mode":false,"campfire_choices":[{"data":"Well Laid Plans","floor":8.0,"key":"SMITH"},{"data":"Dodge and Roll","floor":15.0,"key":"SMITH"},{"data":"Dodge and Roll","floor":23.0,"key":"SMITH"},{"data":"After Image","floor":27.0,"key":"SMITH"},{"data":"Noxious Fumes","floor":30.0,"key":"SMITH"},{"data":"Deadly Poison","floor":32.0,"key":"SMITH"},{"data":"Blur","floor":49,"key":"SMITH"}],"neow_cost":"NONE","seed_source_timestamp":0,"circlet_count":0,"master_deck":["Strike_G","Strike_G","Strike_G","Strike_G","Defend_G","Defend_G","Defend_G","Defend_G+1","Defend_G","Survivor","Neutralize","Poisoned Stab","Caltrops","Quick Slash","Well Laid Plans+1","Crippling Poison+1","After Image+1","Dodge and Roll+1","Dodge and Roll+1","Adrenaline","Escape Plan","Adrenaline","Caltrops","Flying Knee","Dodge and Roll+1","Poisoned Stab","Flying Knee","Catalyst","Deadly Poison+1","Noxious Fumes+1","Blur+1","Dodge and Roll+1","Corpse Explosion","Dodge and Roll+1","Defend_G","Bane","Burst","Acrobatics","Deadly Poison","Acrobatics","Footwork+1","Quick Slash","Flying Knee+1","Bane","Slice+1","Flying Knee"],"special_seed":0,"relics":["Ring of the Snake","NeowsBlessing","Torii","Ice Cream","Eternal Feather","Juzu Bracelet","War Paint","Sozu","Incense Burner","Snake Skull"],"potions_floor_usage":[47,50],"damage_taken":[{"damage":0.0,"enemies":"Jaw Worm","floor":1.0,"turns":1.0},{"damage":0.0,"enemies":"2 Louse","floor":5.0,"turns":1.0},{"damage":0.0,"enemies":"3 Sentries","floor":6.0,"turns":2.0},{"damage":1.0,"enemies":"Small Slimes","floor":7.0,"turns":3.0},{"damage":1.0,"enemies":"2 Fungi Beasts","floor":10.0,"turns":3.0},{"damage":1.0,"enemies":"Exordium Thugs","floor":11.0,"turns":6.0},{"damage":2.0,"enemies":"Exordium Wildlife","floor":12.0,"turns":5.0},{"damage":0.0,"enemies":"2 Fungi Beasts","floor":13.0,"turns":5.0},{"damage":0.0,"enemies":"3 Louse","floor":14.0,"turns":4.0},{"damage":31.0,"enemies":"Slime Boss","floor":16.0,"turns":21.0},{"damage":0.0,"enemies":"3 Byrds","floor":18.0,"turns":5.0},{"damage":2.0,"enemies":"Chosen","floor":19.0,"turns":6.0},{"damage":11.0,"enemies":"Centurion and Healer","floor":20.0,"turns":15.0},{"damage":2.0,"enemies":"Snake Plant","floor":21.0,"turns":6.0},{"damage":17.0,"enemies":"Sentry and Sphere","floor":25.0,"turns":9.0},{"damage":2.0,"enemies":"Chosen and Byrds","floor":29.0,"turns":6.0},{"damage":0.0,"enemies":"Snake Plant","floor":31.0,"turns":5.0},{"damage":51.0,"enemies":"Collector","floor":33.0,"turns":9.0},{"damage":1.0,"enemies":"3 Shapes","floor":35.0,"turns":2.0},{"damage":0.0,"enemies":"3 Darklings","floor":37.0,"turns":3.0},{"damage":6.0,"enemies":"Maw","floor":38.0,"turns":7.0},{"damage":7.0,"enemies":"Sphere and 2 Shapes","floor":40.0,"turns":8.0},{"damage":2.0,"enemies":"Spire Growth","floor":42.0,"turns":5.0},{"damage":1,"enemies":"3 Darklings","floor":44,"turns":3},{"damage":7,"enemies":"4 Shapes","floor":45,"turns":4},{"damage":0,"enemies":"Transient","floor":46,"turns":5},{"damage":9,"enemies":"Sphere and 2 Shapes","floor":47,"turns":6},{"damage":0,"enemies":"Maw","floor":48,"turns":7},{"damage":37,"enemies":"Time Eater","floor":50,"turns":12}],"seed_played":"-157408361036691662","potions_obtained":[{"floor":1.0,"key":"EssenceOfSteel"},{"floor":7.0,"key":"Energy Potion"},{"floor":10.0,"key":"EssenceOfSteel"},{"floor":11.0,"key":"Block Potion"},{"floor":16.0,"key":"Ancient Potion"},{"floor":25.0,"key":"Fruit Juice"},{"floor":29.0,"key":"Fire Potion"},{"floor":31.0,"key":"AttackPotion"},{"floor":33.0,"key":"GhostInAJar"}],"is_trial":false,"path_per_floor":["M","$","?","?","M","E","M","R","T","M","M","M","M","M","R","B",null,"M","M","M","M","?","R","?","M","T","R","$","M","R","M","R","B",null,"M","?","M","M","$","M","$","M","T","M","M","M","M","M","R","B",null],"character_chosen":"THE_SILENT","items_purchased":["Caltrops","Catalyst","Deadly Poison","Noxious Fumes","War Paint","Acrobatics","Incense Burner","Acrobatics"],"campfire_rested":0,"item_purchase_floors":[2,28,28,28,28,39,41,41],"current_hp_per_floor":[70,70,70,56,56,56,55,55,55,54,53,51,51,51,51,20,70,70,68,57,55,55,70,70,58,58,73,73,71,75,75,75,24,75,74,74,74,68,68,61,61,59,59,58,51,51,42,42,69,32],"gold":157,"neow_bonus":"THREE_ENEMY_KILL","is_prod":false,"is_daily":false,"chose_seed":false,"campfire_upgraded":7,"win_rate":0.0,"timestamp":1565289659,"path_taken":["M","$","?","?","M","E","M","R","T","M","M","M","M","M","R","BOSS","M","M","M","M","?","R","?","M","T","R","$","M","R","M","R","BOSS","M","?","M","M","?","M","$","M","T","M","M","M","M","M","R","BOSS"],"build_version":"2019-07-17","purchased_purges":0,"victory":true,"max_hp_per_floor":[70,70,70,70,70,70,70,70,70,70,70,70,70,70,70,70,70,70,70,70,70,70,70,70,75,75,75,75,75,75,75,75,75,75,75,75,75,75,75,75,75,75,75,75,75,75,75,75,75,75],"card_choices":[{"not_picked":["Endless Agony","Dagger Throw"],"picked":"Poisoned Stab","floor":1.0},{"not_picked":["Choke","Backstab"],"picked":"Quick Slash","floor":5.0},{"not_picked":["Riddle With Holes","Slice"],"picked":"Well Laid Plans","floor":6.0},{"not_picked":["Deflect","Outmaneuver"],"picked":"Crippling Poison","floor":7.0},{"not_picked":["Caltrops","Underhanded Strike"],"picked":"After Image","floor":10.0},{"not_picked":["Sucker Punch","Quick Slash"],"picked":"Dodge and Roll","floor":11.0},{"not_picked":["Distraction","Dagger Spray"],"picked":"Dodge and Roll","floor":12.0},{"not_picked":["Escape Plan","Blade Dance"],"picked":"Adrenaline","floor":13.0},{"not_picked":["Bouncing Flask","Dagger Throw"],"picked":"Escape Plan","floor":14.0},{"not_picked":["Venomology","Die Die Die"],"picked":"Adrenaline","floor":16.0},{"not_picked":["Outmaneuver","Slice"],"picked":"Caltrops","floor":18.0},{"not_picked":["Endless Agony","Slice"],"picked":"Flying Knee","floor":19.0},{"not_picked":["Flying Knee","Night Terror"],"picked":"Dodge and Roll","floor":20.0},{"not_picked":["Sucker Punch","Flying Knee+1"],"picked":"Poisoned Stab","floor":21.0},{"not_picked":["Dagger Spray","Endless Agony"],"picked":"Flying Knee","floor":25.0},{"not_picked":["Underhanded Strike","Finisher"],"picked":"Blur","floor":29.0},{"not_picked":["Blade Dance","Underhanded Strike"],"picked":"Dodge and Roll+1","floor":31.0},{"not_picked":["Bullet Time","Envenom"],"picked":"Corpse Explosion","floor":33.0},{"not_picked":["Prepared+1","Dagger Spray+1"],"picked":"Dodge and Roll+1","floor":35.0},{"not_picked":["Masterful Stab","Infinite Blades+1"],"picked":"Bane","floor":37.0},{"not_picked":["Acrobatics","Deflect+1"],"picked":"Burst","floor":38.0},{"not_picked":["Outmaneuver","Slice+1"],"picked":"Deadly Poison","floor":40.0},{"not_picked":["Skewer+1","Infinite Blades"],"picked":"Footwork+1","floor":42.0},{"not_picked":["Dagger Spray","Slice"],"picked":"Quick Slash","floor":44},{"not_picked":["Tactician+1","Blade Dance"],"picked":"Flying Knee+1","floor":45},{"not_picked":["Finisher","Outmaneuver+1"],"picked":"Bane","floor":46},{"not_picked":["Dagger Spray","Blade Dance"],"picked":"Slice+1","floor":47},{"not_picked":["Phantasmal Killer","Flechettes"],"picked":"Flying Knee","floor":48}],"player_experience":55650,"relics_obtained":[{"floor":6.0,"key":"Torii"},{"floor":9.0,"key":"Ice Cream"},{"floor":26.0,"key":"Juzu Bracelet"},{"floor":43.0,"key":"Snake Skull"}],"event_choices":[{"damage_healed":0.0,"max_hp_gain":0.0,"max_hp_loss":0.0,"gold_gain":175.0,"event_name":"Liars Game","player_choice":"AGREE","floor":3.0,"gold_loss":0.0,"damage_taken":0.0,"cards_obtained":["Doubt"]},{"damage_healed":0.0,"max_hp_gain":0.0,"max_hp_loss":0.0,"gold_gain":0.0,"event_name":"Shining Light","player_choice":"Entered Light","floor":4.0,"gold_loss":0.0,"damage_taken":14.0,"cards_upgraded":["Strike_G","Defend_G"]},{"cards_removed":["Doubt"],"damage_healed":0.0,"max_hp_gain":0.0,"max_hp_loss":0.0,"gold_gain":0.0,"event_name":"Back to Basics","player_choice":"Elegance","floor":22.0,"gold_loss":0.0,"damage_taken":0.0},{"damage_healed":0.0,"max_hp_gain":0.0,"max_hp_loss":0.0,"gold_gain":0.0,"event_name":"Ghosts","player_choice":"Ignored","floor":24.0,"gold_loss":0.0,"damage_taken":0.0},{"cards_removed":["Strike_G"],"damage_healed":0.0,"max_hp_gain":0.0,"max_hp_loss":0.0,"gold_gain":0.0,"event_name":"NoteForYourself","player_choice":"Took Card","floor":36.0,"gold_loss":0.0,"damage_taken":0.0,"cards_obtained":["Defend_G"]}],"is_beta":false,"boss_relics":[{"not_picked":["Velvet Choker","Runic Pyramid"],"picked":"Eternal Feather"},{"not_picked":["WristBlade","Fusion Hammer"],"picked":"Sozu"}],"items_purged_floors":[],"is_endless":false,"potions_floor_spawned":[1,7,10,11,16,25,29,31,33,37,42,44,47],"ascension_level":0}