{"gold_per_floor":[110,185,135,135,153,183,202,166,192,192,45,45,45,62,62,164,164,179,78,78,98,110,137,137,164,164,177,187,187,219,11,11,116,116,135,155,172,189,139,139,165,184,261,211,230,243,269,287,287,287],"floor_reached":51,"playtime":10730,"items_purged":["Flex","Strike_R","Strike_R"],"score":1137,"play_id":"6f3cb6d8-6b8b-4008-9b50-5cfaccda05aa","local_time":"20190314204019","is_ascension_mode":true,"campfire_choices":[{"data":"Heavy Blade","floor":10,"key":"SMITH"},{"data":"Limit Break","floor":13,"key":"SMITH"},{"floor":15,"key":"REST"},{"floor":24,"key":"REST"},{"data":"Armaments","floor":29,"key":"SMITH"},{"floor":32,"key":"RECALL"},{"data":"Whirlwind","floor":40,"key":"SMITH"},{"data":"Double Tap","floor":49,"key":"SMITH"}],"neow_cost":"NONE","seed_source_timestamp":68396412510384,"circlet_count":0,"master_deck":["Strike_R","Defend_R","Defend_R","Defend_R","Defend_R","Bash+1","Heavy Blade+1","Flame Barrier","Inflame","Inflame","Limit Break+1","Rage","Whirlwind+1","Reaper","Sword Boomerang+1","Armaments+1","Ghostly","Ghostly","Ghostly","Ghostly","Ghostly","Thunderclap+1","Limit Break","Shockwave+1","Double Tap+1","Dual Wield+1","Flame Barrier+1","Evolve+1","Metallicize","Barricade"],"relics":["Lizard Tail","Magic Flower","Bag of Marbles","Happy Flower","Velvet Choker","Potion Belt","PreservedInsect","Singing Bowl","Smiling Mask","Strange Spoon","Coffee Dripper","FossilizedHelix","Kunai","Whetstone"],"potions_floor_usage":[6,16,22,23,25,41,41,48],"damage_taken":[{"damage":7,"enemies":"2 Louse","floor":1,"turns":3},{"damage":14,"enemies":"Jaw Worm","floor":5,"turns":6},{"damage":53,"enemies":"3 Sentries","floor":6,"turns":14},{"damage":4,"enemies":"Small Slimes","floor":7,"turns":4},{"damage":0,"enemies":"3 Louse","floor":14,"turns":3},{"damage":42,"enemies":"The Guardian","floor":16,"turns":8},{"damage":32,"enemies":"2 Thieves","floor":18,"turns":4},{"damage":0,"enemies":"Spheric Guardian","floor":21,"turns":7},{"damage":18,"enemies":"Snake Plant","floor":22,"turns":7},{"damage":43,"enemies":"Book of Stabbing","floor":23,"turns":8},{"damage":0,"enemies":"Slavers","floor":25,"turns":4},{"damage":1,"enemies":"Centurion and Healer","floor":27,"turns":6},{"damage":2,"enemies":"Cultist and Chosen","floor":28,"turns":5},{"damage":7,"enemies":"Gremlin Leader","floor":30,"turns":6},{"damage":5,"enemies":"Collector","floor":33,"turns":7},{"damage":23,"enemies":"3 Darklings","floor":35,"turns":3},{"damage":6,"enemies":"Orb Walker","floor":36,"turns":5},{"damage":1,"enemies":"Sphere and 2 Shapes","floor":37,"turns":4},{"damage":0,"enemies":"Spire Growth","floor":38,"turns":4},{"damage":1,"enemies":"Nemesis","floor":41,"turns":7},{"damage":0,"enemies":"Maw","floor":42,"turns":6},{"damage":32,"enemies":"4 Shapes","floor":45,"turns":1},{"damage":0,"enemies":"Sphere and 2 Shapes","floor":46,"turns":7},{"damage":0,"enemies":"Reptomancer","floor":47,"turns":5},{"damage":0,"enemies":"3 Darklings","floor":48,"turns":6},{"damage":15,"enemies":"Donu and Deca","floor":50,"turns":7}],"seed_played":"-18701331422736739","potions_obtained":[{"floor":1,"key":"Swift Potion"},{"floor":7,"key":"Swift Potion"},{"floor":14,"key":"EssenceOfSteel"},{"floor":16,"key":"GamblersBrew"},{"floor":21,"key":"Fire Potion"},{"floor":23,"key":"SteroidPotion"},{"floor":25,"key":"SkillPotion"},{"floor":33,"key":"Block Potion"},{"floor":35,"key":"Strength Potion"},{"floor":37,"key":"Energy Potion"},{"floor":38,"key":"GamblersBrew"},{"floor":46,"key":"FearPotion"},{"floor":47,"key":"Explosive Potion"},{"floor":48,"key":"SteroidPotion"}],"is_trial":false,"path_per_floor":["M","?","?","T","M","E","M","$","T","R","$","?","R","M","R","B",null,"M","$","?","M","M","E","R","E","T","M","M","R","E","$","R","B",null,"M","M","M","M","$","R","E","M","T","$","M","M","E","M","R","B",null],"character_chosen":"IRONCLAD","items_purchased":["Inflame","Limit Break","Rage","Armaments","Strange Spoon"],"campfire_rested":2,"item_purchase_floors":[8,11,11,19,31],"current_hp_per_floor":[65,54,54,54,40,50,46,46,46,46,46,39,39,39,63,21,65,48,48,40,40,33,11,23,34,34,39,39,39,44,44,44,39,43,43,38,45,45,45,45,46,48,48,48,18,52,52,54,54,54],"gold":287,"neow_bonus":"BOSS_RELIC","is_prod":false,"is_daily":false,"chose_seed":false,"campfire_upgraded":5,"win_rate":0,"timestamp":1552617619,"path_taken":["M","?","?","?","?","E","M","$","T","R","$","?","R","M","R","BOSS","M","$","?","M","M","E","R","E","T","M","M","R","E","$","R","BOSS","M","M","M","M","$","R","E","M","T","$","M","M","E","M","R","BOSS"],"build_version":"2019-01-23","purchased_purges":3,"victory":true,"max_hp_per_floor":[80,80,80,80,80,80,80,80,80,80,80,80,80,80,80,80,80,80,80,40,40,40,40,40,40,40,40,42,42,44,44,44,44,44,44,44,46,46,46,46,48,48,48,48,50,52,52,54,54,54],"card_choices":[{"not_picked":["Power Through","Warcry"],"picked":"Heavy Blade","floor":1},{"not_picked":["Anger","Thunderclap"],"picked":"Flame Barrier","floor":5},{"not_picked":["Impervious","Clash"],"picked":"Flex","floor":6},{"not_picked":["Pommel Strike","Cleave"],"picked":"Inflame","floor":7},{"not_picked":["Reckless Charge","Perfected Strike"],"picked":"Whirlwind","floor":14},{"not_picked":["Limit Break","Feed"],"picked":"Reaper","floor":16},{"not_picked":["Perfected Strike","Clash"],"picked":"Sword Boomerang+1","floor":18},{"not_picked":["Body Slam","Searing Blow","Sword Boomerang"],"picked":"SKIP","floor":21},{"not_picked":["Iron Wave","Hemokinesis","Spot Weakness+1"],"picked":"SKIP","floor":22},{"not_picked":["Combust","Wild Strike+1"],"picked":"Thunderclap","floor":23},{"not_picked":["Fire Breathing","Battle Trance"],"picked":"Limit Break","floor":25},{"not_picked":["Headbutt","Warcry+1"],"picked":"Shockwave+1","floor":27},{"not_picked":["Sword Boomerang","Perfected Strike+1","Cleave"],"picked":"Singing Bowl","floor":28},{"not_picked":["Iron Wave","Reckless Charge","Evolve"],"picked":"Singing Bowl","floor":30},{"not_picked":["Limit Break","Barricade"],"picked":"Double Tap","floor":33},{"not_picked":["Havoc+1","Armaments+1"],"picked":"Dual Wield+1","floor":35},{"not_picked":["Reckless Charge+1","Twin Strike+1"],"picked":"Flame Barrier+1","floor":36},{"not_picked":["Bloodletting","Rupture+1","Wild Strike+1"],"picked":"Singing Bowl","floor":37},{"not_picked":["Body Slam","Sword Boomerang+1"],"picked":"Evolve+1","floor":38},{"not_picked":["Headbutt+1","Clash","Flame Barrier+1"],"picked":"Singing Bowl","floor":41},{"not_picked":["Shockwave+1","Anger+1"],"picked":"Metallicize","floor":42},{"not_picked":["Power Through+1","Cleave","Havoc+1"],"picked":"Singing Bowl","floor":45},{"not_picked":["Bloodletting","Rampage","Pommel Strike+1"],"picked":"Singing Bowl","floor":46},{"not_picked":["Flex","Perfected Strike"],"picked":"Barricade","floor":47},{"not_picked":["Shockwave","Flex","Cleave"],"picked":"Singing Bowl","floor":48}],"player_experience":482184,"relics_obtained":[{"floor":4,"key":"Magic Flower"},{"floor":6,"key":"Bag of Marbles"},{"floor":9,"key":"Happy Flower"},{"floor":23,"key":"Potion Belt"},{"floor":25,"key":"PreservedInsect"},{"floor":26,"key":"Singing Bowl"},{"floor":30,"key":"Smiling Mask"},{"floor":41,"key":"FossilizedHelix"},{"floor":43,"key":"Kunai"},{"floor":47,"key":"Whetstone"}],"event_choices":[{"damage_healed":0,"gold_gain":75,"player_choice":"Gather Gold","damage_taken":11,"max_hp_gain":0,"max_hp_loss":0,"event_name":"World of Goop","floor":2,"gold_loss":0},{"cards_removed":["Strike_R"],"damage_healed":0,"gold_gain":0,"player_choice":"Card Removal","damage_taken":0,"max_hp_gain":0,"max_hp_loss":0,"event_name":"The Cleric","floor":3,"gold_loss":50},{"cards_removed":["Strike_R"],"damage_healed":0,"gold_gain":0,"player_choice":"Card Removal","damage_taken":7,"max_hp_gain":0,"max_hp_loss":0,"event_name":"Golden Wing","floor":12,"gold_loss":0},{"damage_healed":0,"gold_gain":0,"player_choice":"Became a Ghost","damage_taken":0,"max_hp_gain":0,"max_hp_loss":40,"event_name":"Ghosts","floor":20,"gold_loss":0,"cards_obtained":["Ghostly","Ghostly","Ghostly","Ghostly","Ghostly"]}],"is_beta":false,"boss_relics":[{"not_picked":["Black Star","White Beast Statue"],"picked":"Velvet Choker"},{"not_picked":["Eternal Feather","Cursed Key"],"picked":"Coffee Dripper"}],"items_purged_floors":[19,39,44],"is_endless":false,"potions_floor_spawned":[1,7,14,16,21,23,25,33,35,37,38,46,47,48],"ascension_level":8}