{"gold_per_floor":[112,124,124,124,134,134,23,23,23,51,61,79,112,128,128,230,230,241,340,356,356,373,373,404,414,414,424,94,94,56,72,72,172,172,184,184,195,29,29,58,58,68,144,154,154,184,196,221,233,245],"floor_reached":51,"playtime":5549,"items_purged":["Strike_G","Strike_G","Strike_G"],"score":723,"play_id":"26271d04-5450-40ed-b2e5-721fcaf05d3e","local_time":"20190813011224","is_ascension_mode":true,"campfire_choices":[{"floor":6.0,"key":"RECALL"},{"data":"Riddle With Holes","floor":8.0,"key":"SMITH"},{"data":"Leg Sweep","floor":15.0,"key":"SMITH"},{"data":"Noxious Fumes","floor":23.0,"key":"SMITH"},{"floor":29.0,"key":"REST"},{"floor":32.0,"key":"REST"},{"data":"Night Terror","floor":41,"key":"SMITH"},{"data":"Footwork","floor":45,"key":"SMITH"},{"data":"Leg Sweep","floor":47,"key":"SMITH"},{"data":"Deadly Poison","floor":49,"key":"SMITH"}],"neow_cost":"NONE","seed_source_timestamp":146390771324048,"circlet_count":0,"master_deck":["Defend_G","Defend_G","Defend_G","Defend_G","Survivor","Neutralize","Dramatic Entrance","Dodge and Roll+1","Riddle With Holes+1","Leg Sweep+1","Quick Slash","Noxious Fumes+1","Deadly Poison+1","Night Terror+1","Leg Sweep+1","Backflip","Footwork+1","Dash+1","Backflip","Parasite"],"special_seed":0,"relics":["Ring of the Snake","Torii","Pen Nib","HoveringKite","Darkstone Periapt","Calipers","Membership Card","Snake Skull","Empty Cage","Ninja Scroll","Toy Ornithopter","Regal Pillow","Mummified Hand","MawBank"],"potions_floor_usage":[40,48,50,50],"damage_taken":[{"damage":0.0,"enemies":"2 Louse","floor":1.0,"turns":2.0},{"damage":0.0,"enemies":"Cultist","floor":2.0,"turns":4.0},{"damage":0.0,"enemies":"Jaw Worm","floor":5.0,"turns":6.0},{"damage":25.0,"enemies":"Lagavulin","floor":10.0,"turns":10.0},{"damage":1.0,"enemies":"2 Fungi Beasts","floor":11.0,"turns":3.0},{"damage":0.0,"enemies":"Exordium Wildlife","floor":12.0,"turns":4.0},{"damage":9.0,"enemies":"Gremlin Nob","floor":13.0,"turns":5.0},{"damage":0.0,"enemies":"Looter","floor":14.0,"turns":3.0},{"damage":3.0,"enemies":"The Guardian","floor":16.0,"turns":12.0},{"damage":4.0,"enemies":"Shell Parasite","floor":18.0,"turns":8.0},{"damage":5.0,"enemies":"3 Byrds","floor":20.0,"turns":5.0},{"damage":6.0,"enemies":"Snake Plant","floor":22.0,"turns":7.0},{"damage":34.0,"enemies":"Slavers","floor":24.0,"turns":7.0},{"damage":8.0,"enemies":"Snecko","floor":25.0,"turns":3.0},{"damage":9.0,"enemies":"Shelled Parasite and Fungi","floor":27.0,"turns":9.0},{"damage":13.0,"enemies":"Chosen and Byrds","floor":31.0,"turns":6.0},{"damage":17.0,"enemies":"Automaton","floor":33.0,"turns":11.0},{"damage":2.0,"enemies":"Orb Walker","floor":35.0,"turns":8.0},{"damage":0,"enemies":"3 Shapes","floor":37,"turns":4},{"damage":17,"enemies":"Giant Head","floor":40,"turns":15},{"damage":0,"enemies":"Sphere and 2 Shapes","floor":42,"turns":6},{"damage":1,"enemies":"Writhing Mass","floor":44,"turns":6},{"damage":9,"enemies":"Nemesis","floor":46,"turns":11},{"damage":0,"enemies":"3 Darklings","floor":48,"turns":5},{"damage":64,"enemies":"Time Eater","floor":50,"turns":20}],"seed_played":"-5450794038530058860","potions_obtained":[{"floor":1.0,"key":"Poison Potion"},{"floor":5.0,"key":"Energy Potion"},{"floor":10.0,"key":"Fire Potion"},{"floor":11.0,"key":"Weak Potion"},{"floor":14.0,"key":"AttackPotion"},{"floor":18.0,"key":"Dexterity Potion"},{"floor":24.0,"key":"GamblersBrew"},{"floor":27.0,"key":"Dexterity Potion"},{"floor":33.0,"key":"GamblersBrew"},{"floor":35.0,"key":"AttackPotion"},{"floor":37,"key":"SpeedPotion"},{"floor":42,"key":"SteroidPotion"},{"floor":44,"key":"AttackPotion"}],"is_trial":false,"path_per_floor":["M","M","?","$","M","R","$","R","T","E","M","M","E","M","R","B",null,"M","?","M","?","M","R","E","M","T","M","$","R","$","M","R","B",null,"M","?","M","$","?","E","R","M","T","M","R","E","R","M","R","B",null],"character_chosen":"THE_SILENT","items_purchased":["Leg Sweep","Membership Card","Snake Skull","Footwork","Toy Ornithopter"],"campfire_rested":2,"item_purchase_floors":[7,28,28,30,38],"current_hp_per_floor":[70,70,70,70,70,70,70,70,70,45,44,44,35,35,35,32,70,66,66,61,61,55,55,21,13,13,4,4,25,25,12,33,16,70,68,68,68,68,68,56,56,56,56,61,61,52,52,57,57,3],"gold":257,"neow_bonus":"RANDOM_COLORLESS","is_prod":false,"is_daily":false,"chose_seed":false,"campfire_upgraded":7,"win_rate":0,"timestamp":1565676744,"path_taken":["M","M","?","?","M","R","$","R","T","E","M","M","E","M","R","BOSS","M","?","M","?","M","R","E","M","T","M","$","R","?","M","R","BOSS","M","?","?","$","?","E","R","M","T","?","R","E","R","M","R","BOSS"],"build_version":"2019-07-17","purchased_purges":3,"victory":true,"max_hp_per_floor":[70,70,70,70,70,70,70,70,70,70,70,70,70,70,70,70,70,70,70,70,70,70,70,70,70,70,70,70,70,70,70,70,70,70,70,70,70,70,70,70,70,70,70,76,76,76,76,76,76,76],"card_choices":[{"not_picked":["Outmaneuver","PiercingWail"],"picked":"Dodge and Roll","floor":1.0},{"not_picked":["Distraction","Reflex","Sucker Punch"],"picked":"SKIP","floor":2.0},{"not_picked":["Reflex","Terror"],"picked":"Riddle With Holes","floor":5.0},{"not_picked":["Deadly Poison","PiercingWail","Terror"],"picked":"SKIP","floor":10.0},{"not_picked":["Flying Knee","Slice"],"picked":"Quick Slash","floor":11.0},{"not_picked":["Flechettes","Outmaneuver"],"picked":"Noxious Fumes","floor":12.0},{"not_picked":["Sucker Punch","Deflect"],"picked":"Deadly Poison","floor":13.0},{"not_picked":["Prepared","Catalyst","Deadly Poison"],"picked":"SKIP","floor":14.0},{"not_picked":["Unload","Venomology"],"picked":"Night Terror","floor":16.0},{"not_picked":["Predator","Choke"],"picked":"Leg Sweep","floor":18.0},{"not_picked":["Eviscerate","Blade Dance+1","Infinite Blades"],"picked":"SKIP","floor":20.0},{"not_picked":["Prepared","Acrobatics","Dagger Throw"],"picked":"SKIP","floor":22.0},{"not_picked":["Flying Knee","Backstab"],"picked":"Backflip","floor":24.0},{"not_picked":["Escape Plan","Bullet Time","Prepared"],"picked":"SKIP","floor":25.0},{"not_picked":["Blade Dance+1","Dagger Spray","Underhanded Strike"],"picked":"SKIP","floor":27.0},{"not_picked":["Distraction+1","Dagger Spray","Terror"],"picked":"SKIP","floor":31.0},{"not_picked":["Backstab+1","Sucker Punch"],"picked":"Dash+1","floor":35.0},{"not_picked":["Leg Sweep","Slice","Backstab+1"],"picked":"SKIP","floor":37},{"not_picked":["Dodge and Roll+1","Deflect"],"picked":"Backflip","floor":40},{"not_picked":["Deflect","Slice","Choke+1"],"picked":"SKIP","floor":42},{"not_picked":["Finisher","Deflect+1","Prepared+1"],"picked":"SKIP","floor":44},{"not_picked":["Quick Slash","Poisoned Stab+1","Outmaneuver"],"picked":"SKIP","floor":46},{"not_picked":["Deflect+1","Outmaneuver","Eviscerate"],"picked":"SKIP","floor":48}],"player_experience":89296,"relics_obtained":[{"floor":10.0,"key":"Torii"},{"floor":13.0,"key":"Pen Nib"},{"floor":24.0,"key":"Darkstone Periapt"},{"floor":26.0,"key":"Calipers"},{"floor":40,"key":"Regal Pillow"},{"floor":43,"key":"Mummified Hand"},{"floor":46,"key":"MawBank"}],"event_choices":[{"damage_healed":0.0,"max_hp_gain":0.0,"max_hp_loss":0.0,"gold_gain":0.0,"event_name":"Accursed Blacksmith","player_choice":"Forge","floor":3.0,"gold_loss":0.0,"damage_taken":0.0,"cards_upgraded":["Dodge and Roll"]},{"damage_healed":0.0,"max_hp_gain":0.0,"max_hp_loss":0.0,"gold_gain":99.0,"event_name":"Nest","player_choice":"Stole From Cult","floor":19.0,"gold_loss":0.0,"damage_taken":0.0},{"damage_healed":0.0,"max_hp_gain":0.0,"max_hp_loss":0.0,"gold_gain":0.0,"event_name":"Cursed Tome","player_choice":"Ignored","floor":21.0,"gold_loss":0.0,"damage_taken":0.0},{"damage_healed":0.0,"max_hp_gain":0.0,"max_hp_loss":0.0,"gold_gain":0.0,"event_name":"WeMeetAgain","player_choice":"Gave Potion","floor":36.0,"gold_loss":0.0,"damage_taken":0.0,"relics_obtained":["Ninja Scroll"]},{"cards_removed":["Strike_G"],"damage_healed":0,"gold_gain":0,"player_choice":"Offered Basic","damage_taken":0,"max_hp_gain":0,"max_hp_loss":0,"event_name":"Bonfire Elementals","floor":39,"gold_loss":0}],"is_beta":false,"boss_relics":[{"not_picked":["Sozu","Philosopher\u0027s Stone"],"picked":"HoveringKite"},{"not_picked":["Coffee Dripper","Calling Bell"],"picked":"Empty Cage"}],"items_purged_floors":[7,28,38],"is_endless":false,"potions_floor_spawned":[1,5,10,11,14,18,24,27,33,35,37,42,44],"ascension_level":1}