{"gold_per_floor":[111,122,147,164,89,116,146,178,204,220,220,24,24,56,56,56],"floor_reached":16,"playtime":751,"items_purged":["Strike_R"],"score":118,"play_id":"dc40d9de-691f-4937-b71e-6fb059fb88b8","local_time":"20181231001650","is_ascension_mode":false,"campfire_choices":[{"data":"Demon Form","floor":11,"key":"SMITH"},{"data":"Bash","floor":15,"key":"SMITH"}],"neow_cost":"NONE","seed_source_timestamp":53020418030267,"circlet_count":0,"master_deck":["Strike_R+1","Strike_R","Strike_R","Strike_R+1","Defend_R","Defend_R","Defend_R","Defend_R","Bash+1","Flex","Demon Form+1"],"relics":["Burning Blood","Whetstone","PreservedInsect","Frozen Egg 2","Medical Kit","Ornamental Fan"],"potions_floor_usage":[6,14,16],"damage_taken":[{"damage":1,"enemies":"Cultist","floor":1,"turns":4},{"damage":0,"enemies":"Small Slimes","floor":2,"turns":3},{"damage":6,"enemies":"Jaw Worm","floor":4,"turns":2},{"damage":19,"enemies":"Lagavulin","floor":6,"turns":6},{"damage":22,"enemies":"3 Sentries","floor":8,"turns":6},{"damage":16,"enemies":"Large Slime","floor":10,"turns":7},{"damage":21,"enemies":"Lagavulin","floor":14,"turns":6},{"damage":35,"enemies":"The Guardian","floor":16,"turns":12}],"seed_played":"5899747517340739352","potions_obtained":[{"floor":4,"key":"Block Potion"},{"floor":8,"key":"Weak Potion"},{"floor":14,"key":"Dexterity Potion"}],"is_trial":false,"path_per_floor":["M","M","T","M","$","E","?","E","T","M","R","$","$","E","R","B"],"character_chosen":"IRONCLAD","items_purchased":["Medical Kit"],"campfire_rested":0,"item_purchase_floors":[12],"current_hp_per_floor":[88,88,88,88,88,75,75,59,59,49,49,49,49,34,34,0],"gold":56,"neow_bonus":"TEN_PERCENT_HP_BONUS","is_prod":false,"is_daily":false,"chose_seed":false,"campfire_upgraded":2,"win_rate":0,"timestamp":1546240610,"path_taken":["M","M","?","M","$","E","?","E","T","M","R","?","$","E","R","BOSS"],"build_version":"2018-12-20","purchased_purges":1,"victory":false,"max_hp_per_floor":[88,88,88,88,88,88,88,88,88,88,88,88,88,88,88,88],"card_choices":[{"not_picked":["Pommel Strike","Armaments"],"picked":"Flex","floor":1},{"not_picked":["Sword Boomerang","Wild Strike","Anger"],"picked":"SKIP","floor":2},{"not_picked":["Pommel Strike","Havoc","Wild Strike"],"picked":"SKIP","floor":4},{"not_picked":["Iron Wave","Clash"],"picked":"Demon Form","floor":6},{"not_picked":["Sentinel","Battle Trance","Juggernaut"],"picked":"SKIP","floor":8},{"not_picked":["Clothesline","Clash","Cleave"],"picked":"SKIP","floor":10},{"not_picked":["Clothesline","Clash","Cleave"],"picked":"SKIP","floor":10},{"not_picked":["Disarm","Intimidate","Shockwave"],"picked":"SKIP","floor":14}],"player_experience":220250,"relics_obtained":[{"floor":3,"key":"Whetstone"},{"floor":6,"key":"PreservedInsect"},{"floor":8,"key":"Frozen Egg 2"},{"floor":14,"key":"Ornamental Fan"}],"event_choices":[{"damage_healed":0,"gold_gain":30,"player_choice":"Searched \u00272\u0027 times","damage_taken":0,"max_hp_gain":0,"max_hp_loss":0,"event_name":"Dead Adventurer","floor":7,"gold_loss":0}],"is_beta":false,"boss_relics":[],"items_purged_floors":[5],"is_endless":false,"potions_floor_spawned":[4,8,14],"killed_by":"The Guardian","ascension_level":0}