{"gold_per_floor":[219,219,238,248,218,247,9,56,83,149,224,224],"floor_reached":12,"playtime":838,"items_purged":["Strike_R"],"score":118,"play_id":"bb9ff540-d037-4e17-95c5-e944f5e75363","local_time":"20190105211948","is_ascension_mode":true,"campfire_choices":[],"neow_cost":"NONE","seed_source_timestamp":92100979148129,"circlet_count":0,"master_deck":["Strike_R","Strike_R","Strike_R","Strike_R","Defend_R","Defend_R","Defend_R","Defend_R","Bash","Dropkick","HandOfGreed","Second Wind","True Grit"],"relics":["Burning Blood","Regal Pillow","Strawberry","Dream Catcher"],"potions_floor_usage":[6,8,10,10,12,12],"damage_taken":[{"damage":0,"enemies":"Small Slimes","floor":1,"turns":3},{"damage":6,"enemies":"2 Louse","floor":3,"turns":3},{"damage":1,"enemies":"Cultist","floor":4,"turns":3},{"damage":45,"enemies":"3 Sentries","floor":6,"turns":12},{"damage":16,"enemies":"Gremlin Nob","floor":8,"turns":3},{"damage":35,"enemies":"3 Sentries","floor":10,"turns":8},{"damage":2,"enemies":"3 Louse","floor":11,"turns":6},{"damage":15,"enemies":"Lagavulin","floor":12,"turns":4}],"seed_played":"8567174574271721007","potions_obtained":[{"floor":3,"key":"SkillPotion"},{"floor":5,"key":"Poison Potion"},{"floor":5,"key":"AttackPotion"},{"floor":6,"key":"AttackPotion"},{"floor":8,"key":"LiquidBronze"},{"floor":11,"key":"Energy Potion"}],"is_trial":false,"path_per_floor":["M","?","M","M","?","E","$","E","T","E","M","E"],"character_chosen":"IRONCLAD","items_purchased":["HandOfGreed"],"campfire_rested":0,"item_purchase_floors":[7],"current_hp_per_floor":[80,80,80,80,80,41,41,38,38,9,13,0],"gold":224,"neow_bonus":"HUNDRED_GOLD","is_prod":false,"is_daily":false,"chose_seed":false,"campfire_upgraded":0,"win_rate":0,"timestamp":1546748388,"path_taken":["M","?","M","M","?","E","$","E","T","E","?","E"],"build_version":"2019-01-03v4","purchased_purges":1,"victory":false,"max_hp_per_floor":[80,80,80,80,80,80,80,87,87,87,87,87],"card_choices":[{"not_picked":["Iron Wave","Evolve","Clothesline"],"picked":"SKIP","floor":1},{"not_picked":["Perfected Strike","Iron Wave","Havoc"],"picked":"SKIP","floor":3},{"not_picked":["Battle Trance","Clothesline","Wild Strike"],"picked":"SKIP","floor":4},{"not_picked":["Thunderclap","Juggernaut"],"picked":"Dropkick","floor":6},{"not_picked":["Sentinel","Iron Wave"],"picked":"Second Wind","floor":8},{"not_picked":["Havoc","Clash"],"picked":"True Grit","floor":10},{"not_picked":["Disarm","Uppercut","Flame Barrier"],"picked":"SKIP","floor":11}],"player_experience":267292,"relics_obtained":[{"floor":6,"key":"Regal Pillow"},{"floor":8,"key":"Strawberry"},{"floor":10,"key":"Dream Catcher"}],"event_choices":[{"damage_healed":0,"gold_gain":0,"player_choice":"Ignored","damage_taken":0,"max_hp_gain":0,"max_hp_loss":0,"event_name":"Liars Game","floor":2,"gold_loss":0},{"damage_healed":0,"gold_gain":0,"player_choice":"Bought 2 Potions","damage_taken":0,"max_hp_gain":0,"max_hp_loss":0,"event_name":"The Woman in Blue","floor":5,"gold_loss":0}],"is_beta":false,"boss_relics":[],"items_purged_floors":[7],"is_endless":false,"potions_floor_spawned":[3,6,8,11],"killed_by":"Lagavulin","ascension_level":4}