{"gold_per_floor":[18,31,45,58,71,71,71,88,88,88,88,122,151,128,128,229,229,241,258,258,173,173,173,146,157,157,157,170,181,199,219,219,323,323,340,340,340,357,283,283,41,54,54,54,54,54,71,86,86,86],"floor_reached":50,"playtime":4064,"items_purged":[],"score":546,"play_id":"a845f96b-ed69-4251-ae7a-8eedfe191bb5","local_time":"20190804204030","is_ascension_mode":false,"campfire_choices":[{"data":"Flame Barrier","floor":6,"key":"SMITH"},{"data":"Rage","floor":10,"key":"SMITH"},{"data":"Pommel Strike","floor":15,"key":"SMITH"},{"data":"Fiend Fire","floor":23,"key":"SMITH"},{"data":"Perfected Strike","floor":27,"key":"SMITH"},{"data":"Perfected Strike","floor":32,"key":"SMITH"},{"data":"1","floor":40,"key":"LIFT"},{"data":"2","floor":44,"key":"LIFT"},{"data":"3","floor":46,"key":"LIFT"},{"floor":49,"key":"REST"}],"neow_cost":"NO_GOLD","seed_source_timestamp":2076799182385882,"circlet_count":0,"master_deck":["Strike_R+1","Strike_R","Strike_R","Strike_R","Strike_R","Defend_R","Defend_R","Defend_R","Bash","Flame Barrier+1","Pommel Strike+1","Perfected Strike","Perfected Strike+1","Rage+1","Perfected Strike","Pommel Strike+1","Whirlwind","Headbutt","Fiend Fire+1","Pummel","Pommel Strike","Rage+1","Cleave","Perfected Strike+1","Pommel Strike","Spot Weakness","Bloodletting+1","Twin Strike","Demon Form","Heavy Blade+1","Feel No Pain","Impervious","Metallicize","Disarm+1","Cleave+1","Brutality"],"relics":["Burning Blood","Magic Flower","Peace Pipe","Whetstone","Bronze Scales","Odd Mushroom","Philosopher\u0027s Stone","Girya","Bird Faced Urn","Sozu","Brimstone","Paper Frog","Toxic Egg 2"],"potions_floor_usage":[12,16,18,30,33,33],"damage_taken":[{"damage":6,"enemies":"2 Louse","floor":1,"turns":3},{"damage":3,"enemies":"Jaw Worm","floor":2,"turns":5},{"damage":0,"enemies":"Small Slimes","floor":3,"turns":5},{"damage":6,"enemies":"3 Louse","floor":4,"turns":5},{"damage":0,"enemies":"Red Slaver","floor":5,"turns":5},{"damage":0,"enemies":"Looter","floor":8,"turns":3},{"damage":0,"enemies":"3 Sentries","floor":12,"turns":6},{"damage":4,"enemies":"The Mushroom Lair","floor":13,"turns":4},{"damage":40,"enemies":"Hexaghost","floor":16,"turns":8},{"damage":8,"enemies":"3 Byrds","floor":18,"turns":3},{"damage":11,"enemies":"2 Thieves","floor":19,"turns":2},{"damage":12,"enemies":"Shelled Parasite and Fungi","floor":25,"turns":4},{"damage":0,"enemies":"Chosen and Byrds","floor":28,"turns":3},{"damage":3,"enemies":"Snake Plant","floor":29,"turns":2},{"damage":0,"enemies":"Snecko","floor":30,"turns":2},{"damage":7,"enemies":"3 Cultists","floor":31,"turns":3},{"damage":73,"enemies":"Collector","floor":33,"turns":8},{"damage":3,"enemies":"3 Shapes","floor":35,"turns":2},{"damage":3,"enemies":"3 Darklings","floor":38,"turns":3},{"damage":26,"enemies":"4 Shapes","floor":42,"turns":4},{"damage":27,"enemies":"Maw","floor":47,"turns":5},{"damage":16,"enemies":"Writhing Mass","floor":48,"turns":3},{"damage":84,"enemies":"Donu and Deca","floor":50,"turns":4}],"seed_played":"-6216679830438701100","potions_obtained":[{"floor":4,"key":"Fire Potion"},{"floor":12,"key":"GamblersBrew"},{"floor":13,"key":"Ancient Potion"},{"floor":16,"key":"Regen Potion"},{"floor":25,"key":"AttackPotion"},{"floor":28,"key":"GamblersBrew"},{"floor":31,"key":"EssenceOfSteel"}],"is_trial":false,"path_per_floor":["M","M","M","M","M","R","?","M","T","R","T","E","?","$","R","B",null,"M","M","?","?","?","R","$","M","T","R","M","M","M","M","R","B",null,"M","?","?","M","$","R","$","M","T","R","T","R","M","M","R","B"],"character_chosen":"IRONCLAD","items_purchased":["Headbutt","Cleave","Impervious","Metallicize","Brimstone"],"campfire_rested":1,"item_purchase_floors":[14,24,39,41,41],"current_hp_per_floor":[80,80,80,80,80,80,80,80,80,80,80,80,80,80,80,49,80,80,78,78,78,78,78,78,75,75,75,80,80,80,80,80,16,80,80,80,80,80,80,80,80,63,63,63,63,63,51,44,68,0],"gold":86,"neow_bonus":"ONE_RARE_RELIC","is_prod":false,"is_daily":false,"chose_seed":false,"campfire_upgraded":6,"win_rate":0.0,"timestamp":1564969230,"path_taken":["M","M","M","M","M","R","?","M","T","R","?","E","?","?","R","BOSS","M","M","?","?","?","R","$","M","T","R","M","M","M","?","R","BOSS","M","?","?","M","?","R","$","M","T","R","?","R","M","?","R","BOSS"],"build_version":"2019-07-17","purchased_purges":0,"victory":false,"max_hp_per_floor":[80,80,80,80,80,80,80,80,80,80,80,80,80,80,80,80,80,80,80,80,80,80,80,80,80,80,80,80,80,80,80,80,80,80,80,80,80,80,80,80,80,80,80,80,80,80,80,80,80,80],"card_choices":[{"not_picked":["Sword Boomerang","Cleave"],"picked":"Flame Barrier","floor":1},{"not_picked":["Clothesline","Second Wind"],"picked":"Pommel Strike","floor":2},{"not_picked":["Flex","Thunderclap"],"picked":"Perfected Strike","floor":3},{"not_picked":["Cleave","Thunderclap"],"picked":"Perfected Strike","floor":4},{"not_picked":["Body Slam","Hemokinesis"],"picked":"Rage","floor":5},{"not_picked":["Whirlwind","Iron Wave"],"picked":"Perfected Strike","floor":8},{"not_picked":["Sword Boomerang","Clash"],"picked":"Pommel Strike","floor":12},{"not_picked":["Clothesline","Limit Break"],"picked":"Whirlwind","floor":13},{"not_picked":["Demon Form","Juggernaut"],"picked":"Fiend Fire","floor":16},{"not_picked":["Spot Weakness","Iron Wave"],"picked":"Pummel","floor":18},{"not_picked":["Spot Weakness","Battle Trance"],"picked":"Pommel Strike","floor":19},{"not_picked":["Bloodletting+1","Offering"],"picked":"Perfected Strike","floor":25},{"not_picked":["Cleave","Clothesline"],"picked":"Pommel Strike","floor":28},{"not_picked":["Cleave","Thunderclap"],"picked":"Spot Weakness","floor":29},{"not_picked":["Spot Weakness","Thunderclap+1"],"picked":"Bloodletting+1","floor":30},{"not_picked":["Seeing Red","True Grit+1"],"picked":"Twin Strike","floor":31},{"not_picked":["Bludgeon","Fiend Fire"],"picked":"Demon Form","floor":33},{"not_picked":["Thunderclap","Headbutt"],"picked":"Heavy Blade+1","floor":35},{"not_picked":["Ghostly Armor+1","Armaments+1"],"picked":"Feel No Pain","floor":38},{"not_picked":["Warcry","True Grit"],"picked":"Disarm+1","floor":42},{"not_picked":["Sword Boomerang+1","Armaments+1"],"picked":"Cleave+1","floor":47},{"not_picked":["Battle Trance+1","Anger"],"picked":"Brutality","floor":48}],"player_experience":24092,"relics_obtained":[{"floor":9,"key":"Peace Pipe"},{"floor":11,"key":"Whetstone"},{"floor":12,"key":"Bronze Scales"},{"floor":13,"key":"Odd Mushroom"},{"floor":26,"key":"Bird Faced Urn"},{"floor":43,"key":"Paper Frog"},{"floor":45,"key":"Toxic Egg 2"}],"event_choices":[{"damage_healed":0,"gold_gain":0,"player_choice":"Ignored","damage_taken":0,"max_hp_gain":0,"max_hp_loss":0,"event_name":"Golden Wing","floor":7,"gold_loss":0},{"damage_healed":0,"gold_gain":0,"player_choice":"Fought Mushrooms","damage_taken":0,"max_hp_gain":0,"max_hp_loss":0,"event_name":"Mushrooms","floor":13,"gold_loss":0},{"damage_healed":0,"gold_gain":0,"player_choice":"Ignored","damage_taken":0,"max_hp_gain":0,"max_hp_loss":0,"event_name":"Cursed Tome","floor":20,"gold_loss":0},{"damage_healed":0,"gold_gain":0,"player_choice":"Obtained Relic","damage_taken":0,"relics_obtained":["Girya"],"max_hp_gain":0,"max_hp_loss":0,"event_name":"Addict","floor":21,"gold_loss":85},{"damage_healed":0,"gold_gain":0,"player_choice":"Copied","damage_taken":0,"max_hp_gain":0,"max_hp_loss":0,"event_name":"Duplicator","floor":22,"gold_loss":0,"cards_obtained":["Rage"]},{"cards_removed":["Defend_R"],"damage_healed":0,"gold_gain":0,"player_choice":"Removed Skill","damage_taken":0,"max_hp_gain":0,"max_hp_loss":0,"event_name":"Falling","floor":36,"gold_loss":0},{"damage_healed":0,"gold_gain":0,"player_choice":"Ignored","damage_taken":0,"max_hp_gain":0,"max_hp_loss":0,"event_name":"Tomb of Lord Red Mask","floor":37,"gold_loss":0}],"is_beta":false,"boss_relics":[{"not_picked":["Lizard Tail","White Beast Statue"],"picked":"Philosopher\u0027s Stone"},{"not_picked":["Black Star","Busted Crown"],"picked":"Sozu"}],"items_purged_floors":[],"is_endless":false,"potions_floor_spawned":[4,12,13,16,25,28,31,38,47,48],"killed_by":"Donu and Deca","ascension_level":0}