{"gold_per_floor":[213,213,213,213,15,46,46,66,66,79,90,90,2,15,15,119,119,129,146,40,40],"floor_reached":21,"playtime":891,"items_purged":["Strike_R"],"score":286,"play_id":"924b2488-97b5-4815-8091-b0978ef72da1","local_time":"20190410122359","is_ascension_mode":true,"campfire_choices":[{"data":"Bash","floor":7,"key":"SMITH"},{"floor":15,"key":"REST"}],"neow_cost":"NONE","seed_source_timestamp":7192875729045,"circlet_count":0,"master_deck":["AscendersBane","Strike_R","Strike_R","Strike_R","Strike_R","Defend_R","Defend_R","Defend_R","Bash+1","Thunderclap","Carnage","Forethought","Dual Wield","Spot Weakness","Fiend Fire","Sever Soul","Inflame","Double Tap","Armaments","Whirlwind","Feel No Pain"],"relics":["Burning Blood","Ancient Tea Set","Magic Flower","Champion Belt","Ornamental Fan","Coffee Dripper"],"potions_floor_usage":[11,16,19],"damage_taken":[{"damage":6,"enemies":"Cultist","floor":1,"turns":4},{"damage":18,"enemies":"Gremlin Nob","floor":6,"turns":4},{"damage":5,"enemies":"2 Louse","floor":8,"turns":2},{"damage":9,"enemies":"Jaw Worm","floor":10,"turns":2},{"damage":35,"enemies":"Lots of Slimes","floor":11,"turns":4},{"damage":20,"enemies":"Exordium Wildlife","floor":14,"turns":5},{"damage":51,"enemies":"Slime Boss","floor":16,"turns":10},{"damage":21,"enemies":"Chosen","floor":18,"turns":4},{"damage":44,"enemies":"2 Thieves","floor":19,"turns":4},{"damage":24,"enemies":"Snake Plant","floor":21,"turns":1}],"seed_played":"8455250899361615194","potions_obtained":[{"floor":6,"key":"Strength Potion"},{"floor":10,"key":"SpeedPotion"},{"floor":16,"key":"Dexterity Potion"},{"floor":18,"key":"PowerPotion"}],"is_trial":false,"path_per_floor":["M","?","?","T","$","E","R","M","T","M","M","?","$","M","R","B",null,"M","M","$","M"],"character_chosen":"IRONCLAD","items_purchased":["Carnage","Forethought","Sever Soul","PowerPotion","Whirlwind","Feel No Pain"],"campfire_rested":1,"item_purchase_floors":[5,5,13,13,20,20],"current_hp_per_floor":[72,65,62,62,62,53,53,57,57,57,31,57,57,46,70,28,67,55,20,20,0],"gold":40,"neow_bonus":"HUNDRED_GOLD","is_prod":false,"is_daily":false,"chose_seed":false,"campfire_upgraded":1,"win_rate":0,"timestamp":1554924239,"path_taken":["M","?","?","?","$","E","R","?","T","M","M","?","?","M","R","BOSS","M","M","$","M"],"build_version":"2019-01-23","purchased_purges":1,"victory":false,"max_hp_per_floor":[80,80,80,80,80,80,80,80,80,80,80,80,80,80,80,80,80,80,80,80,80],"card_choices":[{"not_picked":["True Grit","Clash"],"picked":"Thunderclap","floor":1},{"not_picked":["Sword Boomerang","Thunderclap"],"picked":"Dual Wield","floor":6},{"not_picked":["Wild Strike","Clothesline","Disarm"],"picked":"SKIP","floor":8},{"not_picked":["Pummel","Clothesline"],"picked":"Spot Weakness","floor":10},{"not_picked":["Hemokinesis","Infernal Blade"],"picked":"Fiend Fire","floor":11},{"not_picked":["Shrug It Off","Heavy Blade"],"picked":"Inflame","floor":14},{"not_picked":["Bludgeon","Barricade"],"picked":"Double Tap","floor":16},{"not_picked":["Iron Wave","Clash"],"picked":"Armaments","floor":18},{"not_picked":["Armaments","Wild Strike","Clothesline"],"picked":"SKIP","floor":19}],"player_experience":634294,"relics_obtained":[{"floor":4,"key":"Magic Flower"},{"floor":6,"key":"Champion Belt"},{"floor":9,"key":"Ornamental Fan"}],"event_choices":[{"cards_removed":["Defend_R"],"damage_healed":0,"gold_gain":0,"player_choice":"Card Removal","damage_taken":7,"max_hp_gain":0,"max_hp_loss":0,"event_name":"Golden Wing","floor":2,"gold_loss":0},{"damage_healed":0,"gold_gain":0,"player_choice":"Success","damage_taken":3,"relics_obtained":["Ancient Tea Set"],"max_hp_gain":0,"max_hp_loss":0,"event_name":"Scrap Ooze","floor":3,"gold_loss":0},{"damage_healed":26,"gold_gain":0,"player_choice":"Banana","damage_taken":0,"max_hp_gain":0,"max_hp_loss":0,"event_name":"Big Fish","floor":12,"gold_loss":0}],"is_beta":false,"boss_relics":[{"not_picked":["Lizard Tail","Cursed Key"],"picked":"Coffee Dripper"}],"items_purged_floors":[5],"is_endless":false,"potions_floor_spawned":[6,10,16,18],"killed_by":"Snake Plant","ascension_level":12}