{"path_per_floor":["M","M","?","M","M","?","R","E","T","M","R","$","M","?","R","B",null,"M","$","M","$","M","E","R","?","T","$","?","M","R","M","R","B",null,"M","M","M","$","M","R","E","M","T"],"character_chosen":"DEFECT","items_purchased":["Ball Lightning","Ball Lightning","Storm","Happy Flower"],"gold_per_floor":[18,28,28,53,74,39,39,78,108,126,126,28,41,116,116,235,235,248,25,43,43,66,102,102,102,153,28,28,42,42,65,65,193,193,212,232,251,99,120,120,158,176,199,199],"floor_reached":44,"campfire_rested":4,"playtime":1519,"current_hp_per_floor":[68,65,47,47,39,57,57,32,32,26,26,26,20,9,31,7,58,45,45,44,44,36,11,33,33,33,33,58,58,58,50,72,34,65,65,37,28,28,13,35,25,7,7,0],"items_purged":["Strike_B","Strike_B","Strike_B"],"gold":199,"score":626,"play_id":"3f04b9f4-c0b3-406f-b74b-611b108b72ff","local_time":"20180514185715","is_prod":false,"is_daily":false,"chose_seed":false,"is_ascension_mode":true,"campfire_upgraded":3,"timestamp":1526317035,"path_taken":["M","M","?","?","M","?","R","E","T","M","R","$","M","?","R","BOSS","M","$","?","?","M","E","R","?","T","$","?","M","R","M","R","BOSS","M","?","M","$","M","R","E","M","T","M"],"build_version":"2018-05-12v2","seed_source_timestamp":97649792881570,"purchased_purges":3,"victory":false,"master_deck":["Strike_B","Defend_B","Defend_B","Defend_B","Defend_B","Zap","Dualcast","Electrodynamics+1","Static Discharge","Defragment+1","Ball Lightning","Capacitor","Amplify","Ball Lightning","Storm+1","Ball Lightning+1","Seek","Ball Lightning","Heatsinks+1"],"max_hp_per_floor":[75,75,75,75,75,75,75,75,75,75,75,75,75,75,75,75,75,75,75,75,75,75,75,75,75,75,75,75,75,75,75,75,75,75,75,75,75,75,75,75,75,75,75,75],"relics":["Cracked Core","Golden Idol","Orichalcum","Tiny Chest","Velvet Choker","Centennial Puzzle","Art of War","Orrery","Happy Flower","Kunai","DataDisk"],"card_choices":[{"not_picked":["Reboot","Fission"],"picked":"Electrodynamics","floor":0},{"not_picked":["Beam Cell","Coolheaded"],"picked":"Static Discharge","floor":1},{"not_picked":["Skim","Stack","Cold Snap"],"picked":"SKIP","floor":2},{"not_picked":["Beam Cell","Conserve Battery","Sweeping Beam"],"picked":"SKIP","floor":4},{"not_picked":["Conserve Battery","Consume","Electrodynamics"],"picked":"SKIP","floor":5},{"not_picked":["Aggregate","Hologram"],"picked":"Defragment","floor":8},{"not_picked":["Conserve Battery","Turbo","Leap"],"picked":"SKIP","floor":10},{"not_picked":["BootSequence","Impulse"],"picked":"Capacitor","floor":13},{"not_picked":["Fusion","Seek"],"picked":"Amplify","floor":16},{"not_picked":["Darkness+1","Axe Kick+1","Cold Snap"],"picked":"SKIP","floor":18},{"not_picked":["Beam Cell+1","Gash","Hello World"],"picked":"SKIP","floor":20},{"not_picked":["Rebound","Chill","Force Field"],"picked":"SKIP","floor":22},{"not_picked":["Heatsinks","Reinforced Body"],"picked":"Ball Lightning+1","floor":23},{"not_picked":["Hologram","Go for the Eyes","Coolheaded"],"picked":"SKIP","floor":29},{"not_picked":["Sunder","Barrage","Capacitor"],"picked":"SKIP","floor":31},{"not_picked":["Rainbow","Echo Form"],"picked":"Seek","floor":33},{"not_picked":["Auto Shields+1","Hologram+1"],"picked":"Ball Lightning","floor":34},{"not_picked":["Turbo","Creative AI"],"picked":"Heatsinks+1","floor":35},{"not_picked":["Blizzard","Hello World+1","Leap+1"],"picked":"SKIP","floor":36},{"not_picked":["Genetic Algorithm+1","Beam Cell","Coolheaded"],"picked":"SKIP","floor":37},{"not_picked":["Coolheaded","Stack","Axe Kick+1"],"picked":"SKIP","floor":39},{"not_picked":["Glacier+1","Go for the Eyes","Streamline"],"picked":"SKIP","floor":41},{"not_picked":["Beam Cell","Coolheaded","Melter"],"picked":"SKIP","floor":42}],"player_experience":448151,"potions_floor_usage":[13,16,23,37],"damage_taken":[{"damage":0,"enemies":"Cultist","floor":1,"turns":3},{"damage":3,"enemies":"2 Louse","floor":2,"turns":3},{"damage":0,"enemies":"Small Slimes","floor":4,"turns":3},{"damage":8,"enemies":"3 Louse","floor":5,"turns":3},{"damage":25,"enemies":"Lagavulin","floor":8,"turns":4},{"damage":6,"enemies":"Exordium Wildlife","floor":10,"turns":3},{"damage":6,"enemies":"Lots of Slimes","floor":13,"turns":2},{"damage":24,"enemies":"The Guardian","floor":16,"turns":6},{"damage":13,"enemies":"Shell Parasite","floor":18,"turns":5},{"damage":1,"enemies":"Spheric Guardian","floor":20,"turns":3},{"damage":8,"enemies":"3 Cultists","floor":22,"turns":3},{"damage":25,"enemies":"Book of Stabbing","floor":23,"turns":3},{"damage":0,"enemies":"Cultist and Chosen","floor":29,"turns":3},{"damage":8,"enemies":"Snecko","floor":31,"turns":3},{"damage":38,"enemies":"Collector","floor":33,"turns":5},{"damage":0,"enemies":"Flame Bruiser 1 Orb","floor":35,"turns":2},{"damage":28,"enemies":"3 Darklings","floor":36,"turns":2},{"damage":9,"enemies":"Maw","floor":37,"turns":4},{"damage":15,"enemies":"4 Shapes","floor":39,"turns":3},{"damage":10,"enemies":"Giant Head","floor":41,"turns":4},{"damage":29,"enemies":"Flame Bruiser 2 Orb","floor":42,"turns":3},{"damage":15,"enemies":"3 Darklings","floor":44,"turns":1}],"event_choices":[{"event_name":"Golden Idol","player_choice":"Take Damage","floor":3,"damage_taken":0},{"event_name":"The Cleric","player_choice":"Healed","floor":6,"damage_taken":0},{"event_name":"World of Goop","player_choice":"Gather Gold","floor":14,"damage_taken":0},{"event_name":"Ghosts","player_choice":"Ignored","floor":25,"damage_taken":0},{"event_name":"The Library","player_choice":"Heal","floor":28,"damage_taken":0}],"boss_relics":[{"not_picked":["Tiny House","Philosopher\u0027s Stone"],"picked":"Velvet Choker"},{"not_picked":["Inserter","Calling Bell"],"picked":"Orrery"}],"potions_floor_spawned":[1,5,8,13,20,29,31,37,42],"seed_played":"8718948112410113387","killed_by":"3 Darklings","ascension_level":6,"is_trial":false}