{"gold_per_floor":[111,130,147,147,157,157,186,186,212,230,33,33,49,64,64,165,165,176,192,192,222,49,49,101,101,101,115,132,164,263,263],"floor_reached":31,"playtime":1939,"items_purged":["Strike_R"],"score":386,"play_id":"5debaeba-e4d3-4784-9881-6a8bb7b600fc","local_time":"20190324205657","is_ascension_mode":true,"campfire_choices":[{"data":"Bash","floor":6,"key":"SMITH"},{"floor":8,"key":"REST"},{"floor":15,"key":"REST"},{"floor":23,"key":"REST"},{"floor":25,"key":"REST"}],"neow_cost":"NONE","seed_source_timestamp":83042555760766,"circlet_count":0,"master_deck":["AscendersBane","Strike_R","Strike_R","Strike_R","Defend_R","Defend_R","Defend_R","Defend_R","Bash+1","Dropkick","Sever Soul","Shrug It Off","Corruption","Pommel Strike","Dual Wield","Evolve","Dropkick","Berserk","Armaments","Brutality","Power Through","True Grit+1","Pummel","Trip","Fire Breathing","Inflame+1"],"relics":["White Beast Statue","Vajra","DollysMirror","Fusion Hammer","Red Mask","PreservedInsect","Self Forming Clay","Art of War"],"potions_floor_usage":[7,7,14,14,16,18,21,21,29,31],"damage_taken":[{"damage":12,"enemies":"Jaw Worm","floor":1,"turns":2},{"damage":6,"enemies":"Cultist","floor":2,"turns":4},{"damage":7,"enemies":"Small Slimes","floor":3,"turns":4},{"damage":1,"enemies":"2 Fungi Beasts","floor":5,"turns":4},{"damage":34,"enemies":"3 Sentries","floor":7,"turns":9},{"damage":8,"enemies":"Blue Slaver","floor":10,"turns":2},{"damage":8,"enemies":"Red Slaver","floor":13,"turns":4},{"damage":5,"enemies":"Large Slime","floor":14,"turns":4},{"damage":37,"enemies":"Hexaghost","floor":16,"turns":7},{"damage":15,"enemies":"Chosen","floor":18,"turns":4},{"damage":35,"enemies":"3 Byrds","floor":19,"turns":5},{"damage":50,"enemies":"Masked Bandits","floor":21,"turns":6},{"damage":7,"enemies":"Centurion and Healer","floor":27,"turns":6},{"damage":19,"enemies":"Cultist and Chosen","floor":28,"turns":6},{"damage":32,"enemies":"Slavers","floor":29,"turns":6},{"damage":22,"enemies":"Snecko","floor":31,"turns":2}],"seed_played":"-6823000158686744137","potions_obtained":[{"floor":1,"key":"Explosive Potion"},{"floor":2,"key":"Swift Potion"},{"floor":3,"key":"Block Potion"},{"floor":7,"key":"AttackPotion"},{"floor":10,"key":"SkillPotion"},{"floor":14,"key":"Poison Potion"},{"floor":16,"key":"FairyPotion"},{"floor":18,"key":"Fire Potion"},{"floor":19,"key":"Poison Potion"},{"floor":21,"key":"BloodPotion"},{"floor":27,"key":"Energy Potion"},{"floor":28,"key":"SkillPotion"},{"floor":29,"key":"Strength Potion"}],"is_trial":false,"path_per_floor":["M","M","M","?","M","R","E","R","T","M","$","$","M","M","R","B",null,"M","M","?","?","$","R","T","R","T","M","M","E","?","M"],"character_chosen":"IRONCLAD","items_purchased":["DollysMirror","Trip"],"campfire_rested":4,"item_purchase_floors":[11,22],"current_hp_per_floor":[60,54,47,47,46,46,12,36,36,28,28,28,20,15,39,2,61,46,11,37,7,7,31,31,55,55,48,29,5,5,0],"gold":263,"neow_bonus":"BOSS_RELIC","is_prod":false,"is_daily":false,"chose_seed":false,"campfire_upgraded":1,"win_rate":0,"timestamp":1553486217,"path_taken":["M","M","M","?","M","R","E","R","T","M","?","$","M","M","R","BOSS","M","M","?","?","$","R","?","R","T","M","?","E","?","M"],"build_version":"2019-01-23","purchased_purges":1,"victory":false,"max_hp_per_floor":[80,80,80,80,80,80,80,80,80,80,80,80,80,80,80,80,80,80,80,80,80,80,80,80,80,80,80,80,80,80,80],"card_choices":[{"not_picked":["Anger","Feel No Pain"],"picked":"Dropkick","floor":1},{"not_picked":["Headbutt","Body Slam"],"picked":"Sever Soul","floor":2},{"not_picked":["Body Slam","Clash"],"picked":"Shrug It Off","floor":3},{"not_picked":["Iron Wave","Cleave"],"picked":"Pommel Strike","floor":5},{"not_picked":["True Grit","Wild Strike"],"picked":"Dual Wield","floor":7},{"not_picked":["Reckless Charge","Ghostly Armor"],"picked":"Evolve","floor":10},{"not_picked":["Cleave","Dropkick"],"picked":"Berserk","floor":13},{"not_picked":["Hemokinesis","Iron Wave"],"picked":"Armaments","floor":14},{"not_picked":["Juggernaut","Demon Form"],"picked":"Brutality","floor":16},{"not_picked":["Heavy Blade","Ghostly Armor"],"picked":"Power Through","floor":18},{"not_picked":["Heavy Blade+1","Armaments"],"picked":"True Grit+1","floor":19},{"not_picked":["Battle Trance","Iron Wave"],"picked":"Pummel","floor":21},{"not_picked":["Perfected Strike","Cleave"],"picked":"Fire Breathing","floor":27},{"not_picked":["Carnage","Fire Breathing","Blood for Blood"],"picked":"SKIP","floor":28},{"not_picked":["Perfected Strike","Bludgeon"],"picked":"Inflame+1","floor":29}],"player_experience":528413,"relics_obtained":[{"floor":7,"key":"Vajra"},{"floor":21,"key":"Red Mask"},{"floor":24,"key":"PreservedInsect"},{"floor":26,"key":"Self Forming Clay"},{"floor":29,"key":"Art of War"}],"event_choices":[{"damage_healed":0,"gold_gain":0,"cards_transformed":["Strike_R"],"player_choice":"Transformed","damage_taken":0,"max_hp_gain":0,"max_hp_loss":0,"event_name":"Transmorgrifier","floor":4,"gold_loss":0,"cards_obtained":["Corruption"]},{"damage_healed":26,"gold_gain":0,"player_choice":"Heal","damage_taken":0,"max_hp_gain":0,"max_hp_loss":0,"event_name":"The Library","floor":20,"gold_loss":0},{"damage_healed":0,"gold_gain":0,"player_choice":"Fought Bandits","damage_taken":0,"max_hp_gain":0,"max_hp_loss":0,"event_name":"Masked Bandits","floor":21,"gold_loss":0},{"damage_healed":0,"gold_gain":99,"player_choice":"Stole From Cult","damage_taken":0,"max_hp_gain":0,"max_hp_loss":0,"event_name":"Nest","floor":30,"gold_loss":0}],"is_beta":false,"boss_relics":[{"not_picked":["Velvet Choker","Tiny House"],"picked":"Fusion Hammer"}],"items_purged_floors":[22],"is_endless":false,"potions_floor_spawned":[1,2,3,5,7,10,13,14,16,18,19,21,27,28,29],"killed_by":"Snecko","ascension_level":10}