{"path_per_floor":["M","?","T","M","?","E","R","E","T","M","E","R","E","$","R","B",null,"M","?","?","M","M","R"],"character_chosen":"DEFECT","items_purchased":["Gash"],"gold_per_floor":[119,119,119,135,85,114,114,143,166,180,209,209,243,96,96,196,196,214,214,214,224,234,234,234],"floor_reached":24,"campfire_rested":3,"playtime":3363,"current_hp_per_floor":[68,50,50,50,50,52,52,20,20,20,7,32,28,28,54,26,72,63,87,87,68,33,61,0],"items_purged":["Strike_B"],"gold":234,"score":333,"play_id":"80c15898-d787-4fb9-961f-94ad0c193b22","local_time":"20180516205449","is_prod":false,"is_daily":false,"chose_seed":false,"is_ascension_mode":true,"campfire_upgraded":1,"timestamp":1526496889,"path_taken":["M","?","?","M","?","E","R","E","T","?","E","R","E","?","R","BOSS","M","?","?","M","M","R","E"],"build_version":"2018-05-15","seed_source_timestamp":79238033445729,"purchased_purges":1,"victory":false,"master_deck":["Strike_B","Strike_B","Defend_B","Defend_B","Defend_B","Defend_B","Zap+1","Dualcast","Go for the Eyes","Go for the Eyes","Go for the Eyes","Gash","Axe Kick","Beam Cell","Beam Cell"],"max_hp_per_floor":[75,75,75,75,75,77,77,79,79,79,79,81,83,83,85,87,87,87,87,87,87,87,89,89],"relics":["Cracked Core","NeowsBlessing","Blue Candle","Emotion Chip","Singing Bowl","Dream Catcher","Vajra","Orichalcum","Potion Belt","Cursed Key"],"card_choices":[{"not_picked":["Hologram","Capacitor"],"picked":"Go for the Eyes","floor":1},{"not_picked":["Storm","Meteor Strike","Lockon"],"picked":"SKIP","floor":4},{"not_picked":["Recycle","Genetic Algorithm","Glacier"],"picked":"Singing Bowl","floor":6},{"not_picked":["Self Repair","Capacitor","Rebound"],"picked":"Singing Bowl","floor":8},{"not_picked":["Sweeping Beam","Capacitor"],"picked":"Go for the Eyes","floor":10},{"not_picked":["Aggregate","Skim"],"picked":"Go for the Eyes","floor":11},{"not_picked":["Cold Snap","Skim","Glacier"],"picked":"Singing Bowl","floor":12},{"not_picked":["Undo","Reinforced Body","Capacitor"],"picked":"Singing Bowl","floor":13},{"not_picked":["Streamline","Melter","Stack"],"picked":"Singing Bowl","floor":15},{"not_picked":["Multi-Cast","Rainbow","Electrodynamics"],"picked":"Singing Bowl","floor":16},{"not_picked":["Sweeping Beam","Go for the Eyes"],"picked":"Axe Kick","floor":18},{"not_picked":["Loop","Ball Lightning"],"picked":"Beam Cell","floor":21},{"not_picked":["Go for the Eyes","Melter"],"picked":"Beam Cell","floor":22},{"not_picked":["Reprogram","Chaos","Conserve Battery+1"],"picked":"Singing Bowl","floor":23}],"player_experience":455522,"potions_floor_usage":[11,11,13,21,22,24],"damage_taken":[{"damage":0,"enemies":"2 Louse","floor":1,"turns":1},{"damage":0,"enemies":"Jaw Worm","floor":4,"turns":1},{"damage":0,"enemies":"Lagavulin","floor":6,"turns":1},{"damage":34,"enemies":"Gremlin Nob","floor":8,"turns":4},{"damage":0,"enemies":"Small Slimes","floor":10,"turns":2},{"damage":13,"enemies":"Lagavulin","floor":11,"turns":6},{"damage":6,"enemies":"3 Sentries","floor":13,"turns":7},{"damage":30,"enemies":"The Guardian","floor":16,"turns":10},{"damage":9,"enemies":"Shell Parasite","floor":18,"turns":5},{"damage":19,"enemies":"2 Thieves","floor":21,"turns":5},{"damage":35,"enemies":"3 Cultists","floor":22,"turns":7},{"damage":64,"enemies":"Book of Stabbing","floor":24,"turns":6}],"relics_obtained":[{"floor":3,"key":"Emotion Chip"},{"floor":6,"key":"Singing Bowl"},{"floor":8,"key":"Dream Catcher"},{"floor":9,"key":"Vajra"},{"floor":11,"key":"Orichalcum"},{"floor":13,"key":"Potion Belt"}],"event_choices":[{"event_name":"Scrap Ooze","player_choice":"success","floor":2,"damage_taken":18},{"event_name":"The Cleric","player_choice":"Card Removal","floor":5,"damage_taken":0},{"event_name":"The Library","player_choice":"Heal","floor":19,"damage_taken":0},{"event_name":"The Lab","player_choice":"Got Potions","floor":20,"damage_taken":0}],"boss_relics":[{"not_picked":["Astrolabe","Runic Pyramid"],"picked":"Cursed Key"}],"potions_floor_spawned":[8,10,11,13,16],"seed_played":"-603020199490338194","killed_by":"Book of Stabbing","ascension_level":7,"potions_obtained":[{"floor":8,"key":"EssenceOfSteel"},{"floor":10,"key":"Poison Potion"},{"floor":11,"key":"EssenceOfSteel"},{"floor":13,"key":"Block Potion"},{"floor":16,"key":"GamblersBrew"},{"floor":20,"key":"Explosive Potion"},{"floor":20,"key":"SpeedPotion"}],"is_trial":false}