{"gold_per_floor":[116,131,18,37,55,87,87,103,103,123,73,86,86,56],"floor_reached":14,"playtime":765,"items_purged":["Strike_B","Strike_B"],"score":103,"play_id":"aee3d656-72a8-4d51-aa5a-c88f9a00eebb","local_time":"20181221042333","is_ascension_mode":true,"campfire_choices":[],"neow_cost":"NONE","seed_source_timestamp":154591099876151,"circlet_count":0,"master_deck":["Strike_B","Strike_B","Defend_B","Defend_B","Defend_B","Defend_B","Zap","Dualcast","Leap","Storm","Heatsinks","Streamline","Echo Form","Gash","Coolheaded","Loop","Cold Snap","Pain"],"relics":["Fusion Hammer","Smiling Mask","Golden Idol","Question Card","WarpedTongs"],"potions_floor_usage":[8,12],"damage_taken":[{"damage":0,"enemies":"Cultist","floor":1,"turns":3},{"damage":0,"enemies":"Small Slimes","floor":2,"turns":4},{"damage":0,"enemies":"2 Louse","floor":4,"turns":3},{"damage":4,"enemies":"Red Slaver","floor":5,"turns":3},{"damage":22,"enemies":"3 Sentries","floor":6,"turns":9},{"damage":10,"enemies":"Lots of Slimes","floor":8,"turns":5},{"damage":6,"enemies":"3 Louse","floor":10,"turns":4},{"damage":11,"enemies":"Exordium Wildlife","floor":12,"turns":4},{"damage":5,"enemies":"Looter","floor":14,"turns":2}],"seed_played":"4720097381674049411","potions_obtained":[{"floor":5,"key":"SkillPotion"},{"floor":8,"key":"Fire Potion"}],"is_trial":false,"path_per_floor":["M","M","$","M","M","E","?","M","T","M","$","M","?","M"],"character_chosen":"DEFECT","items_purchased":["Heatsinks"],"campfire_rested":0,"item_purchase_floors":[3],"current_hp_per_floor":[75,75,75,75,71,49,31,21,21,15,15,4,4,0],"gold":56,"neow_bonus":"BOSS_RELIC","is_prod":false,"is_daily":false,"chose_seed":false,"campfire_upgraded":0,"win_rate":0,"timestamp":1545391413,"path_taken":["M","?","?","?","M","E","?","M","T","M","$","M","?","M"],"build_version":"2018-12-20","purchased_purges":2,"victory":false,"max_hp_per_floor":[75,75,75,75,75,75,75,75,75,75,75,75,75,75],"card_choices":[{"not_picked":["Go for the Eyes","Steam"],"picked":"Leap","floor":1},{"not_picked":["FTL","Redo"],"picked":"Storm","floor":2},{"not_picked":["Rebound","Turbo"],"picked":"Streamline","floor":4},{"not_picked":["Sweeping Beam","Doom and Gloom"],"picked":"Echo Form","floor":5},{"not_picked":["Leap","Capacitor"],"picked":"Gash","floor":6},{"not_picked":["Rip and Tear","Rebound"],"picked":"Coolheaded","floor":8},{"not_picked":["Stack","Force Field","Go for the Eyes"],"picked":"Loop","floor":10},{"not_picked":["Redo","Reprogram","Beam Cell"],"picked":"Cold Snap","floor":12}],"player_experience":145181,"relics_obtained":[{"floor":6,"key":"Smiling Mask"},{"floor":9,"key":"Question Card"}],"event_choices":[{"damage_healed":0,"gold_gain":0,"player_choice":"Take Damage","damage_taken":18,"relics_obtained":["Golden Idol"],"max_hp_gain":0,"max_hp_loss":0,"event_name":"Golden Idol","floor":7,"gold_loss":0},{"damage_healed":0,"gold_gain":0,"player_choice":"Rummage","damage_taken":0,"relics_obtained":["WarpedTongs"],"max_hp_gain":0,"max_hp_loss":0,"event_name":"Accursed Blacksmith","floor":13,"gold_loss":0,"cards_obtained":["Pain"]}],"is_beta":false,"boss_relics":[],"items_purged_floors":[3,11],"is_endless":false,"potions_floor_spawned":[5,8],"killed_by":"Looter","ascension_level":2}