{"gold_per_floor":[368,385,32,207,226,260,260,286,286,16,35,35,55,71,71,173,173,189,172,2,18,18,47,47,47,97,109,109,144,156,18,18,18],"floor_reached":33,"playtime":2517,"items_purged":["Zap","Doubt","Strike_B","Strike_B"],"score":310,"play_id":"522dab81-78da-45fa-8f44-ddce747780ff","local_time":"20181221005607","is_ascension_mode":true,"campfire_choices":[{"data":"Stack","floor":12,"key":"SMITH"},{"data":"Undo","floor":15,"key":"SMITH"},{"data":"Seek","floor":24,"key":"SMITH"},{"data":"Self Repair","floor":28,"key":"SMITH"},{"data":"Darkness","floor":30,"key":"SMITH"},{"data":"Darkness","floor":32,"key":"SMITH"}],"neow_cost":"TEN_PERCENT_HP_LOSS","seed_source_timestamp":140391069347604,"circlet_count":0,"master_deck":["Strike_B","Strike_B","Defend_B","Defend_B","Defend_B","Defend_B","Dualcast","Coolheaded","Darkness+1","Darkness+1","Hello World","FTL","Deep Breath","FTL","Self Repair+1","Undo+1","Sweeping Beam","Stack+1","Conserve Battery","Capacitor","Seek+1","Rebound+1","Lockon+1","Hologram","Leap","Writhe","Chill","Necronomicurse","Conserve Battery","Coolheaded"],"relics":["Cracked Core","Pantograph","Ornamental Fan","Strawberry","Shuriken","Lantern","Coffee Dripper","Potion Belt","Bottled Flame","Necronomicon","MawBank"],"potions_floor_usage":[8,19,21,27,29,29,33],"damage_taken":[{"damage":1,"enemies":"Cultist","floor":1,"turns":3},{"damage":0,"enemies":"2 Louse","floor":2,"turns":2},{"damage":6,"enemies":"Jaw Worm","floor":5,"turns":5},{"damage":11,"enemies":"Lagavulin","floor":6,"turns":6},{"damage":14,"enemies":"3 Sentries","floor":8,"turns":8},{"damage":2,"enemies":"Blue Slaver","floor":11,"turns":4},{"damage":0,"enemies":"Exordium Wildlife","floor":13,"turns":4},{"damage":2,"enemies":"2 Fungi Beasts","floor":14,"turns":3},{"damage":38,"enemies":"The Guardian","floor":16,"turns":9},{"damage":2,"enemies":"Spheric Guardian","floor":18,"turns":4},{"damage":12,"enemies":"2 Thieves","floor":19,"turns":5},{"damage":15,"enemies":"Snake Plant","floor":21,"turns":3},{"damage":32,"enemies":"Gremlin Leader","floor":23,"turns":9},{"damage":0,"enemies":"Chosen and Byrds","floor":27,"turns":5},{"damage":13,"enemies":"Slavers","floor":29,"turns":6},{"damage":50,"enemies":"Automaton","floor":33,"turns":6}],"seed_played":"-886684912740554978","potions_obtained":[{"floor":2,"key":"Strength Potion"},{"floor":5,"key":"FearPotion"},{"floor":8,"key":"Swift Potion"},{"floor":18,"key":"Ancient Potion"},{"floor":19,"key":"SkillPotion"},{"floor":21,"key":"GamblersBrew"},{"floor":29,"key":"LiquidBronze"}],"is_trial":false,"path_per_floor":["M","M","$","?","M","E","?","E","T","$","M","R","M","M","R","B",null,"M","M","$","M","?","E","R","?","T","M","R","E","R","$","R","B"],"character_chosen":"DEFECT","items_purchased":["Darkness","Hello World","FTL","Deep Breath","Lantern","Sweeping Beam","Hologram"],"campfire_rested":0,"item_purchase_floors":[3,3,3,3,10,10,20],"current_hp_per_floor":[67,67,67,67,61,50,38,38,38,38,43,43,50,55,55,44,75,75,70,70,62,62,37,37,21,21,28,28,25,25,25,25,0],"gold":18,"neow_bonus":"TWO_FIFTY_GOLD","is_prod":false,"is_daily":false,"chose_seed":false,"campfire_upgraded":6,"win_rate":0,"timestamp":1545378967,"path_taken":["M","M","$","?","M","E","?","E","T","?","M","R","M","M","R","BOSS","M","M","$","M","?","E","R","?","T","M","R","E","R","$","R","BOSS"],"build_version":"2018-12-20","purchased_purges":4,"victory":false,"max_hp_per_floor":[68,68,68,68,68,68,68,75,75,75,75,75,75,75,75,75,75,75,75,75,75,75,75,75,75,75,75,75,75,75,75,75,75],"card_choices":[{"not_picked":["Cold Snap","Reprogram"],"picked":"Coolheaded","floor":1},{"not_picked":["Turbo","Rip and Tear"],"picked":"Darkness","floor":2},{"not_picked":["Beam Cell","Steam"],"picked":"FTL","floor":5},{"not_picked":["Turbo","Barrage"],"picked":"Self Repair","floor":6},{"not_picked":["Darkness","White Noise"],"picked":"Undo","floor":8},{"not_picked":["Force Field","Beam Cell"],"picked":"Stack","floor":11},{"not_picked":["Stack","Reprogram"],"picked":"Conserve Battery","floor":13},{"not_picked":["Reinforced Body","Cold Snap"],"picked":"Capacitor","floor":14},{"not_picked":["Thunder Strike","Machine Learning"],"picked":"Seek","floor":16},{"not_picked":["Ball Lightning+1","Cold Snap"],"picked":"Rebound+1","floor":18},{"not_picked":["Defragment","Streamline"],"picked":"Lockon+1","floor":19},{"not_picked":["Steam Power","Static Discharge"],"picked":"Leap","floor":21},{"not_picked":["Electrodynamics","Skim"],"picked":"Chill","floor":23},{"not_picked":["Streamline","Ball Lightning+1"],"picked":"Conserve Battery","floor":27},{"not_picked":["Sweeping Beam","Chill+1"],"picked":"Coolheaded","floor":29}],"player_experience":131099,"relics_obtained":[{"floor":6,"key":"Pantograph"},{"floor":8,"key":"Strawberry"},{"floor":9,"key":"Shuriken"},{"floor":23,"key":"Bottled Flame"},{"floor":25,"key":"Necronomicon"},{"floor":29,"key":"MawBank"}],"event_choices":[{"damage_healed":0,"gold_gain":175,"player_choice":"AGREE","damage_taken":0,"max_hp_gain":0,"max_hp_loss":0,"event_name":"Liars Game","floor":4,"gold_loss":0,"cards_obtained":["Doubt"]},{"damage_healed":0,"gold_gain":0,"player_choice":"Success","damage_taken":12,"relics_obtained":["Ornamental Fan"],"max_hp_gain":0,"max_hp_loss":0,"event_name":"Scrap Ooze","floor":7,"gold_loss":0},{"damage_healed":0,"gold_gain":0,"player_choice":"Opened","damage_taken":0,"relics_obtained":["Potion Belt"],"max_hp_gain":0,"max_hp_loss":0,"event_name":"The Mausoleum","floor":22,"gold_loss":0,"cards_obtained":["Writhe"]},{"damage_healed":0,"gold_gain":0,"player_choice":"Obtained Book","damage_taken":16,"max_hp_gain":0,"max_hp_loss":0,"event_name":"Cursed Tome","floor":25,"gold_loss":0}],"is_beta":false,"boss_relics":[{"not_picked":["Calling Bell","Cursed Key"],"picked":"Coffee Dripper"}],"items_purged_floors":[3,10,20,31],"is_endless":false,"potions_floor_spawned":[2,5,8,18,19,21,29],"killed_by":"Automaton","ascension_level":1}