{"gold_per_floor":[117,33,208,208,208,208,243,255,278,298,310,331,344,71,71,171,171,191,101,115,115],"floor_reached":21,"playtime":1128,"items_purged":["Defend_R"],"score":224,"play_id":"cbe9661a-bc11-4ebb-b313-d1955d1ea153","local_time":"20190214222606","is_ascension_mode":true,"campfire_choices":[{"data":"True Grit","floor":6,"key":"SMITH"},{"data":"Rage","floor":15,"key":"SMITH"}],"neow_cost":"NONE","seed_source_timestamp":75849578108958,"circlet_count":0,"master_deck":["Strike_R","Strike_R","Strike_R","Strike_R","Strike_R","Defend_R","Defend_R+1","Bash","True Grit+1","Evolve","Bandage Up","Rage+1","Blood for Blood","Limit Break"],"relics":["Burning Blood","Oddly Smooth Stone","Anchor","Odd Mushroom","Medical Kit","Philosopher\u0027s Stone"],"potions_floor_usage":[7,11,12,16,18,20],"damage_taken":[{"damage":7,"enemies":"Jaw Worm","floor":1,"turns":5},{"damage":16,"enemies":"Gremlin Nob","floor":7,"turns":4},{"damage":8,"enemies":"Small Slimes","floor":8,"turns":5},{"damage":0,"enemies":"2 Louse","floor":10,"turns":4},{"damage":0,"enemies":"2 Fungi Beasts","floor":11,"turns":4},{"damage":39,"enemies":"The Mushroom Lair","floor":12,"turns":7},{"damage":24,"enemies":"Exordium Wildlife","floor":13,"turns":7},{"damage":34,"enemies":"Hexaghost","floor":16,"turns":10},{"damage":28,"enemies":"Shell Parasite","floor":18,"turns":6},{"damage":28,"enemies":"3 Byrds","floor":20,"turns":8},{"damage":36,"enemies":"Snake Plant","floor":21,"turns":4}],"seed_played":"3636920018310590932","potions_obtained":[{"floor":1,"key":"SteroidPotion"},{"floor":7,"key":"Energy Potion"},{"floor":11,"key":"FearPotion"},{"floor":13,"key":"Strength Potion"},{"floor":16,"key":"AttackPotion"},{"floor":18,"key":"Dexterity Potion"}],"is_trial":false,"path_per_floor":["M","$","?","?","?","R","E","M","T","M","M","?","M","$","R","B",null,"M","?","M","M"],"character_chosen":"IRONCLAD","items_purchased":["Bandage Up","Medical Kit"],"campfire_rested":0,"item_purchase_floors":[2,14],"current_hp_per_floor":[79,79,79,84,84,84,74,76,76,85,85,56,42,42,42,18,68,50,50,32,0],"gold":115,"neow_bonus":"THREE_CARDS","is_prod":false,"is_daily":false,"chose_seed":false,"campfire_upgraded":2,"win_rate":0,"timestamp":1550208366,"path_taken":["M","$","?","?","?","R","E","M","T","M","M","?","?","?","R","BOSS","M","?","?","M"],"build_version":"2019-01-23","purchased_purges":1,"victory":false,"max_hp_per_floor":[80,80,80,85,85,85,85,85,85,85,85,85,85,85,85,85,85,85,85,85,85],"card_choices":[{"not_picked":["Battle Trance","Feel No Pain"],"picked":"True Grit","floor":0},{"not_picked":["Iron Wave","Combust"],"picked":"Evolve","floor":1},{"not_picked":["Perfected Strike","Rupture","Burning Pact"],"picked":"SKIP","floor":7},{"not_picked":["Armaments","Perfected Strike","Clash"],"picked":"SKIP","floor":8},{"not_picked":["Armaments","Perfected Strike","Clash"],"picked":"SKIP","floor":8},{"not_picked":["Cleave","Havoc"],"picked":"Rage","floor":10},{"not_picked":["True Grit","Cleave","Armaments"],"picked":"SKIP","floor":11},{"not_picked":["Clash","Combust"],"picked":"Blood for Blood","floor":13},{"not_picked":["Exhume","Brutality"],"picked":"Limit Break","floor":16},{"not_picked":["Wild Strike","Thunderclap+1","Power Through"],"picked":"SKIP","floor":18},{"not_picked":["Twin Strike+1","Body Slam","Perfected Strike"],"picked":"SKIP","floor":20}],"player_experience":403986,"relics_obtained":[{"floor":7,"key":"Oddly Smooth Stone"},{"floor":9,"key":"Anchor"},{"floor":12,"key":"Odd Mushroom"}],"event_choices":[{"damage_healed":0,"gold_gain":175,"player_choice":"AGREE","damage_taken":0,"max_hp_gain":0,"max_hp_loss":0,"event_name":"Liars Game","floor":3,"gold_loss":0,"cards_obtained":["Doubt"]},{"damage_healed":0,"gold_gain":0,"player_choice":"Donut","damage_taken":0,"max_hp_gain":5,"max_hp_loss":0,"event_name":"Big Fish","floor":4,"gold_loss":0},{"cards_removed":["Doubt"],"damage_healed":0,"gold_gain":0,"player_choice":"Forget","damage_taken":0,"max_hp_gain":0,"max_hp_loss":0,"event_name":"Living Wall","floor":5,"gold_loss":0},{"damage_healed":0,"gold_gain":0,"player_choice":"Fought Mushrooms","damage_taken":0,"max_hp_gain":0,"max_hp_loss":0,"event_name":"Mushrooms","floor":12,"gold_loss":0},{"cards_removed":["Defend_R"],"damage_healed":0,"gold_gain":0,"player_choice":"Upgrade and Remove","damage_taken":0,"max_hp_gain":0,"max_hp_loss":0,"event_name":"Designer","floor":19,"gold_loss":90,"cards_upgraded":["Defend_R"]}],"is_beta":false,"boss_relics":[{"not_picked":["Runic Dome","Runic Cube"],"picked":"Philosopher\u0027s Stone"}],"items_purged_floors":[14],"is_endless":false,"potions_floor_spawned":[1,7,11,13,16,18],"killed_by":"Snake Plant","ascension_level":5}