{"gold_per_floor":[109,11,31,131,55,55,82,94,94,94,147,147,165,177,177,177],"floor_reached":16,"playtime":865,"items_purged":["Defend_R"],"score":125,"play_id":"5e0cecbb-5184-4825-86ed-ab3fe872efbe","local_time":"20190712203201","is_ascension_mode":true,"campfire_choices":[{"data":"Bash","floor":6,"key":"SMITH"},{"floor":12,"key":"REST"},{"data":"Carnage","floor":15,"key":"SMITH"}],"neow_cost":"NONE","seed_source_timestamp":22758703548862,"circlet_count":0,"master_deck":["Strike_R","Strike_R","Strike_R","Strike_R","Strike_R","Defend_R","Defend_R","Defend_R","Bash+1","True Grit+1","Iron Wave","Carnage+1","Inflame","Feed","Armaments+1","Burning Pact","Perfected Strike"],"relics":["Burning Blood","Peace Pipe","Gremlin Horn","Boot"],"potions_floor_usage":[14],"damage_taken":[{"damage":20,"enemies":"Cultist","floor":1,"turns":5},{"damage":6,"enemies":"Jaw Worm","floor":3,"turns":4},{"damage":28,"enemies":"Lagavulin","floor":7,"turns":7},{"damage":0,"enemies":"Small Slimes","floor":8,"turns":3},{"damage":8,"enemies":"Blue Slaver","floor":13,"turns":3},{"damage":4,"enemies":"Exordium Thugs","floor":14,"turns":6},{"damage":70,"enemies":"The Guardian","floor":16,"turns":10}],"seed_played":"-1208053982054996431","potions_obtained":[{"floor":7,"key":"Weak Potion"}],"is_trial":false,"path_per_floor":["M","$","M","?","$","R","E","M","T","?","T","R","M","M","R","B"],"character_chosen":"IRONCLAD","items_purchased":["Iron Wave","Inflame"],"campfire_rested":1,"item_purchase_floors":[2,5],"current_hp_per_floor":[74,74,74,74,74,74,52,61,61,43,43,70,68,70,70,0],"gold":177,"neow_bonus":"TEN_PERCENT_HP_BONUS","is_prod":false,"is_daily":false,"chose_seed":false,"campfire_upgraded":2,"win_rate":0,"timestamp":1562959921,"path_taken":["M","?","?","?","?","R","E","M","T","?","?","R","M","M","R","BOSS"],"build_version":"2019-07-05","purchased_purges":1,"victory":false,"max_hp_per_floor":[88,88,88,88,88,88,88,91,91,91,91,91,91,91,91,91],"card_choices":[{"not_picked":["Flex","Havoc"],"picked":"True Grit","floor":1},{"not_picked":["Hemokinesis","Clash"],"picked":"Carnage","floor":3},{"not_picked":["Body Slam","Anger"],"picked":"Feed","floor":7},{"not_picked":["Wild Strike","Clash"],"picked":"Armaments","floor":8},{"not_picked":["Body Slam","Evolve"],"picked":"Burning Pact","floor":13},{"not_picked":["Twin Strike","Wild Strike"],"picked":"Perfected Strike","floor":14}],"player_experience":107382,"relics_obtained":[{"floor":7,"key":"Peace Pipe"},{"floor":9,"key":"Gremlin Horn"},{"floor":11,"key":"Boot"}],"event_choices":[{"damage_healed":0,"gold_gain":100,"player_choice":"Pray","damage_taken":0,"max_hp_gain":0,"max_hp_loss":0,"event_name":"Golden Shrine","floor":4,"gold_loss":0},{"damage_healed":0,"gold_gain":0,"player_choice":"Entered Light","damage_taken":18,"max_hp_gain":0,"max_hp_loss":0,"event_name":"Shining Light","floor":10,"gold_loss":0,"cards_upgraded":["True Grit","Armaments"]}],"is_beta":false,"boss_relics":[],"items_purged_floors":[2],"is_endless":false,"potions_floor_spawned":[7],"killed_by":"The Guardian","ascension_level":5}