{"gold_per_floor":[109,124,49,69,69,69,100,100,100,100,118,118,199,228,228,331,331,350,75,75,59,79,110,110],"floor_reached":24,"playtime":1945,"items_purged":["Strike_B","Strike_B"],"score":235,"play_id":"0e0bb4a4-7ca3-4b18-b181-e30d21197c53","local_time":"20190813134337","is_ascension_mode":true,"campfire_choices":[{"data":"Rebound","floor":6,"key":"SMITH"},{"data":"Cold Snap","floor":8,"key":"SMITH"},{"floor":15,"key":"REST"}],"neow_cost":"NONE","seed_source_timestamp":195448036751127,"circlet_count":0,"master_deck":["Defend_B","Defend_B","Defend_B","Defend_B","Zap+1","Dualcast+1","Rebound+1","Self Repair","Cold Snap+1","Loop","Gash","Reinforced Body","Echo Form","Leap","Coolheaded","J.A.X.","Conserve Battery+1"],"relics":["Sozu","War Paint","Shuriken","Peace Pipe","Cursed Key","Membership Card","Shovel"],"potions_floor_usage":[],"damage_taken":[{"damage":5,"enemies":"Small Slimes","floor":1,"turns":4},{"damage":4,"enemies":"2 Louse","floor":2,"turns":2},{"damage":3,"enemies":"Jaw Worm","floor":4,"turns":4},{"damage":20,"enemies":"3 Sentries","floor":7,"turns":9},{"damage":5,"enemies":"Looter","floor":11,"turns":2},{"damage":16,"enemies":"Gremlin Nob","floor":14,"turns":5},{"damage":24,"enemies":"The Guardian","floor":16,"turns":13},{"damage":7,"enemies":"Spheric Guardian","floor":18,"turns":5},{"damage":13,"enemies":"2 Thieves","floor":21,"turns":5},{"damage":13,"enemies":"Snecko","floor":22,"turns":6},{"damage":58,"enemies":"Slavers","floor":23,"turns":9},{"damage":19,"enemies":"Sentry and Sphere","floor":24,"turns":3}],"seed_played":"4710615481618584481","potions_obtained":[],"is_trial":false,"path_per_floor":["M","M","$","M","?","R","E","R","T","?","M","?","T","E","R","B",null,"M","$","?","M","M","E","M"],"character_chosen":"DEFECT","items_purchased":["Membership Card","Coolheaded"],"campfire_rested":1,"item_purchase_floors":[19,19],"current_hp_per_floor":[70,66,66,70,70,70,57,57,57,57,52,45,45,36,58,41,75,75,75,75,69,63,19,0],"gold":110,"neow_bonus":"BOSS_RELIC","is_prod":false,"is_daily":false,"chose_seed":false,"campfire_upgraded":2,"win_rate":0,"timestamp":1565721817,"path_taken":["M","M","$","M","?","R","E","R","T","?","M","?","?","E","R","BOSS","M","$","?","M","M","E","M"],"build_version":"2019-07-17","purchased_purges":2,"victory":false,"max_hp_per_floor":[75,75,75,75,75,75,75,75,75,75,75,75,75,75,75,75,75,75,75,75,75,75,75,75],"card_choices":[{"not_picked":["Barrage","Cold Snap"],"picked":"Rebound","floor":1},{"not_picked":["Force Field","Stack"],"picked":"Self Repair","floor":2},{"not_picked":["Storm","Beam Cell"],"picked":"Cold Snap","floor":4},{"not_picked":["Steam","Hello World"],"picked":"Loop","floor":7},{"not_picked":["Ball Lightning","Stack"],"picked":"Gash","floor":11},{"not_picked":["Go for the Eyes","Hello World"],"picked":"Reinforced Body","floor":14},{"not_picked":["Reboot","Rainbow"],"picked":"Echo Form","floor":16},{"not_picked":["Gash","Sunder"],"picked":"Leap","floor":18},{"not_picked":["Beam Cell","Cold Snap","Streamline"],"picked":"SKIP","floor":21},{"not_picked":["Ball Lightning","Fusion+1","Thunder Strike"],"picked":"SKIP","floor":22},{"not_picked":["Beam Cell+1","Defragment"],"picked":"Conserve Battery+1","floor":23}],"player_experience":117595,"relics_obtained":[{"floor":7,"key":"War Paint"},{"floor":13,"key":"Shuriken"},{"floor":14,"key":"Peace Pipe"},{"floor":23,"key":"Shovel"}],"event_choices":[{"damage_healed":0,"gold_gain":0,"player_choice":"Fled","damage_taken":0,"max_hp_gain":0,"max_hp_loss":0,"event_name":"Scrap Ooze","floor":5,"gold_loss":0},{"cards_removed":["Strike_B"],"damage_healed":0,"gold_gain":0,"player_choice":"Forget","damage_taken":0,"max_hp_gain":0,"max_hp_loss":0,"event_name":"Living Wall","floor":10,"gold_loss":0},{"cards_removed":["Strike_B"],"damage_healed":0,"gold_gain":0,"player_choice":"Card Removal","damage_taken":7,"max_hp_gain":0,"max_hp_loss":0,"event_name":"Golden Wing","floor":12,"gold_loss":0},{"damage_healed":0,"gold_gain":0,"player_choice":"Obtain J.A.X.","damage_taken":0,"max_hp_gain":0,"max_hp_loss":0,"event_name":"Drug Dealer","floor":20,"gold_loss":0,"cards_obtained":["J.A.X."]}],"is_beta":false,"boss_relics":[{"not_picked":["Eternal Feather","Tiny House"],"picked":"Cursed Key"}],"items_purged_floors":[3,19],"is_endless":false,"potions_floor_spawned":[2,4,11,14,18,21,23],"killed_by":"Sentry and Sphere","ascension_level":1}