{"path_per_floor":["M","$","?","M","$","R","M","R","T","E","R","?","M","?","R","B",null,"M","?","$","M","?","R","M","R","T","M","E","?","T","E","R","B",null,"M","$","M","?","M","R","?","M","T","E","M","?","R","?","R","B"],"character_chosen":"DEFECT","items_purchased":["Blizzard","Fruit Juice"],"gold_per_floor":[115,39,4,15,15,15,26,26,26,56,56,56,70,170,170,265,265,284,284,112,129,129,129,148,148,148,165,192,242,289,315,315,414,414,428,328,345,345,365,365,365,377,377,409,423,423,423,423,423,423],"floor_reached":51,"campfire_rested":4,"playtime":3660,"current_hp_per_floor":[33,33,51,47,47,47,47,47,47,37,37,42,42,42,66,55,74,72,72,72,72,72,72,73,73,73,68,63,63,63,10,35,1,64,64,64,64,53,53,53,53,48,48,48,24,24,49,49,74,66],"items_purged":["Strike_B","Normality"],"gold":423,"score":949,"play_id":"7a15e46e-9adf-4a47-93f7-91adf8bb9ab4","local_time":"20180516195829","is_prod":false,"is_daily":false,"chose_seed":false,"is_ascension_mode":true,"campfire_upgraded":6,"timestamp":1526493509,"path_taken":["M","$","?","M","$","R","M","R","T","E","R","?","?","?","R","BOSS","M","?","$","M","?","R","M","R","T","?","E","?","?","E","R","BOSS","M","$","M","?","M","R","?","M","T","E","M","?","R","?","R","BOSS"],"build_version":"2018-05-15","seed_source_timestamp":75550624952359,"purchased_purges":2,"victory":true,"master_deck":["Strike_B+1","Defend_B+1","Defend_B+1","Defend_B+1","Defend_B+1","Zap+1","Dualcast+1","Cold Snap","Blizzard+1","Cold Snap","Cold Snap","Coolheaded+1","Glacier","Reboot","Zap","Coolheaded+1","Glacier+1","Leap+1","Madness","Madness","Skim","Reboot","Cold Snap+1","Blizzard+1"],"max_hp_per_floor":[75,75,75,75,75,75,75,75,75,75,75,80,80,80,80,80,80,80,80,80,80,80,80,85,85,85,85,85,85,85,85,85,85,85,85,85,85,85,85,85,85,85,85,85,85,85,85,85,85,85],"relics":["Cracked Core","Kunai","Unceasing Top","Cursed Key","Bottled Lightning","Happy Flower","Ornamental Fan","Runic Dome","Ancient Tea Set"],"card_choices":[{"not_picked":["Capacitor","Coolheaded"],"picked":"Cold Snap","floor":1},{"not_picked":["Beam Cell","Meteor Strike"],"picked":"Cold Snap","floor":4},{"not_picked":["Storm","Lockon"],"picked":"Cold Snap","floor":7},{"not_picked":["Steam","Skim","Heatsinks"],"picked":"SKIP","floor":10},{"not_picked":["Go for the Eyes","Melter"],"picked":"Coolheaded","floor":13},{"not_picked":["Darkness","Beam Cell"],"picked":"Glacier","floor":18},{"not_picked":["Turbo+1","Stack","Go for the Eyes"],"picked":"SKIP","floor":21},{"not_picked":["Turbo","Steam"],"picked":"Coolheaded","floor":24},{"not_picked":["Fusion","Stack+1","Sweeping Beam"],"picked":"SKIP","floor":27},{"not_picked":["Tempest+1","Stack+1"],"picked":"Glacier","floor":28},{"not_picked":["Capacitor","Undo","All For One"],"picked":"SKIP","floor":31},{"not_picked":["Capacitor+1","Genetic Algorithm+1"],"picked":"Leap+1","floor":35},{"not_picked":["Melter","Lockon+1","Reprogram+1"],"picked":"SKIP","floor":37},{"not_picked":["Steam","Axe Kick","Streamline"],"picked":"SKIP","floor":39},{"not_picked":["Melter","Heatsinks"],"picked":"Skim","floor":42},{"not_picked":["Sweeping Beam+1","Stack"],"picked":"Reboot","floor":44},{"not_picked":["Chill","Axe Kick+1"],"picked":"Cold Snap+1","floor":45}],"player_experience":451862,"potions_floor_usage":[10,24,31,31,33,45],"damage_taken":[{"damage":1,"enemies":"2 Louse","floor":1,"turns":2},{"damage":4,"enemies":"Small Slimes","floor":4,"turns":3},{"damage":0,"enemies":"Cultist","floor":7,"turns":3},{"damage":10,"enemies":"Lagavulin","floor":10,"turns":6},{"damage":0,"enemies":"Looter","floor":13,"turns":2},{"damage":11,"enemies":"The Guardian","floor":16,"turns":11},{"damage":2,"enemies":"Shell Parasite","floor":18,"turns":6},{"damage":0,"enemies":"3 Byrds","floor":21,"turns":5},{"damage":4,"enemies":"Snecko","floor":24,"turns":5},{"damage":5,"enemies":"3 Cultists","floor":27,"turns":4},{"damage":5,"enemies":"Book of Stabbing","floor":28,"turns":7},{"damage":53,"enemies":"Slavers","floor":31,"turns":10},{"damage":34,"enemies":"Collector","floor":33,"turns":13},{"damage":0,"enemies":"Orb Walker","floor":35,"turns":3},{"damage":0,"enemies":"3 Shapes","floor":37,"turns":2},{"damage":0,"enemies":"Spire Growth","floor":39,"turns":5},{"damage":5,"enemies":"Sphere and 2 Shapes","floor":42,"turns":6},{"damage":0,"enemies":"Nemesis","floor":44,"turns":7},{"damage":24,"enemies":"4 Shapes","floor":45,"turns":5},{"damage":8,"enemies":"Awakened One","floor":50,"turns":15}],"relics_obtained":[{"floor":9,"key":"Kunai"},{"floor":10,"key":"Unceasing Top"},{"floor":28,"key":"Bottled Lightning"},{"floor":30,"key":"Happy Flower"},{"floor":31,"key":"Ornamental Fan"},{"floor":44,"key":"Ancient Tea Set"}],"event_choices":[{"event_name":"The Cleric","player_choice":"Healed","floor":3,"damage_taken":0},{"event_name":"Big Fish","player_choice":"Donut","floor":12,"damage_taken":0},{"event_name":"Golden Shrine","player_choice":"Pray","floor":14,"damage_taken":0},{"event_name":"Match and Keep!","player_choice":"2 cards matched","floor":19,"damage_taken":0},{"event_name":"Back to Basics","player_choice":"Simplicity","floor":22,"damage_taken":0},{"event_name":"The Joust","player_choice":"Bet on Murderer","floor":29,"damage_taken":0},{"event_name":"Winding Halls","player_choice":"Embrace Madness","floor":38,"damage_taken":0},{"event_name":"SensoryStone","player_choice":"Memory 1","floor":41,"damage_taken":0},{"event_name":"Mysterious Sphere","player_choice":"Ignore","floor":46,"damage_taken":0},{"event_name":"Duplicator","player_choice":"One dupe","floor":48,"damage_taken":0}],"boss_relics":[{"not_picked":["Astrolabe","Lizard Tail"],"picked":"Cursed Key"},{"not_picked":["Tiny House","Philosopher\u0027s Stone"],"picked":"Runic Dome"}],"potions_floor_spawned":[4,7,13,16,21,24,31,33,37,42],"seed_played":"-7658831018535515075","ascension_level":6,"potions_obtained":[{"floor":4,"key":"PowerPotion"},{"floor":7,"key":"Explosive Potion"},{"floor":13,"key":"Swift Potion"},{"floor":16,"key":"Dexterity Potion"},{"floor":24,"key":"FearPotion"},{"floor":31,"key":"Ancient Potion"},{"floor":33,"key":"Fire Potion"},{"floor":37,"key":"Explosive Potion"}],"is_trial":false}