{"gold_per_floor":[110,125,125,7,7,36,2,18,65,83,83,118,118,11,11,111,111,128,146,111,125,125,125,125,125,150,150,150],"floor_reached":28,"playtime":1125,"items_purged":[],"score":383,"play_id":"14dc404f-7f7c-4618-b69c-337b69d4af12","local_time":"20190407094725","is_ascension_mode":true,"campfire_choices":[{"data":"Armaments","floor":13,"key":"SMITH"},{"floor":15,"key":"REST"},{"data":"Whirlwind","floor":23,"key":"SMITH"}],"neow_cost":"NONE","seed_source_timestamp":98440948020931,"circlet_count":0,"master_deck":["AscendersBane","Defend_R","Defend_R","Defend_R","Defend_R","Bash","Body Slam","Shrug It Off","Evolve","Armaments+1","Whirlwind+1","Uppercut","Body Slam","Spot Weakness","Pommel Strike","Headbutt","Inflame","Offering","Thunderclap","Rupture","Rupture","Bite","Bite","Bite","Bite","Bite"],"relics":["Burning Blood","Oddly Smooth Stone","Bottled Flame","Ancient Tea Set","Bag of Marbles","Pear","Coffee Dripper","Smiling Mask","Lantern"],"potions_floor_usage":[6],"damage_taken":[{"damage":0,"enemies":"2 Louse","floor":1,"turns":4},{"damage":0,"enemies":"Cultist","floor":2,"turns":4},{"damage":38,"enemies":"3 Sentries","floor":6,"turns":9},{"damage":3,"enemies":"Jaw Worm","floor":8,"turns":3},{"damage":9,"enemies":"Exordium Wildlife","floor":10,"turns":6},{"damage":39,"enemies":"Lagavulin","floor":12,"turns":8},{"damage":32,"enemies":"Slime Boss","floor":16,"turns":9},{"damage":8,"enemies":"Chosen","floor":18,"turns":3},{"damage":12,"enemies":"3 Byrds","floor":19,"turns":3},{"damage":20,"enemies":"Centurion and Healer","floor":21,"turns":5},{"damage":48,"enemies":"Shelled Parasite and Fungi","floor":28,"turns":4}],"seed_played":"7195699437063894600","potions_obtained":[{"floor":2,"key":"SteroidPotion"},{"floor":6,"key":"Weak Potion"},{"floor":8,"key":"Dexterity Potion"},{"floor":18,"key":"AttackPotion"}],"is_trial":false,"path_per_floor":["M","M","?","$","T","E","$","M","T","M","?","E","R","$","R","B",null,"M","M","$","M","?","R","?","$","T","?","M"],"character_chosen":"IRONCLAD","items_purchased":["Evolve","Armaments","Uppercut","Headbutt","Inflame","Rupture"],"campfire_rested":1,"item_purchase_floors":[4,4,7,14,14,20],"current_hp_per_floor":[78,80,80,80,80,48,48,51,51,48,48,25,25,25,52,26,74,72,66,66,52,34,34,34,34,34,34,0],"gold":150,"neow_bonus":"RANDOM_COMMON_RELIC","is_prod":false,"is_daily":false,"chose_seed":false,"campfire_upgraded":2,"win_rate":0,"timestamp":1554655645,"path_taken":["M","M","?","$","?","E","$","M","T","?","?","E","R","?","R","BOSS","M","M","$","M","?","R","?","$","T","?","M"],"build_version":"2019-01-23","purchased_purges":0,"victory":false,"max_hp_per_floor":[80,80,80,80,80,80,80,80,80,80,80,90,90,90,90,90,90,90,90,90,90,95,95,66,66,66,66,66],"card_choices":[{"not_picked":["True Grit","Clash"],"picked":"Body Slam","floor":1},{"not_picked":["Clash","Pummel"],"picked":"Shrug It Off","floor":2},{"not_picked":["Carnage","Armaments"],"picked":"Whirlwind","floor":6},{"not_picked":["Pommel Strike","Perfected Strike"],"picked":"Body Slam","floor":8},{"not_picked":["Twin Strike","Havoc"],"picked":"Spot Weakness","floor":10},{"not_picked":["Sentinel","Flex"],"picked":"Pommel Strike","floor":12},{"not_picked":["Exhume","Brutality"],"picked":"Offering","floor":16},{"not_picked":["Flex","Sentinel"],"picked":"Thunderclap","floor":18},{"not_picked":["Sever Soul","Second Wind"],"picked":"Rupture","floor":19},{"not_picked":["Pommel Strike","Clothesline","Rage"],"picked":"SKIP","floor":21}],"player_experience":621516,"relics_obtained":[{"floor":5,"key":"Bottled Flame"},{"floor":6,"key":"Ancient Tea Set"},{"floor":9,"key":"Bag of Marbles"},{"floor":12,"key":"Pear"},{"floor":26,"key":"Smiling Mask"}],"event_choices":[{"cards_removed":["Strike_R"],"damage_healed":0,"gold_gain":0,"player_choice":"Offered Basic","damage_taken":0,"max_hp_gain":0,"max_hp_loss":0,"event_name":"Bonfire Elementals","floor":3,"gold_loss":0},{"damage_healed":0,"gold_gain":0,"player_choice":"Ignored","damage_taken":0,"max_hp_gain":0,"max_hp_loss":0,"event_name":"Liars Game","floor":11,"gold_loss":0},{"damage_healed":0,"gold_gain":0,"player_choice":"Shed Blood","damage_taken":23,"max_hp_gain":5,"max_hp_loss":0,"event_name":"Forgotten Altar","floor":22,"gold_loss":0},{"damage_healed":0,"gold_gain":0,"player_choice":"Became a vampire","damage_taken":0,"max_hp_gain":0,"max_hp_loss":29,"event_name":"Vampires","floor":24,"gold_loss":0,"cards_obtained":["Bite","Bite","Bite","Bite","Bite"]},{"damage_healed":0,"gold_gain":0,"player_choice":"Gave Potion","damage_taken":0,"relics_obtained":["Lantern"],"max_hp_gain":0,"max_hp_loss":0,"event_name":"WeMeetAgain","floor":27,"gold_loss":0}],"is_beta":false,"boss_relics":[{"not_picked":["Cursed Key","Sozu"],"picked":"Coffee Dripper"}],"items_purged_floors":[],"is_endless":false,"potions_floor_spawned":[2,6,8,18],"killed_by":"Shelled Parasite and Fungi","ascension_level":12}