{"gold_per_floor":[111,111,36,36,51,63,90,90,90,110,110,110,121,136,136,240,240,254,329,229,229,239,270,280,280],"floor_reached":25,"playtime":1154,"items_purged":["Strike_R","Defend_R"],"score":223,"play_id":"8cccf6ed-fcbc-44d8-a83a-1d70e011d097","local_time":"20190205220625","is_ascension_mode":false,"campfire_choices":[{"data":"Rage","floor":12,"key":"SMITH"},{"data":"Strike_R","floor":15,"key":"SMITH"}],"neow_cost":"PERCENT_DAMAGE","seed_source_timestamp":756472210797719,"circlet_count":0,"master_deck":["Strike_R+1","Strike_R+1","Strike_R+1","Defend_R+1","Bash+1","Rage+1","Entrench+1","True Grit+1"],"relics":["Burning Blood","Thread and Needle","Whetstone","Pantograph","Eternal Feather","Toxic Egg 2"],"potions_floor_usage":[7,16,23,23,23],"damage_taken":[{"damage":5,"enemies":"2 Louse","floor":1,"turns":3},{"damage":1,"enemies":"Small Slimes","floor":5,"turns":4},{"damage":0,"enemies":"Cultist","floor":6,"turns":3},{"damage":20,"enemies":"Gremlin Nob","floor":7,"turns":4},{"damage":9,"enemies":"2 Fungi Beasts","floor":10,"turns":3},{"damage":0,"enemies":"3 Louse","floor":13,"turns":3},{"damage":0,"enemies":"Exordium Thugs","floor":14,"turns":4},{"damage":37,"enemies":"Hexaghost","floor":16,"turns":8},{"damage":16,"enemies":"Spheric Guardian","floor":18,"turns":5},{"damage":0,"enemies":"Shell Parasite","floor":22,"turns":7},{"damage":53,"enemies":"Slavers","floor":23,"turns":9},{"damage":12,"enemies":"Cultist and Chosen","floor":24,"turns":7},{"damage":18,"enemies":"Snecko","floor":25,"turns":5}],"seed_played":"687722796383170506","potions_obtained":[{"floor":5,"key":"Regen Potion"},{"floor":7,"key":"Ancient Potion"},{"floor":10,"key":"Explosive Potion"},{"floor":14,"key":"AttackPotion"},{"floor":22,"key":"SkillPotion"}],"is_trial":false,"path_per_floor":["M","?","$","?","M","M","E","?","T","M","?","R","M","M","R","B",null,"M","?","$","?","M","E","M","M"],"character_chosen":"IRONCLAD","items_purchased":[],"campfire_rested":0,"item_purchase_floors":[],"current_hp_per_floor":[57,54,54,54,59,65,63,63,63,60,60,60,66,72,72,49,80,70,62,62,62,68,21,15,0],"gold":280,"neow_bonus":"REMOVE_TWO","is_prod":false,"is_daily":false,"chose_seed":false,"campfire_upgraded":2,"win_rate":0,"timestamp":1549429585,"path_taken":["M","?","$","?","?","M","E","?","T","M","?","R","M","M","R","BOSS","M","?","?","?","?","E","M","M"],"build_version":"2019-01-23","purchased_purges":2,"victory":false,"max_hp_per_floor":[80,80,80,80,80,80,80,80,80,80,80,80,80,80,80,80,80,80,80,80,80,80,80,80,80],"card_choices":[{"not_picked":["Havoc","Anger","Wild Strike"],"picked":"SKIP","floor":1},{"not_picked":["Heavy Blade","Wild Strike","Fire Breathing"],"picked":"SKIP","floor":5},{"not_picked":["Demon Form","Cleave","Seeing Red"],"picked":"SKIP","floor":6},{"not_picked":["Searing Blow","Heavy Blade"],"picked":"Rage","floor":7},{"not_picked":["Sentinel","Infernal Blade","Anger"],"picked":"SKIP","floor":10},{"not_picked":["Sword Boomerang","Wild Strike","Flex"],"picked":"SKIP","floor":13},{"not_picked":["Sword Boomerang","Heavy Blade","Perfected Strike"],"picked":"SKIP","floor":14},{"not_picked":["Body Slam","Iron Wave"],"picked":"Entrench+1","floor":18},{"not_picked":["Clothesline","Cleave","Anger+1"],"picked":"SKIP","floor":22},{"not_picked":["Clothesline","Cleave","Anger+1"],"picked":"SKIP","floor":22},{"not_picked":["Seeing Red","Flame Barrier","Sentinel"],"picked":"SKIP","floor":23},{"not_picked":["Sentinel+1","Anger+1"],"picked":"True Grit+1","floor":24}],"player_experience":369107,"relics_obtained":[{"floor":7,"key":"Whetstone"},{"floor":9,"key":"Pantograph"},{"floor":23,"key":"Toxic Egg 2"}],"event_choices":[{"damage_healed":0,"gold_gain":0,"player_choice":"Success","damage_taken":3,"relics_obtained":["Thread and Needle"],"max_hp_gain":0,"max_hp_loss":0,"event_name":"Scrap Ooze","floor":2,"gold_loss":0},{"damage_healed":0,"gold_gain":0,"player_choice":"Upgraded","damage_taken":0,"max_hp_gain":0,"max_hp_loss":0,"event_name":"Upgrade Shrine","floor":4,"gold_loss":0,"cards_upgraded":["Bash"]},{"damage_healed":0,"gold_gain":0,"player_choice":"Ignored","damage_taken":0,"max_hp_gain":0,"max_hp_loss":0,"event_name":"Liars Game","floor":8,"gold_loss":0},{"cards_removed":["Strike_R"],"damage_healed":0,"gold_gain":0,"player_choice":"Forget","damage_taken":0,"max_hp_gain":0,"max_hp_loss":0,"event_name":"Living Wall","floor":11,"gold_loss":0},{"damage_healed":0,"gold_gain":75,"player_choice":"Touch","damage_taken":8,"max_hp_gain":0,"max_hp_loss":0,"event_name":"FaceTrader","floor":19,"gold_loss":0},{"damage_healed":0,"gold_gain":0,"player_choice":"Upgraded","damage_taken":0,"max_hp_gain":0,"max_hp_loss":0,"event_name":"Upgrade Shrine","floor":21,"gold_loss":0,"cards_upgraded":["Defend_R"]}],"is_beta":false,"boss_relics":[{"not_picked":["Calling Bell","Ectoplasm"],"picked":"Eternal Feather"}],"items_purged_floors":[3,20],"is_endless":false,"potions_floor_spawned":[5,7,10,14,22],"killed_by":"Snecko","ascension_level":0}