{"gold_per_floor":[119,294,349,424,439,439,458,458,534,568,584,596,596,2,2,2],"floor_reached":16,"playtime":916,"items_purged":["Doubt"],"score":115,"play_id":"fb9abd0e-5aa4-435c-8167-9bd2713d90ad","local_time":"20181227175708","is_ascension_mode":true,"campfire_choices":[{"data":"Genetic Algorithm","floor":6,"key":"SMITH"},{"data":"Zap","floor":8,"key":"SMITH"},{"data":"Redo","floor":13,"key":"SMITH"},{"floor":15,"key":"REST"}],"neow_cost":"CURSE","seed_source_timestamp":4553422268491,"circlet_count":0,"master_deck":["Strike_B","Strike_B","Strike_B","Strike_B","Defend_B","Defend_B","Defend_B","Defend_B","Zap+1","Dualcast","Injury","Thunder Strike","Rebound","Genetic Algorithm+1","FTL","Go for the Eyes","Redo+1","Flash of Steel","FTL"],"relics":["Cracked Core","Tiny Chest","Cables","Bottled Lightning","Omamori","Chemical X"],"potions_floor_usage":[10,16],"damage_taken":[{"damage":7,"enemies":"Jaw Worm","floor":1,"turns":2},{"damage":0,"enemies":"2 Louse","floor":5,"turns":2},{"damage":0,"enemies":"Small Slimes","floor":7,"turns":3},{"damage":25,"enemies":"Lagavulin","floor":10,"turns":7},{"damage":9,"enemies":"3 Louse","floor":11,"turns":3},{"damage":17,"enemies":"Lots of Slimes","floor":12,"turns":3},{"damage":29,"enemies":"The Guardian","floor":16,"turns":6}],"seed_played":"745182946182401075","potions_obtained":[{"floor":5,"key":"PowerPotion"},{"floor":12,"key":"FocusPotion"}],"is_trial":false,"path_per_floor":["M","?","T","?","M","R","M","R","T","E","M","M","R","$","R","B"],"character_chosen":"DEFECT","items_purchased":["Flash of Steel","Omamori","Chemical X","FTL"],"campfire_rested":1,"item_purchase_floors":[14,14,14,14],"current_hp_per_floor":[68,68,68,57,57,57,57,57,57,32,23,6,6,6,28,0],"gold":2,"neow_bonus":"THREE_RARE_CARDS","is_prod":false,"is_daily":false,"chose_seed":false,"campfire_upgraded":3,"win_rate":0,"timestamp":1545958628,"path_taken":["M","?","?","?","M","R","M","R","T","E","M","M","R","$","R","BOSS"],"build_version":"2018-12-20","purchased_purges":1,"victory":false,"max_hp_per_floor":[75,75,75,75,75,75,75,75,75,75,75,75,75,75,75,75],"card_choices":[{"not_picked":["Core Surge","Fission"],"picked":"Thunder Strike","floor":0},{"not_picked":["Beam Cell","Cold Snap"],"picked":"Rebound","floor":1},{"not_picked":["Coolheaded","Go for the Eyes"],"picked":"Genetic Algorithm","floor":5},{"not_picked":["Beam Cell","Conserve Battery","Fusion"],"picked":"SKIP","floor":7},{"not_picked":["Rip and Tear","Glacier"],"picked":"FTL","floor":10},{"not_picked":["Compile Driver","Sweeping Beam"],"picked":"Go for the Eyes","floor":11},{"not_picked":["Conserve Battery","Darkness"],"picked":"Redo","floor":12}],"player_experience":203153,"relics_obtained":[{"floor":3,"key":"Tiny Chest"},{"floor":9,"key":"Cables"},{"floor":10,"key":"Bottled Lightning"}],"event_choices":[{"damage_healed":0,"gold_gain":175,"player_choice":"AGREE","damage_taken":0,"max_hp_gain":0,"max_hp_loss":0,"event_name":"Liars Game","floor":2,"gold_loss":0,"cards_obtained":["Doubt"]},{"damage_healed":0,"gold_gain":75,"player_choice":"Gather Gold","damage_taken":11,"max_hp_gain":0,"max_hp_loss":0,"event_name":"World of Goop","floor":4,"gold_loss":0}],"is_beta":false,"boss_relics":[],"items_purged_floors":[14],"is_endless":false,"potions_floor_spawned":[5,12],"killed_by":"The Guardian","ascension_level":3}