{"gold_per_floor":[16,16,91,91,111,111,61,61,61,72,72,95,112,37,37,138,138,157,157,175,175,24,24,24,24,77,77,91,109,109,109,109,211,211,223,241,241,254,2,2,21,21,73,73,173,203,203],"floor_reached":47,"playtime":2280,"items_purged":["Strike_R","Dark Embrace+1"],"score":484,"play_id":"c5fbb182-b556-4bbd-833c-b5549d1b0841","local_time":"20190127144035","is_ascension_mode":false,"campfire_choices":[{"data":"Heavy Blade","floor":6,"key":"SMITH"},{"data":"Demon Form","floor":8,"key":"SMITH"},{"data":"Entrench","floor":15,"key":"SMITH"},{"data":"Armaments","floor":23,"key":"SMITH"},{"floor":30,"key":"REST"},{"floor":32,"key":"RECALL"},{"data":"Iron Wave","floor":40,"key":"SMITH"},{"data":"Shrug It Off","floor":42,"key":"SMITH"}],"neow_cost":"NO_GOLD","seed_source_timestamp":136049061566555,"circlet_count":0,"master_deck":["Defend_R","Defend_R","Defend_R","Defend_R","Bash","Demon Form+1","Iron Wave+1","Heavy Blade+1","Entrench+1","Combust+1","Shockwave+1","Second Wind","Necronomicurse","Armaments+1","J.A.X.","Shrug It Off+1","Evolve+1"],"relics":["Burning Blood","Juzu Bracelet","Odd Mushroom","Astrolabe","Necronomicon","Busted Crown","Bottled Tornado","Regal Pillow","Du-Vu Doll","Bird Faced Urn"],"potions_floor_usage":[5,12,20,24,33,38],"damage_taken":[{"damage":13,"enemies":"Jaw Worm","floor":1,"turns":3},{"damage":10,"enemies":"Small Slimes","floor":5,"turns":4},{"damage":5,"enemies":"2 Louse","floor":10,"turns":2},{"damage":30,"enemies":"The Mushroom Lair","floor":12,"turns":5},{"damage":15,"enemies":"Exordium Thugs","floor":13,"turns":4},{"damage":25,"enemies":"Slime Boss","floor":16,"turns":8},{"damage":32,"enemies":"Shell Parasite","floor":18,"turns":6},{"damage":17,"enemies":"3 Byrds","floor":20,"turns":3},{"damage":0,"enemies":"Book of Stabbing","floor":24,"turns":1},{"damage":33,"enemies":"Snake Plant","floor":28,"turns":4},{"damage":9,"enemies":"Shelled Parasite and Fungi","floor":29,"turns":5},{"damage":36,"enemies":"Automaton","floor":33,"turns":5},{"damage":20,"enemies":"3 Shapes","floor":35,"turns":8},{"damage":13,"enemies":"3 Darklings","floor":36,"turns":6},{"damage":21,"enemies":"Sphere and 2 Shapes","floor":38,"turns":5},{"damage":35,"enemies":"Writhing Mass","floor":41,"turns":5},{"damage":29,"enemies":"Mind Bloom Boss Battle","floor":45,"turns":4},{"damage":33,"enemies":"Nemesis","floor":46,"turns":4},{"damage":42,"enemies":"Transient","floor":47,"turns":5}],"seed_played":"-859475726688862801","potions_obtained":[{"floor":1,"key":"GamblersBrew"},{"floor":5,"key":"SmokeBomb"},{"floor":10,"key":"Energy Potion"},{"floor":18,"key":"Explosive Potion"},{"floor":29,"key":"SteroidPotion"},{"floor":36,"key":"GamblersBrew"},{"floor":37,"key":"Explosive Potion"},{"floor":37,"key":"Block Potion"},{"floor":37,"key":"Energy Potion"},{"floor":41,"key":"Poison Potion"},{"floor":45,"key":"Explosive Potion"}],"is_trial":false,"path_per_floor":["M","?","?","?","M","R","?","R","T","M","$","?","M","$","R","B",null,"M","?","M","?","$","R","E","?","T","?","M","M","R","?","R","B",null,"M","M","?","M","$","R","M","R","T","?","?","E","M"],"character_chosen":"IRONCLAD","items_purchased":["Armaments","Bottled Tornado"],"campfire_rested":1,"item_purchase_floors":[22,39],"current_hp_per_floor":[73,73,62,67,63,63,63,63,63,64,64,40,31,31,31,12,85,59,59,48,32,32,32,38,38,38,38,11,8,33,61,61,31,85,71,64,64,49,49,49,20,20,20,74,51,24,0],"gold":203,"neow_bonus":"THREE_RARE_CARDS","is_prod":false,"is_daily":false,"chose_seed":false,"campfire_upgraded":6,"win_rate":0,"timestamp":1548625235,"path_taken":["M","?","?","?","M","R","?","R","T","M","?","?","M","$","R","BOSS","M","?","M","?","$","R","E","?","T","?","M","M","R","?","R","BOSS","M","M","?","M","$","R","M","R","T","?","?","E","M"],"build_version":"2019-01-23","purchased_purges":2,"victory":false,"max_hp_per_floor":[80,80,80,85,85,85,85,85,85,85,85,85,85,85,85,85,85,85,85,85,85,85,85,85,85,85,85,85,85,85,85,85,85,85,85,85,85,85,85,85,85,85,85,74,74,74,74],"card_choices":[{"not_picked":["Immolate","Impervious"],"picked":"Demon Form","floor":0},{"not_picked":["Flame Barrier","Fire Breathing"],"picked":"Iron Wave","floor":1},{"not_picked":["Warcry","Battle Trance"],"picked":"Heavy Blade","floor":5},{"not_picked":["Havoc","Metallicize"],"picked":"Entrench","floor":10},{"not_picked":["Pummel","Anger","Sentinel"],"picked":"SKIP","floor":13},{"not_picked":["Evolve","Sever Soul"],"picked":"Second Wind","floor":18},{"not_picked":["Wild Strike","Twin Strike+1","Flex"],"picked":"SKIP","floor":20},{"not_picked":["Ghostly Armor","Clash","Feel No Pain+1"],"picked":"SKIP","floor":28},{"not_picked":["Second Wind+1","Armaments+1","Bloodletting"],"picked":"SKIP","floor":29},{"not_picked":["Heavy Blade+1"],"picked":"SKIP","floor":35},{"not_picked":["Havoc+1"],"picked":"SKIP","floor":36},{"not_picked":["Headbutt"],"picked":"SKIP","floor":38},{"not_picked":[],"picked":"Shrug It Off","floor":41},{"not_picked":[],"picked":"Evolve+1","floor":46}],"player_experience":328916,"relics_obtained":[{"floor":9,"key":"Juzu Bracelet"},{"floor":12,"key":"Odd Mushroom"},{"floor":21,"key":"Necronomicon"},{"floor":43,"key":"Regal Pillow"},{"floor":45,"key":"Du-Vu Doll"},{"floor":46,"key":"Bird Faced Urn"}],"event_choices":[{"damage_healed":0,"gold_gain":0,"player_choice":"Ignored","damage_taken":0,"max_hp_gain":0,"max_hp_loss":0,"event_name":"Liars Game","floor":2,"gold_loss":0},{"damage_healed":0,"gold_gain":75,"player_choice":"Gather Gold","damage_taken":11,"max_hp_gain":0,"max_hp_loss":0,"event_name":"World of Goop","floor":3,"gold_loss":0},{"damage_healed":0,"gold_gain":0,"player_choice":"Donut","damage_taken":0,"max_hp_gain":5,"max_hp_loss":0,"event_name":"Big Fish","floor":4,"gold_loss":0},{"cards_removed":["Strike_R"],"damage_healed":0,"gold_gain":0,"player_choice":"Card Removal","damage_taken":0,"max_hp_gain":0,"max_hp_loss":0,"event_name":"The Cleric","floor":7,"gold_loss":50},{"damage_healed":0,"gold_gain":0,"player_choice":"Fought Mushrooms","damage_taken":0,"max_hp_gain":0,"max_hp_loss":0,"event_name":"Mushrooms","floor":12,"gold_loss":0},{"damage_healed":0,"gold_gain":0,"player_choice":"Ignored","damage_taken":0,"max_hp_gain":0,"max_hp_loss":0,"event_name":"Vampires","floor":19,"gold_loss":0},{"damage_healed":0,"gold_gain":0,"player_choice":"Obtained Book","damage_taken":16,"max_hp_gain":0,"max_hp_loss":0,"event_name":"Cursed Tome","floor":21,"gold_loss":0},{"damage_healed":0,"gold_gain":0,"player_choice":"Ignored","damage_taken":0,"max_hp_gain":0,"max_hp_loss":0,"event_name":"Beggar","floor":25,"gold_loss":0},{"damage_healed":0,"gold_gain":0,"player_choice":"Obtain J.A.X.","damage_taken":0,"max_hp_gain":0,"max_hp_loss":0,"event_name":"Drug Dealer","floor":27,"gold_loss":0,"cards_obtained":["J.A.X."]},{"damage_healed":28,"gold_gain":0,"player_choice":"Heal","damage_taken":0,"max_hp_gain":0,"max_hp_loss":0,"event_name":"The Library","floor":31,"gold_loss":0},{"damage_healed":0,"gold_gain":0,"player_choice":"Got Potions","damage_taken":0,"max_hp_gain":0,"max_hp_loss":0,"event_name":"Lab","floor":37,"gold_loss":0},{"damage_healed":74,"gold_gain":0,"player_choice":"Heal","damage_taken":0,"max_hp_gain":0,"max_hp_loss":11,"event_name":"The Moai Head","floor":44,"gold_loss":0},{"damage_healed":0,"gold_gain":0,"player_choice":"Fight","damage_taken":0,"max_hp_gain":0,"max_hp_loss":0,"event_name":"MindBloom","floor":45,"gold_loss":0}],"is_beta":false,"boss_relics":[{"not_picked":["Ectoplasm","Pandora\u0027s Box"],"picked":"Astrolabe"},{"not_picked":["White Beast Statue","Runic Dome"],"picked":"Busted Crown"}],"items_purged_floors":[14,22],"is_endless":false,"potions_floor_spawned":[1,5,10,18,29,36,41,45],"killed_by":"Transient","ascension_level":0}