{"gold_per_floor":[114,114,127,127,127,158,158,185,185,260,260,292,292,64,64,159,159,179,194,293,319,234,234,20,20,71,106,122,150,169,196,196,292,292,312,312,329,190,202,233,233,233,281,281,281,316,334,348,348,348],"floor_reached":50,"playtime":3399,"items_purged":["Doubt","Strike_R"],"score":709,"play_id":"c6e62614-4787-45b2-9706-66ec99d2d98b","local_time":"20190707130652","is_ascension_mode":true,"campfire_choices":[{"floor":7,"key":"REST"},{"floor":11,"key":"REST"},{"floor":13,"key":"REST"},{"floor":15,"key":"REST"},{"floor":23,"key":"REST"},{"floor":25,"key":"DIG"},{"floor":32,"key":"DIG"},{"floor":42,"key":"REST"},{"floor":44,"key":"REST"},{"floor":49,"key":"DIG"}],"neow_cost":"CURSE","seed_source_timestamp":793133446545459,"circlet_count":0,"master_deck":["Strike_R","Strike_R","Strike_R","Strike_R","Defend_R+1","Defend_R","Defend_R","Defend_R","Bash","Impervious","Pommel Strike","Infernal Blade+1","Thunderclap","Cleave","Headbutt+1","Berserk","Warcry+1","Thunderclap+1","Feed+1","Ghostly Armor","Hemokinesis+1","Shrug It Off","Double Tap","Whirlwind+1","Uppercut+1","Double Tap","Body Slam+1","Reckless Charge+1","Seeing Red+1","Pommel Strike+1","Armaments+1","Shrug It Off+1","Power Through","Inflame+1"],"relics":["Black Blood","Ginger","Mummified Hand","War Paint","Charon\u0027s Ashes","Molten Egg 2","Pocketwatch","Bag of Preparation","Mark of Pain","Red Mask","Shovel","Anchor","Centennial Puzzle","PreservedInsect","Sundial","Orichalcum","Ancient Tea Set","Dream Catcher","Bag of Marbles","Strawberry","Blood Vial","Blue Candle"],"potions_floor_usage":[6,33,39,40,50],"damage_taken":[{"damage":5,"enemies":"Cultist","floor":1,"turns":5},{"damage":17,"enemies":"Small Slimes","floor":3,"turns":4},{"damage":22,"enemies":"Gremlin Nob","floor":6,"turns":4},{"damage":39,"enemies":"Lagavulin","floor":8,"turns":7},{"damage":23,"enemies":"3 Sentries","floor":12,"turns":6},{"damage":70,"enemies":"The Guardian","floor":16,"turns":12},{"damage":6,"enemies":"3 Byrds","floor":18,"turns":3},{"damage":34,"enemies":"Shell Parasite","floor":19,"turns":4},{"damage":4,"enemies":"Masked Bandits","floor":21,"turns":3},{"damage":12,"enemies":"Slavers","floor":27,"turns":4},{"damage":2,"enemies":"Snake Plant","floor":28,"turns":3},{"damage":0,"enemies":"Gremlin Leader","floor":29,"turns":5},{"damage":21,"enemies":"Sentry and Sphere","floor":30,"turns":4},{"damage":0,"enemies":"Slavers","floor":31,"turns":2},{"damage":46,"enemies":"Champ","floor":33,"turns":9},{"damage":0,"enemies":"Orb Walker","floor":35,"turns":2},{"damage":25,"enemies":"3 Darklings","floor":37,"turns":3},{"damage":33,"enemies":"Writhing Mass","floor":39,"turns":5},{"damage":25,"enemies":"Nemesis","floor":40,"turns":5},{"damage":3,"enemies":"Reptomancer","floor":46,"turns":3},{"damage":9,"enemies":"Jaw Worm Horde","floor":47,"turns":2},{"damage":0,"enemies":"Sphere and 2 Shapes","floor":48,"turns":3},{"damage":111,"enemies":"Awakened One","floor":50,"turns":9}],"seed_played":"-7254891504026390851","potions_obtained":[{"floor":1,"key":"Explosive Potion"},{"floor":16,"key":"PowerPotion"},{"floor":19,"key":"Fire Potion"},{"floor":27,"key":"Swift Potion"},{"floor":36,"key":"FairyPotion"},{"floor":40,"key":"Energy Potion"},{"floor":48,"key":"SneckoOil"}],"is_trial":false,"path_per_floor":["M","T","M","?","?","E","R","E","T","?","R","E","R","$","R","B",null,"M","M","?","?","?","R","$","R","T","E","M","E","M","E","R","B",null,"M","?","M","$","M","E","?","R","T","R","?","E","M","M","R","B"],"character_chosen":"IRONCLAD","items_purchased":["Bag of Preparation","Anchor","Ghostly Armor","Reckless Charge+1"],"campfire_rested":7,"item_purchase_floors":[14,24,24,38],"current_hp_per_floor":[80,80,69,62,62,46,70,37,37,26,50,33,57,57,80,16,80,80,52,52,54,54,78,78,78,78,76,84,88,73,79,79,39,88,88,88,73,73,50,35,35,61,68,95,90,90,94,98,98,0],"gold":348,"neow_bonus":"THREE_RARE_CARDS","is_prod":false,"is_daily":false,"chose_seed":false,"campfire_upgraded":0,"win_rate":0,"timestamp":1562501212,"path_taken":["M","?","M","?","?","E","R","E","T","?","R","E","R","?","R","BOSS","M","M","?","?","?","R","$","R","T","E","M","E","M","E","R","BOSS","M","?","?","$","M","E","?","R","T","R","?","E","M","?","R","BOSS"],"build_version":"2019-07-05","purchased_purges":2,"victory":false,"max_hp_per_floor":[80,80,80,80,80,80,80,80,80,80,80,80,80,80,80,80,80,80,80,80,80,80,80,80,80,80,84,88,88,88,88,88,88,88,88,88,88,88,88,88,88,88,95,95,90,90,94,98,98,98],"card_choices":[{"not_picked":["Exhume","Dark Embrace"],"picked":"Impervious","floor":0},{"not_picked":["Flex","Havoc"],"picked":"Pommel Strike","floor":1},{"not_picked":["Evolve","Twin Strike"],"picked":"Infernal Blade","floor":3},{"not_picked":["Intimidate","Combust"],"picked":"Thunderclap","floor":6},{"not_picked":["Shrug It Off","Perfected Strike"],"picked":"Cleave","floor":8},{"not_picked":["Spot Weakness","Combust"],"picked":"Headbutt+1","floor":12},{"not_picked":["Dark Embrace","Offering"],"picked":"Berserk","floor":16},{"not_picked":["Clothesline+1","Anger+1"],"picked":"Warcry+1","floor":18},{"not_picked":["Infernal Blade","Evolve"],"picked":"Thunderclap+1","floor":19},{"not_picked":["Rampage+1","Bloodletting+1"],"picked":"Feed+1","floor":21},{"not_picked":["Corruption","Sword Boomerang+1"],"picked":"Hemokinesis+1","floor":27},{"not_picked":["Anger+1","Armaments"],"picked":"Shrug It Off","floor":28},{"not_picked":["Sword Boomerang+1","True Grit"],"picked":"Double Tap","floor":29},{"not_picked":["Power Through","Armaments"],"picked":"Whirlwind+1","floor":30},{"not_picked":["Twin Strike+1","Sword Boomerang+1"],"picked":"Uppercut+1","floor":31},{"not_picked":["Exhume","Brutality"],"picked":"Double Tap","floor":33},{"not_picked":["Feel No Pain+1","True Grit+1","Infernal Blade"],"picked":"SKIP","floor":35},{"not_picked":["Armaments+1","Cleave+1"],"picked":"Body Slam+1","floor":37},{"not_picked":["Fire Breathing+1","Anger+1"],"picked":"Seeing Red+1","floor":39},{"not_picked":["Cleave+1","Brutality"],"picked":"Pommel Strike+1","floor":40},{"not_picked":["Intimidate+1","Thunderclap+1"],"picked":"Armaments+1","floor":42},{"not_picked":["Second Wind+1","Rupture+1"],"picked":"Shrug It Off+1","floor":44},{"not_picked":["Thunderclap+1","Sword Boomerang+1","Armaments"],"picked":"SKIP","floor":46},{"not_picked":["Anger+1","Blood for Blood+1"],"picked":"Power Through","floor":47},{"not_picked":["Feed+1","Pommel Strike+1"],"picked":"Inflame+1","floor":48}],"player_experience":64043,"relics_obtained":[{"floor":2,"key":"Ginger"},{"floor":6,"key":"War Paint"},{"floor":8,"key":"Charon\u0027s Ashes"},{"floor":9,"key":"Molten Egg 2"},{"floor":12,"key":"Pocketwatch"},{"floor":21,"key":"Red Mask"},{"floor":25,"key":"Centennial Puzzle"},{"floor":26,"key":"PreservedInsect"},{"floor":27,"key":"Sundial"},{"floor":29,"key":"Orichalcum"},{"floor":31,"key":"Ancient Tea Set"},{"floor":32,"key":"Dream Catcher"},{"floor":40,"key":"Bag of Marbles"},{"floor":43,"key":"Strawberry"},{"floor":46,"key":"Blood Vial"},{"floor":49,"key":"Blue Candle"}],"event_choices":[{"damage_healed":0,"gold_gain":0,"player_choice":"Success","damage_taken":7,"relics_obtained":["Mummified Hand"],"max_hp_gain":0,"max_hp_loss":0,"event_name":"Scrap Ooze","floor":4,"gold_loss":0},{"damage_healed":0,"gold_gain":0,"player_choice":"Ignored","damage_taken":0,"max_hp_gain":0,"max_hp_loss":0,"event_name":"Golden Wing","floor":5,"gold_loss":0},{"damage_healed":0,"gold_gain":75,"player_choice":"Gather Gold","damage_taken":11,"max_hp_gain":0,"max_hp_loss":0,"event_name":"World of Goop","floor":10,"gold_loss":0},{"damage_healed":0,"gold_gain":99,"player_choice":"Stole From Cult","damage_taken":0,"max_hp_gain":0,"max_hp_loss":0,"event_name":"Nest","floor":20,"gold_loss":0},{"damage_healed":0,"gold_gain":0,"player_choice":"Fought Bandits","damage_taken":0,"max_hp_gain":0,"max_hp_loss":0,"event_name":"Masked Bandits","floor":21,"gold_loss":0},{"damage_healed":0,"gold_gain":0,"player_choice":"Obtained Relic","damage_taken":0,"relics_obtained":["Shovel"],"max_hp_gain":0,"max_hp_loss":0,"event_name":"Addict","floor":22,"gold_loss":85},{"damage_healed":0,"gold_gain":0,"player_choice":"Got Potions","damage_taken":0,"max_hp_gain":0,"max_hp_loss":0,"event_name":"Lab","floor":36,"gold_loss":0},{"damage_healed":0,"gold_gain":0,"player_choice":"Ignored","damage_taken":0,"max_hp_gain":0,"max_hp_loss":0,"event_name":"The Moai Head","floor":41,"gold_loss":0},{"damage_healed":0,"gold_gain":0,"player_choice":"Max HP","damage_taken":0,"max_hp_gain":0,"max_hp_loss":5,"event_name":"Winding Halls","floor":45,"gold_loss":0}],"is_beta":false,"boss_relics":[{"not_picked":["White Beast Statue","Fusion Hammer"],"picked":"Mark of Pain"},{"not_picked":["Runic Dome","Coffee Dripper"],"picked":"Black Blood"}],"items_purged_floors":[14,38],"is_endless":false,"potions_floor_spawned":[1,16,19,27,31,37,40,48],"killed_by":"Awakened One","ascension_level":2}