{"gold_per_floor":[111,185,200,220,240,240,272,272,354,388,52,52,227,238,238,339,339,355,73,88,106,116,146,159,159,232,232,232,332,352,367,367,367],"floor_reached":33,"playtime":2669,"items_purged":["Doubt"],"score":427,"play_id":"c087e965-f636-441f-b64c-38adfc92156d","local_time":"20190723204151","is_ascension_mode":true,"campfire_choices":[{"data":"Disarm","floor":6,"key":"SMITH"},{"floor":8,"key":"REST"},{"floor":12,"key":"REST"},{"data":"Armaments","floor":15,"key":"SMITH"},{"floor":25,"key":"REST"},{"floor":28,"key":"REST"},{"floor":32,"key":"REST"}],"neow_cost":"NONE","seed_source_timestamp":175876902306630,"circlet_count":0,"master_deck":["Strike_R","Strike_R","Strike_R","Strike_R","Strike_R","Defend_R","Defend_R","Defend_R+1","Defend_R+1","Bash+1","Disarm+1","Twin Strike","Armaments+1","Feed","Sword Boomerang","Iron Wave","Clothesline","Inflame","Brutality","Pommel Strike+1","True Grit+1","Whirlwind","Flame Barrier+1","Juggernaut","Shrug It Off+1","Infernal Blade","Warcry+1"],"relics":["Burning Blood","Mango","Paper Frog","War Paint","Calipers","Velvet Choker","Lee\u0027s Waffle","Anchor","Darkstone Periapt","MutagenicStrength","Nunchaku","Shuriken"],"potions_floor_usage":[7,23,23,23,24,30],"damage_taken":[{"damage":7,"enemies":"2 Louse","floor":1,"turns":3},{"damage":9,"enemies":"Jaw Worm","floor":3,"turns":4},{"damage":4,"enemies":"Cultist","floor":4,"turns":3},{"damage":14,"enemies":"2 Fungi Beasts","floor":5,"turns":4},{"damage":40,"enemies":"3 Sentries","floor":7,"turns":7},{"damage":27,"enemies":"Gremlin Nob","floor":10,"turns":4},{"damage":9,"enemies":"Exordium Thugs","floor":14,"turns":5},{"damage":28,"enemies":"The Guardian","floor":16,"turns":12},{"damage":22,"enemies":"Spheric Guardian","floor":18,"turns":4},{"damage":26,"enemies":"Shell Parasite","floor":20,"turns":4},{"damage":29,"enemies":"Centurion and Healer","floor":21,"turns":10},{"damage":13,"enemies":"Snake Plant","floor":22,"turns":4},{"damage":44,"enemies":"Slavers","floor":23,"turns":5},{"damage":37,"enemies":"Shelled Parasite and Fungi","floor":24,"turns":6},{"damage":10,"enemies":"Colosseum Slavers","floor":29,"turns":6},{"damage":57,"enemies":"Colosseum Nobs","floor":29,"turns":6},{"damage":22,"enemies":"Centurion and Healer","floor":30,"turns":8},{"damage":6,"enemies":"Snake Plant","floor":31,"turns":5},{"damage":72,"enemies":"Champ","floor":33,"turns":13}],"seed_played":"-785677338099226870","potions_obtained":[{"floor":3,"key":"Fire Potion"},{"floor":5,"key":"Swift Potion"},{"floor":16,"key":"LiquidBronze"},{"floor":20,"key":"Explosive Potion"},{"floor":23,"key":"BloodPotion"},{"floor":29,"key":"PowerPotion"}],"is_trial":false,"path_per_floor":["M","?","M","M","M","R","E","R","T","E","$","R","?","M","R","B",null,"M","$","M","M","M","E","M","R","T","?","R","?","M","M","R","B"],"character_chosen":"IRONCLAD","items_purchased":["Calipers","Clothesline","Lee\u0027s Waffle"],"campfire_rested":5,"item_purchase_floors":[11,11,19],"current_hp_per_floor":[71,71,68,70,62,62,42,70,70,52,52,81,81,81,81,63,94,78,111,91,71,64,26,23,57,57,57,91,42,29,29,65,0],"gold":367,"neow_bonus":"UPGRADE_CARD","is_prod":false,"is_daily":false,"chose_seed":false,"campfire_upgraded":2,"win_rate":0,"timestamp":1563910911,"path_taken":["M","?","M","M","M","R","E","R","T","E","$","R","?","M","R","BOSS","M","$","M","M","M","E","M","R","T","?","R","?","M","M","R","BOSS"],"build_version":"2019-07-05","purchased_purges":1,"victory":false,"max_hp_per_floor":[80,80,80,80,80,80,94,94,94,97,97,97,97,100,100,104,104,104,111,111,114,114,114,114,114,114,114,114,120,123,123,123,123],"card_choices":[{"not_picked":["Thunderclap","Sever Soul"],"picked":"Disarm","floor":1},{"not_picked":["Thunderclap","Wild Strike"],"picked":"Twin Strike","floor":3},{"not_picked":["Rage","Heavy Blade"],"picked":"Armaments","floor":4},{"not_picked":["Armaments","Headbutt"],"picked":"Feed","floor":5},{"not_picked":["Armaments","Body Slam"],"picked":"Sword Boomerang","floor":7},{"not_picked":["Sentinel","Warcry"],"picked":"Iron Wave","floor":10},{"not_picked":["Clothesline","Pommel Strike"],"picked":"Inflame","floor":14},{"not_picked":["Berserk","Dark Embrace"],"picked":"Brutality","floor":16},{"not_picked":["True Grit","Clash"],"picked":"Pommel Strike+1","floor":18},{"not_picked":["Inflame","Evolve+1"],"picked":"True Grit+1","floor":20},{"not_picked":["Sword Boomerang","Headbutt"],"picked":"Whirlwind","floor":21},{"not_picked":["Sever Soul","Shockwave"],"picked":"Flame Barrier+1","floor":22},{"not_picked":["Dual Wield","Clothesline"],"picked":"Juggernaut","floor":23},{"not_picked":["Thunderclap","Armaments+1","Perfected Strike"],"picked":"SKIP","floor":24},{"not_picked":["Anger+1","Power Through"],"picked":"Shrug It Off+1","floor":29},{"not_picked":["Body Slam","Flex"],"picked":"Infernal Blade","floor":30},{"not_picked":["Dark Embrace","Iron Wave"],"picked":"Warcry+1","floor":31}],"player_experience":154085,"relics_obtained":[{"floor":7,"key":"Mango"},{"floor":9,"key":"Paper Frog"},{"floor":10,"key":"War Paint"},{"floor":23,"key":"Anchor"},{"floor":26,"key":"Darkstone Periapt"},{"floor":29,"key":"Nunchaku"},{"floor":29,"key":"Shuriken"}],"event_choices":[{"damage_healed":0,"gold_gain":74,"player_choice":"Gained Gold","damage_taken":0,"max_hp_gain":0,"max_hp_loss":0,"event_name":"Golden Wing","floor":2,"gold_loss":0},{"damage_healed":0,"gold_gain":175,"player_choice":"AGREE","damage_taken":0,"max_hp_gain":0,"max_hp_loss":0,"event_name":"Liars Game","floor":13,"gold_loss":0,"cards_obtained":["Doubt"]},{"damage_healed":0,"gold_gain":0,"player_choice":"Inject Mutagens","damage_taken":0,"relics_obtained":["MutagenicStrength"],"max_hp_gain":0,"max_hp_loss":0,"event_name":"Drug Dealer","floor":27,"gold_loss":0},{"damage_healed":0,"gold_gain":0,"player_choice":"Fight","damage_taken":0,"max_hp_gain":0,"max_hp_loss":0,"event_name":"Colosseum","floor":29,"gold_loss":0},{"damage_healed":0,"gold_gain":0,"player_choice":"Fought Nobs","damage_taken":0,"max_hp_gain":0,"max_hp_loss":0,"event_name":"Colosseum","floor":29,"gold_loss":0}],"is_beta":false,"boss_relics":[{"not_picked":["Black Blood","Busted Crown"],"picked":"Velvet Choker"}],"items_purged_floors":[19],"is_endless":false,"potions_floor_spawned":[3,5,16,20,23,29,29],"killed_by":"Champ","ascension_level":7}