{"gold_per_floor":[113,113,113,126,51,51,81,101,180,199,214,214,7,41,41,138,138,155,44,44,55,55,87,87,121,121,121,121,121,121,137,137,137],"floor_reached":33,"playtime":1893,"items_purged":["Strike_R","Strike_R"],"score":358,"play_id":"2691a3c1-bd4e-41ef-81ed-08e564605311","local_time":"20181221060241","is_ascension_mode":true,"campfire_choices":[{"data":"Hemokinesis","floor":6,"key":"SMITH"},{"data":"Juggernaut","floor":15,"key":"SMITH"},{"floor":24,"key":"DIG"},{"floor":27,"key":"DIG"},{"floor":30,"key":"DIG"},{"floor":32,"key":"DIG"}],"neow_cost":"NONE","seed_source_timestamp":159411559613616,"circlet_count":0,"master_deck":["Strike_R","Strike_R","Strike_R","Defend_R+1","Defend_R","Defend_R","Defend_R+1","Bash","True Grit","Hemokinesis+1","Metallicize","Shrug It Off","Juggernaut+1","Iron Wave","Discovery","Body Slam","Juggernaut","Clumsy","Writhe","Clumsy","Searing Blow","Entrench","Dual Wield","Inflame","RitualDagger","Offering","Shrug It Off+1"],"relics":["Burning Blood","Bag of Marbles","Bronze Scales","Bottled Tornado","Art of War","Calling Bell","Blood Vial","Meat on the Bone","Shovel","Dodecahedron","Dead Branch","Charon\u0027s Ashes","Prayer Wheel","Omamori","Lantern","Potion Belt","Molten Egg 2"],"potions_floor_usage":[11,16,16,21,25,25],"damage_taken":[{"damage":7,"enemies":"2 Louse","floor":1,"turns":2},{"damage":1,"enemies":"Small Slimes","floor":4,"turns":3},{"damage":28,"enemies":"3 Sentries","floor":7,"turns":7},{"damage":11,"enemies":"Jaw Worm","floor":8,"turns":2},{"damage":2,"enemies":"3 Louse","floor":10,"turns":4},{"damage":7,"enemies":"Looter","floor":11,"turns":3},{"damage":23,"enemies":"Gremlin Nob","floor":14,"turns":5},{"damage":6,"enemies":"The Guardian","floor":16,"turns":8},{"damage":5,"enemies":"Spheric Guardian","floor":18,"turns":4},{"damage":0,"enemies":"3 Byrds","floor":21,"turns":2},{"damage":50,"enemies":"Gremlin Leader","floor":23,"turns":8},{"damage":27,"enemies":"Slavers","floor":25,"turns":6},{"damage":12,"enemies":"3 Cultists","floor":31,"turns":4},{"damage":57,"enemies":"Collector","floor":33,"turns":6}],"seed_played":"-8147007364487346159","potions_obtained":[{"floor":4,"key":"FairyPotion"},{"floor":7,"key":"AttackPotion"},{"floor":11,"key":"Strength Potion"},{"floor":14,"key":"Swift Potion"},{"floor":16,"key":"Energy Potion"},{"floor":18,"key":"LiquidBronze"},{"floor":23,"key":"BloodPotion"}],"is_trial":false,"path_per_floor":["M","?","?","M","$","R","E","M","T","M","M","?","$","E","R","B",null,"M","$","?","M","?","E","R","E","T","R","?","?","R","M","R","B"],"character_chosen":"IRONCLAD","items_purchased":["Iron Wave","Discovery","Entrench","Dual Wield"],"campfire_rested":0,"item_purchase_floors":[13,13,19,19],"current_hp_per_floor":[87,87,87,88,88,88,66,61,61,65,64,46,46,29,29,29,88,88,88,88,88,82,52,52,53,53,53,53,36,36,44,44,0],"gold":137,"neow_bonus":"TEN_PERCENT_HP_BONUS","is_prod":false,"is_daily":false,"chose_seed":false,"campfire_upgraded":2,"win_rate":0,"timestamp":1545397361,"path_taken":["M","?","?","M","$","R","E","M","T","M","M","?","$","E","R","BOSS","M","$","?","M","?","E","R","E","T","R","?","?","R","M","R","BOSS"],"build_version":"2018-12-20","purchased_purges":2,"victory":false,"max_hp_per_floor":[88,88,88,88,88,88,88,88,88,88,88,88,88,88,88,88,88,88,88,88,88,88,88,88,88,88,88,88,93,93,93,93,93],"card_choices":[{"not_picked":["Armaments","Body Slam"],"picked":"True Grit","floor":1},{"not_picked":["Heavy Blade","Feel No Pain"],"picked":"Hemokinesis","floor":4},{"not_picked":["Havoc","Anger"],"picked":"Metallicize","floor":7},{"not_picked":["Flex","Clash","Reckless Charge"],"picked":"SKIP","floor":8},{"not_picked":["Dropkick","Clothesline"],"picked":"Shrug It Off","floor":10},{"not_picked":["Shrug It Off","Battle Trance"],"picked":"Juggernaut","floor":11},{"not_picked":["Bloodletting","Iron Wave"],"picked":"Body Slam","floor":14},{"not_picked":["Exhume","Impervious"],"picked":"Juggernaut","floor":16},{"not_picked":["Anger","Perfected Strike+1"],"picked":"Searing Blow","floor":18},{"not_picked":["Searing Blow","Cleave","Anger"],"picked":"SKIP","floor":21},{"not_picked":["Battle Trance","Flame Barrier+1"],"picked":"Offering","floor":23},{"not_picked":["Twin Strike","Cleave"],"picked":"Shrug It Off+1","floor":25},{"not_picked":["Anger","Clash","Shrug It Off+1"],"picked":"SKIP","floor":31},{"not_picked":["Body Slam","Shockwave","Pommel Strike"],"picked":"SKIP","floor":31}],"player_experience":149940,"relics_obtained":[{"floor":7,"key":"Bronze Scales"},{"floor":9,"key":"Bottled Tornado"},{"floor":14,"key":"Art of War"},{"floor":17,"key":"Blood Vial"},{"floor":17,"key":"Meat on the Bone"},{"floor":17,"key":"Shovel"},{"floor":23,"key":"Dodecahedron"},{"floor":24,"key":"Dead Branch"},{"floor":25,"key":"Charon\u0027s Ashes"},{"floor":26,"key":"Prayer Wheel"},{"floor":27,"key":"Omamori"},{"floor":30,"key":"Potion Belt"},{"floor":32,"key":"Molten Egg 2"}],"event_choices":[{"damage_healed":0,"gold_gain":0,"player_choice":"Box","damage_taken":0,"relics_obtained":["Bag of Marbles"],"max_hp_gain":0,"max_hp_loss":0,"event_name":"Big Fish","floor":2,"gold_loss":0,"cards_obtained":["Regret"]},{"cards_removed":["Regret"],"damage_healed":0,"gold_gain":0,"player_choice":"Forget","damage_taken":0,"max_hp_gain":0,"max_hp_loss":0,"event_name":"Living Wall","floor":3,"gold_loss":0},{"damage_healed":0,"gold_gain":0,"player_choice":"Entered Light","damage_taken":18,"max_hp_gain":0,"max_hp_loss":0,"event_name":"Shining Light","floor":12,"gold_loss":0,"cards_upgraded":["Defend_R","Defend_R"]},{"damage_healed":0,"gold_gain":0,"player_choice":"Read","damage_taken":0,"max_hp_gain":0,"max_hp_loss":0,"event_name":"The Library","floor":20,"gold_loss":0,"cards_obtained":["Inflame"]},{"damage_healed":0,"gold_gain":0,"player_choice":"Joined the Cult","damage_taken":6,"max_hp_gain":0,"max_hp_loss":0,"event_name":"Nest","floor":22,"gold_loss":0,"cards_obtained":["RitualDagger"]},{"damage_healed":0,"gold_gain":0,"player_choice":"Opened","damage_taken":0,"relics_obtained":["Lantern"],"max_hp_gain":0,"max_hp_loss":0,"event_name":"The Mausoleum","floor":28,"gold_loss":0,"cards_obtained":["Writhe"]},{"damage_healed":0,"gold_gain":0,"player_choice":"Shed Blood","damage_taken":22,"max_hp_gain":5,"max_hp_loss":0,"event_name":"Forgotten Altar","floor":29,"gold_loss":0}],"is_beta":false,"boss_relics":[{"not_picked":["White Beast Statue","Eternal Feather"],"picked":"Calling Bell"}],"items_purged_floors":[5,13],"is_endless":false,"potions_floor_spawned":[4,7,11,14,16,18,23],"killed_by":"Collector","ascension_level":1}