{"gold_per_floor":[116,191,191,8,8,8,27,54,125,138,157,189,189,209,209,306,306,326,338,118,133,133,133,165,180,206,218,218,218,237,263,263,359,359,379,391,411,39,114,114,132,144,144,144,144,159,159,171,171,171],"floor_reached":51,"playtime":3593,"items_purged":["Strike_R","Defend_R"],"score":751,"play_id":"aa6fa511-d882-4d5c-8352-7ae45d4ec0ed","local_time":"20190705231408","is_ascension_mode":false,"campfire_choices":[{"floor":6,"key":"REST"},{"floor":15,"key":"REST"},{"floor":23,"key":"REST"},{"floor":29,"key":"REST"},{"floor":32,"key":"REST"},{"floor":40,"key":"REST"},{"data":"Heavy Blade","floor":45,"key":"SMITH"},{"floor":47,"key":"REST"},{"floor":49,"key":"REST"}],"neow_cost":"NONE","seed_source_timestamp":738576924618546,"circlet_count":0,"master_deck":["Strike_R","Strike_R","Strike_R","Strike_R","Defend_R","Defend_R","Defend_R","Bash","Limit Break+1","Pommel Strike","Thunderclap","Heavy Blade+1","Seeing Red+1","Pommel Strike","Flex+1","Battle Trance+1","Headbutt","Impervious+1","Cleave","Inflame","Intimidate+1","Ghostly Armor+1","Anger","Flex+1","Flex+1","Headbutt+1","Immolate","Perfected Strike","Double Tap+1","Headbutt+1","Pommel Strike+1","Whirlwind+1","Inflame+1","Limit Break+1","Armaments+1","Whirlwind+1","Anger+1","Cleave+1","Flex+1","Armaments+1","Anger"],"relics":["Burning Blood","Regal Pillow","Dream Catcher","Meat on the Bone","Toxic Egg 2","Lantern","Mark of Pain","Vajra","Anchor","Boot","Frozen Egg 2","Runic Cube","DollysMirror","Omamori"],"potions_floor_usage":[16,25,31,33,37],"damage_taken":[{"damage":7,"enemies":"Small Slimes","floor":1,"turns":4},{"damage":11,"enemies":"Jaw Worm","floor":7,"turns":4},{"damage":32,"enemies":"Gremlin Nob","floor":8,"turns":5},{"damage":0,"enemies":"Cultist","floor":10,"turns":3},{"damage":10,"enemies":"Looter","floor":11,"turns":3},{"damage":36,"enemies":"Lagavulin","floor":12,"turns":5},{"damage":13,"enemies":"Exordium Thugs","floor":14,"turns":4},{"damage":43,"enemies":"The Guardian","floor":16,"turns":4},{"damage":5,"enemies":"Chosen","floor":18,"turns":4},{"damage":25,"enemies":"2 Thieves","floor":19,"turns":4},{"damage":57,"enemies":"Centurion and Healer","floor":21,"turns":6},{"damage":9,"enemies":"Gremlin Leader","floor":24,"turns":7},{"damage":17,"enemies":"Shelled Parasite and Fungi","floor":25,"turns":5},{"damage":0,"enemies":"Cultist and Chosen","floor":27,"turns":4},{"damage":10,"enemies":"Sentry and Sphere","floor":30,"turns":3},{"damage":40,"enemies":"Book of Stabbing","floor":31,"turns":5},{"damage":70,"enemies":"Automaton","floor":33,"turns":8},{"damage":18,"enemies":"3 Shapes","floor":35,"turns":5},{"damage":5,"enemies":"3 Darklings","floor":36,"turns":5},{"damage":35,"enemies":"4 Shapes","floor":37,"turns":3},{"damage":10,"enemies":"Transient","floor":41,"turns":5},{"damage":30,"enemies":"Jaw Worm Horde","floor":42,"turns":3},{"damage":14,"enemies":"Spire Growth","floor":46,"turns":3},{"damage":15,"enemies":"Maw","floor":48,"turns":5},{"damage":47,"enemies":"Donu and Deca","floor":50,"turns":6}],"seed_played":"-2230258486752596421","potions_obtained":[{"floor":7,"key":"GamblersBrew"},{"floor":8,"key":"SteroidPotion"},{"floor":16,"key":"Swift Potion"},{"floor":19,"key":"Explosive Potion"},{"floor":27,"key":"SmokeBomb"},{"floor":30,"key":"BloodPotion"},{"floor":36,"key":"BloodPotion"},{"floor":42,"key":"Fire Potion"},{"floor":46,"key":"GamblersBrew"}],"is_trial":false,"path_per_floor":["M","?","?","$","$","R","M","E","T","M","M","E","?","M","R","B",null,"M","M","$","M","?","R","E","M","T","M","?","R","M","E","R","B",null,"M","M","M","$","?","R","M","M","T","?","R","M","R","M","R","B",null],"character_chosen":"IRONCLAD","items_purchased":["Dream Catcher","Thunderclap","Vajra","Inflame+1","DollysMirror"],"campfire_rested":8,"item_purchase_floors":[4,4,20,38,38],"current_hp_per_floor":[79,68,56,56,56,80,75,49,49,55,51,33,33,38,77,52,80,80,61,61,22,22,61,58,47,47,53,58,80,76,62,80,28,80,68,69,60,60,52,80,76,52,52,72,72,64,80,71,80,51],"gold":171,"neow_bonus":"ONE_RANDOM_RARE_CARD","is_prod":false,"is_daily":false,"chose_seed":false,"campfire_upgraded":1,"win_rate":0.0,"timestamp":1562364848,"path_taken":["M","?","?","?","$","R","M","E","T","?","M","E","?","M","R","BOSS","M","M","$","M","?","R","E","M","T","M","?","R","M","E","R","BOSS","M","M","M","$","?","R","?","M","T","?","R","M","R","M","R","BOSS"],"build_version":"2019-07-01","purchased_purges":2,"victory":true,"max_hp_per_floor":[80,80,80,80,80,80,80,80,80,80,80,80,80,80,80,80,80,80,80,80,80,80,80,80,80,80,80,80,80,80,80,80,80,80,80,80,80,80,80,80,80,80,80,80,80,80,80,80,80,80],"card_choices":[{"not_picked":["Iron Wave","Disarm"],"picked":"Pommel Strike","floor":1},{"not_picked":["Sword Boomerang","Disarm"],"picked":"Clash","floor":6},{"not_picked":["Infernal Blade","Pommel Strike"],"picked":"Heavy Blade","floor":7},{"not_picked":["Brutality","Flame Barrier","Hemokinesis"],"picked":"SKIP","floor":8},{"not_picked":["Sentinel+1","Flex+1"],"picked":"Seeing Red+1","floor":10},{"not_picked":["Feel No Pain","Combust"],"picked":"Pommel Strike","floor":11},{"not_picked":["Iron Wave","Clash"],"picked":"Flex+1","floor":12},{"not_picked":["Shrug It Off+1","Rupture"],"picked":"Battle Trance+1","floor":14},{"not_picked":["Thunderclap","Rampage"],"picked":"Headbutt","floor":15},{"not_picked":["Brutality","Bludgeon"],"picked":"Impervious+1","floor":16},{"not_picked":["Thunderclap","Sword Boomerang"],"picked":"Cleave","floor":18},{"not_picked":["Cleave","Heavy Blade"],"picked":"Inflame","floor":19},{"not_picked":["Shrug It Off+1","Reckless Charge"],"picked":"Intimidate+1","floor":21},{"not_picked":["Searing Blow","Flame Barrier+1"],"picked":"Ghostly Armor+1","floor":23},{"not_picked":["Reckless Charge","Iron Wave+1"],"picked":"Anger","floor":24},{"not_picked":["Clash","Rampage"],"picked":"Flex+1","floor":25},{"not_picked":["Clash","True Grit+1"],"picked":"Flex+1","floor":27},{"not_picked":["Pummel+1","Dual Wield+1"],"picked":"Headbutt+1","floor":29},{"not_picked":["Body Slam","Fire Breathing+1","Evolve"],"picked":"SKIP","floor":30},{"not_picked":["Ghostly Armor+1","Rampage"],"picked":"Immolate","floor":31},{"not_picked":["Sentinel+1","True Grit+1"],"picked":"Perfected Strike","floor":32},{"not_picked":["Offering+1","Exhume+1"],"picked":"Double Tap+1","floor":33},{"not_picked":["Disarm+1","Hemokinesis+1"],"picked":"Headbutt+1","floor":35},{"not_picked":["Dropkick","Clash"],"picked":"Pommel Strike+1","floor":36},{"not_picked":["Shrug It Off+1","Twin Strike+1"],"picked":"Whirlwind+1","floor":37},{"not_picked":["Body Slam+1","Twin Strike"],"picked":"Armaments+1","floor":40},{"not_picked":["Havoc+1","Perfected Strike+1"],"picked":"Whirlwind+1","floor":41},{"not_picked":["Flex+1","Brutality+1"],"picked":"Anger+1","floor":42},{"not_picked":["True Grit+1","Armaments+1"],"picked":"Cleave+1","floor":46},{"not_picked":["Wild Strike","Blood for Blood"],"picked":"Flex+1","floor":47},{"not_picked":["Clash","Power Through+1"],"picked":"Armaments+1","floor":48},{"not_picked":["Inflame+1","Sword Boomerang+1"],"picked":"Anger","floor":49}],"player_experience":30041,"relics_obtained":[{"floor":8,"key":"Meat on the Bone"},{"floor":9,"key":"Toxic Egg 2"},{"floor":12,"key":"Lantern"},{"floor":24,"key":"Anchor"},{"floor":26,"key":"Boot"},{"floor":31,"key":"Frozen Egg 2"},{"floor":43,"key":"Omamori"}],"event_choices":[{"damage_healed":0,"gold_gain":75,"player_choice":"Gather Gold","damage_taken":11,"max_hp_gain":0,"max_hp_loss":0,"event_name":"World of Goop","floor":2,"gold_loss":0},{"damage_healed":0,"gold_gain":0,"player_choice":"Success","damage_taken":12,"relics_obtained":["Regal Pillow"],"max_hp_gain":0,"max_hp_loss":0,"event_name":"Scrap Ooze","floor":3,"gold_loss":0},{"damage_healed":0,"gold_gain":0,"player_choice":"Grow","damage_taken":0,"max_hp_gain":0,"max_hp_loss":0,"event_name":"Living Wall","floor":13,"gold_loss":0,"cards_upgraded":["Limit Break"]},{"damage_healed":0,"gold_gain":0,"player_choice":"Ignored","damage_taken":0,"max_hp_gain":0,"max_hp_loss":0,"event_name":"Beggar","floor":22,"gold_loss":0},{"cards_removed":["Clash"],"damage_healed":5,"gold_gain":0,"player_choice":"Offered Common","damage_taken":0,"max_hp_gain":0,"max_hp_loss":0,"event_name":"Bonfire Elementals","floor":28,"gold_loss":0},{"cards_removed":["Clash"],"damage_healed":5,"gold_gain":0,"player_choice":"Offered Special","damage_taken":0,"max_hp_gain":0,"max_hp_loss":0,"event_name":"Bonfire Elementals","floor":28,"gold_loss":0},{"damage_healed":0,"gold_gain":75,"player_choice":"Touch","damage_taken":8,"max_hp_gain":0,"max_hp_loss":0,"event_name":"FaceTrader","floor":39,"gold_loss":0},{"damage_healed":20,"gold_gain":0,"player_choice":"Writhe","damage_taken":0,"max_hp_gain":0,"max_hp_loss":0,"event_name":"Winding Halls","floor":44,"gold_loss":0,"cards_obtained":["Writhe"]}],"is_beta":false,"boss_relics":[{"not_picked":["Cursed Key","Empty Cage"],"picked":"Mark of Pain"},{"not_picked":["Runic Dome","Sozu"],"picked":"Runic Cube"}],"items_purged_floors":[20,38],"is_endless":false,"potions_floor_spawned":[7,8,16,19,21,27,30,36,42,46],"ascension_level":0}