{"gold_per_floor":[118,130,205,12,28,58,73,97,97,97,116,126,180,208,208,306,306,317,333,353,353,353],"floor_reached":22,"playtime":1574,"items_purged":[],"score":238,"play_id":"f43bcb94-18c1-4b7f-ba4e-2124763ca82a","local_time":"20190712190844","is_ascension_mode":true,"campfire_choices":[{"floor":10,"key":"REST"},{"floor":15,"key":"REST"}],"neow_cost":"NONE","seed_source_timestamp":17032060264519,"circlet_count":0,"master_deck":["Strike_R","Strike_R","Strike_R","Strike_R","Strike_R","Defend_R","Defend_R","Defend_R","Defend_R","Bash+1","Entrench","True Grit","Corruption","Metallicize","Inflame","Anger","Offering","Dual Wield","Uppercut","Metallicize","Barricade","Cleave","Heavy Blade+1","Body Slam+1"],"relics":["Burning Blood","Strawberry","Mercury Hourglass","Odd Mushroom","Girya","Ancient Tea Set","Magic Flower","Fusion Hammer","Sundial"],"potions_floor_usage":[6,7,16,20],"damage_taken":[{"damage":7,"enemies":"Small Slimes","floor":1,"turns":5},{"damage":5,"enemies":"2 Louse","floor":2,"turns":3},{"damage":9,"enemies":"Jaw Worm","floor":5,"turns":4},{"damage":22,"enemies":"Gremlin Nob","floor":6,"turns":6},{"damage":4,"enemies":"Red Slaver","floor":7,"turns":4},{"damage":16,"enemies":"The Mushroom Lair","floor":8,"turns":4},{"damage":6,"enemies":"Blue Slaver","floor":11,"turns":3},{"damage":7,"enemies":"Exordium Wildlife","floor":12,"turns":3},{"damage":24,"enemies":"3 Sentries","floor":14,"turns":7},{"damage":44,"enemies":"The Guardian","floor":16,"turns":9},{"damage":39,"enemies":"Shell Parasite","floor":18,"turns":6},{"damage":30,"enemies":"2 Thieves","floor":19,"turns":4},{"damage":22,"enemies":"Shelled Parasite and Fungi","floor":20,"turns":4},{"damage":31,"enemies":"Masked Bandits","floor":22,"turns":2}],"seed_played":"-1694295112413361112","potions_obtained":[{"floor":1,"key":"Weak Potion"},{"floor":6,"key":"Weak Potion"},{"floor":8,"key":"Strength Potion"},{"floor":14,"key":"Ancient Potion"},{"floor":18,"key":"LiquidBronze"},{"floor":20,"key":"Ancient Potion"}],"is_trial":false,"path_per_floor":["M","M","?","$","M","E","M","?","T","R","M","M","T","E","R","B",null,"M","M","M","?","?"],"character_chosen":"IRONCLAD","items_purchased":["Strawberry","Corruption"],"campfire_rested":2,"item_purchase_floors":[4,4],"current_hp_per_floor":[79,80,69,76,73,57,59,49,49,75,75,74,74,56,82,47,87,57,36,23,23,0],"gold":353,"neow_bonus":"UPGRADE_CARD","is_prod":false,"is_daily":false,"chose_seed":false,"campfire_upgraded":0,"win_rate":0,"timestamp":1562954924,"path_taken":["M","M","?","$","M","E","M","?","T","R","M","M","?","E","R","BOSS","M","M","M","?","?"],"build_version":"2019-07-05","purchased_purges":0,"victory":false,"max_hp_per_floor":[80,80,80,87,87,87,87,87,87,87,87,87,87,87,87,87,87,87,87,87,87,87],"card_choices":[{"not_picked":["Second Wind","Perfected Strike"],"picked":"Entrench","floor":1},{"not_picked":["Thunderclap","Warcry"],"picked":"True Grit","floor":2},{"not_picked":["Havoc","Rampage"],"picked":"Metallicize","floor":5},{"not_picked":["Entrench","Reaper"],"picked":"Inflame","floor":6},{"not_picked":["Armaments","Clash"],"picked":"Anger","floor":7},{"not_picked":["Burning Pact","Anger"],"picked":"Offering","floor":8},{"not_picked":["Clash","Clothesline"],"picked":"Dual Wield","floor":11},{"not_picked":["Twin Strike","Sever Soul"],"picked":"Uppercut","floor":12},{"not_picked":["Armaments","Cleave"],"picked":"Metallicize","floor":14},{"not_picked":["Bludgeon","Double Tap"],"picked":"Barricade","floor":16},{"not_picked":["Flex+1","Sword Boomerang"],"picked":"Cleave","floor":18},{"not_picked":["Sword Boomerang","Cleave"],"picked":"Heavy Blade+1","floor":19},{"not_picked":["Havoc","Anger"],"picked":"Body Slam+1","floor":20}],"player_experience":101967,"relics_obtained":[{"floor":6,"key":"Mercury Hourglass"},{"floor":8,"key":"Odd Mushroom"},{"floor":9,"key":"Girya"},{"floor":13,"key":"Ancient Tea Set"},{"floor":14,"key":"Magic Flower"}],"event_choices":[{"damage_healed":0,"gold_gain":75,"player_choice":"Gather Gold","damage_taken":11,"max_hp_gain":0,"max_hp_loss":0,"event_name":"World of Goop","floor":3,"gold_loss":0},{"damage_healed":0,"gold_gain":0,"player_choice":"Fought Mushrooms","damage_taken":0,"max_hp_gain":0,"max_hp_loss":0,"event_name":"Mushrooms","floor":8,"gold_loss":0},{"damage_healed":0,"gold_gain":0,"player_choice":"Opened","damage_taken":0,"relics_obtained":["Sundial"],"max_hp_gain":0,"max_hp_loss":0,"event_name":"The Mausoleum","floor":21,"gold_loss":0},{"damage_healed":0,"gold_gain":0,"player_choice":"Fought Bandits","damage_taken":0,"max_hp_gain":0,"max_hp_loss":0,"event_name":"Masked Bandits","floor":22,"gold_loss":0}],"is_beta":false,"boss_relics":[{"not_picked":["Eternal Feather","Runic Dome"],"picked":"Fusion Hammer"}],"items_purged_floors":[],"is_endless":false,"potions_floor_spawned":[1,6,8,14,18,20],"killed_by":"Masked Bandits","ascension_level":4}