{"gold_per_floor":[113,188,208,58,69,69,102,112,112,112,37,37,57,74,74,179,179,195,195,206,222,84,84,110,110,180,95,95,127,127,156,156,261,261,272,282,282,77,92,92,119,119,119,119,119,130,130,130,130,130],"floor_reached":51,"playtime":2731,"items_purged":["Strike_R","Strike_R"],"score":837,"play_id":"7f25353e-e776-4456-b53b-6e8aa94eebaa","local_time":"20181223032038","is_ascension_mode":true,"campfire_choices":[{"data":"Searing Blow","floor":6,"key":"SMITH"},{"data":"Searing Blow+1","floor":10,"key":"SMITH"},{"data":"Searing Blow+2","floor":12,"key":"SMITH"},{"data":"Searing Blow+3","floor":15,"key":"SMITH"},{"data":"Searing Blow+4","floor":23,"key":"SMITH"},{"data":"Searing Blow+5","floor":25,"key":"SMITH"},{"data":"Searing Blow+6","floor":28,"key":"SMITH"},{"data":"Searing Blow+7","floor":30,"key":"SMITH"},{"data":"Searing Blow+8","floor":32,"key":"SMITH"},{"data":"Fiend Fire","floor":40,"key":"SMITH"},{"data":"Searing Blow+9","floor":42,"key":"SMITH"},{"data":"Searing Blow+10","floor":44,"key":"SMITH"},{"data":"Searing Blow+11","floor":49,"key":"SMITH"}],"neow_cost":"NONE","seed_source_timestamp":109829799085618,"circlet_count":0,"master_deck":["Strike_R","Strike_R","Defend_R","Defend_R","Defend_R","Defend_R","Bash","Searing Blow+12","Flex","Fiend Fire+1","Ghostly Armor+1","Offering+1","Impervious+1","Warcry+1","Armaments+1","True Grit+1","Warcry+1","Thunderclap+1","Madness+1","Madness+1","Battle Trance+1","Warcry+1","Dual Wield+1","Doubt","Headbutt","Apotheosis+1","Panache","Master of Strategy+1"],"relics":["Burning Blood","Vajra","Dodecahedron","Toxic Egg 2","Coffee Dripper","Matryoshka","Blood Vial","The Courier","Pantograph","Dream Catcher","Prayer Wheel","Busted Crown","Lantern","Question Card","Happy Flower","Ornamental Fan"],"potions_floor_usage":[16,29,29,29],"damage_taken":[{"damage":6,"enemies":"Cultist","floor":1,"turns":3},{"damage":9,"enemies":"Jaw Worm","floor":3,"turns":3},{"damage":2,"enemies":"2 Louse","floor":5,"turns":2},{"damage":40,"enemies":"3 Sentries","floor":7,"turns":9},{"damage":12,"enemies":"Looter","floor":8,"turns":3},{"damage":0,"enemies":"Large Slime","floor":13,"turns":3},{"damage":0,"enemies":"Exordium Thugs","floor":14,"turns":3},{"damage":27,"enemies":"The Guardian","floor":16,"turns":9},{"damage":1,"enemies":"Spheric Guardian","floor":18,"turns":3},{"damage":14,"enemies":"3 Byrds","floor":20,"turns":3},{"damage":11,"enemies":"Shelled Parasite and Fungi","floor":21,"turns":3},{"damage":27,"enemies":"Book of Stabbing","floor":24,"turns":4},{"damage":13,"enemies":"Slavers","floor":29,"turns":6},{"damage":20,"enemies":"Book of Stabbing","floor":31,"turns":3},{"damage":34,"enemies":"Champ","floor":33,"turns":7},{"damage":35,"enemies":"3 Shapes","floor":35,"turns":5},{"damage":6,"enemies":"3 Darklings","floor":36,"turns":7},{"damage":1,"enemies":"Maw","floor":39,"turns":5},{"damage":53,"enemies":"Reptomancer","floor":41,"turns":5},{"damage":28,"enemies":"Writhing Mass","floor":46,"turns":5},{"damage":62,"enemies":"Donu and Deca","floor":50,"turns":6}],"seed_played":"-8893889324322531915","potions_obtained":[{"floor":7,"key":"Poison Potion"},{"floor":14,"key":"EssenceOfSteel"},{"floor":16,"key":"EssenceOfSteel"},{"floor":18,"key":"EssenceOfSteel"},{"floor":20,"key":"LiquidBronze"},{"floor":41,"key":"FearPotion"}],"is_trial":false,"path_per_floor":["M","?","M","$","M","R","E","M","T","R","$","R","M","M","R","B",null,"M","?","M","M","$","R","E","R","T","?","R","E","R","E","R","B",null,"M","M","?","$","M","R","E","R","T","R","?","M","?","?","R","B",null],"character_chosen":"IRONCLAD","items_purchased":["Vajra","Impervious+1","Lantern"],"campfire_rested":0,"item_purchase_floors":[4,22,38],"current_hp_per_floor":[80,69,66,66,70,70,36,30,30,30,30,30,36,42,42,21,80,80,65,57,52,52,52,31,31,31,31,31,26,26,14,14,13,85,56,58,47,47,54,54,9,9,9,9,85,63,63,53,53,24],"gold":130,"neow_bonus":"TRANSFORM_CARD","is_prod":false,"is_daily":false,"chose_seed":false,"campfire_upgraded":13,"win_rate":0,"timestamp":1545560438,"path_taken":["M","?","M","$","M","R","E","M","T","R","$","R","M","M","R","BOSS","M","?","M","M","$","R","E","R","T","?","R","E","R","E","R","BOSS","M","M","?","$","M","R","E","R","T","R","?","M","?","?","R","BOSS"],"build_version":"2018-12-20","purchased_purges":2,"victory":true,"max_hp_per_floor":[80,80,80,80,80,80,80,80,80,80,80,80,80,80,80,80,80,80,85,85,85,85,85,85,85,85,85,85,85,85,85,85,85,85,85,85,85,85,85,85,85,85,85,85,85,85,85,85,85,85],"card_choices":[{"not_picked":["Rampage","Armaments"],"picked":"Flex","floor":1},{"not_picked":["Armaments","True Grit","Perfected Strike"],"picked":"SKIP","floor":3},{"not_picked":["Clothesline","Blood for Blood","Wild Strike"],"picked":"SKIP","floor":5},{"not_picked":["Rupture","Intimidate"],"picked":"Fiend Fire","floor":7},{"not_picked":["Sentinel","Heavy Blade","Perfected Strike"],"picked":"SKIP","floor":8},{"not_picked":["Sword Boomerang","Clothesline"],"picked":"Thunderclap","floor":13},{"not_picked":["Sentinel+1","Flex+1"],"picked":"Ghostly Armor+1","floor":14},{"not_picked":["Exhume+1","Reaper"],"picked":"Offering+1","floor":16},{"not_picked":["Perfected Strike+1","Flame Barrier+1","Sever Soul"],"picked":"SKIP","floor":18},{"not_picked":["Combust","Havoc+1","Dropkick"],"picked":"SKIP","floor":20},{"not_picked":["Twin Strike","Wild Strike","Pummel+1"],"picked":"SKIP","floor":21},{"not_picked":["Disarm+1","Demon Form","Body Slam+1"],"picked":"SKIP","floor":24},{"not_picked":["Flame Barrier+1","Heavy Blade+1"],"picked":"Warcry+1","floor":29},{"not_picked":["Thunderclap","Infernal Blade+1"],"picked":"Armaments+1","floor":31},{"not_picked":[],"picked":"True Grit+1","floor":35},{"not_picked":[],"picked":"Warcry+1","floor":35},{"not_picked":[],"picked":"Thunderclap+1","floor":36},{"not_picked":["Second Wind+1"],"picked":"SKIP","floor":36},{"not_picked":[],"picked":"Battle Trance+1","floor":39},{"not_picked":[],"picked":"Warcry+1","floor":39},{"not_picked":[],"picked":"Dual Wield+1","floor":41},{"not_picked":["Body Slam"],"picked":"Headbutt","floor":46},{"not_picked":["Cleave+1","Intimidate+1"],"picked":"SKIP","floor":46},{"not_picked":["Panache"],"picked":"Apotheosis+1","floor":48},{"not_picked":["Swift Strike"],"picked":"Panache","floor":48},{"not_picked":["Enlightenment+1"],"picked":"Master of Strategy+1","floor":48}],"player_experience":182243,"relics_obtained":[{"floor":7,"key":"Dodecahedron"},{"floor":9,"key":"Toxic Egg 2"},{"floor":24,"key":"Matryoshka"},{"floor":26,"key":"Blood Vial"},{"floor":26,"key":"The Courier"},{"floor":29,"key":"Dream Catcher"},{"floor":31,"key":"Prayer Wheel"},{"floor":41,"key":"Question Card"},{"floor":43,"key":"Happy Flower"},{"floor":43,"key":"Ornamental Fan"}],"event_choices":[{"damage_healed":0,"gold_gain":75,"player_choice":"Gather Gold","damage_taken":11,"max_hp_gain":0,"max_hp_loss":0,"event_name":"World of Goop","floor":2,"gold_loss":0},{"damage_healed":0,"gold_gain":0,"player_choice":"Shed Blood","damage_taken":20,"max_hp_gain":5,"max_hp_loss":0,"event_name":"Forgotten Altar","floor":19,"gold_loss":0},{"damage_healed":0,"gold_gain":0,"player_choice":"Obtained Relic","damage_taken":0,"relics_obtained":["Pantograph"],"max_hp_gain":0,"max_hp_loss":0,"event_name":"Addict","floor":27,"gold_loss":85},{"damage_healed":0,"gold_gain":0,"player_choice":"Embrace Madness","damage_taken":11,"max_hp_gain":0,"max_hp_loss":0,"event_name":"Winding Halls","floor":37,"gold_loss":0,"cards_obtained":["Madness","Madness"]},{"damage_healed":76,"gold_gain":0,"player_choice":"Heal","damage_taken":0,"max_hp_gain":0,"max_hp_loss":0,"event_name":"MindBloom","floor":45,"gold_loss":0,"cards_obtained":["Doubt"]},{"cards_removed":["Thunderclap"],"damage_healed":0,"gold_gain":0,"player_choice":"Removed Attack","damage_taken":0,"max_hp_gain":0,"max_hp_loss":0,"event_name":"Falling","floor":47,"gold_loss":0},{"damage_healed":0,"gold_gain":0,"player_choice":"Memory 3","damage_taken":10,"max_hp_gain":0,"max_hp_loss":0,"event_name":"SensoryStone","floor":48,"gold_loss":0}],"is_beta":false,"boss_relics":[{"not_picked":["Cursed Key","Sozu"],"picked":"Coffee Dripper"},{"not_picked":["Black Star","Calling Bell"],"picked":"Busted Crown"}],"items_purged_floors":[11,38],"is_endless":false,"potions_floor_spawned":[7,14,16,18,20,21,41],"ascension_level":3}