{"gold_per_floor":[109,384,12,27,46,46,76,76,76,76,86,14,14,29,29,125,125,135,135,148,148,166,166,195,195,195,195,212,227,247,247,247,247],"floor_reached":33,"playtime":1561,"items_purged":["Regret"],"score":307,"play_id":"04c9d188-5838-4692-a8dc-baf5a882ac6a","local_time":"20190223210852","is_ascension_mode":true,"campfire_choices":[{"floor":6,"key":"DIG"},{"floor":10,"key":"REST"},{"floor":15,"key":"REST"},{"floor":23,"key":"REST"},{"floor":25,"key":"DIG"},{"floor":27,"key":"DIG"},{"floor":32,"key":"REST"}],"neow_cost":"NONE","seed_source_timestamp":260240519726848,"circlet_count":0,"master_deck":["Strike_B","Strike_B","Strike_B","Defend_B","Defend_B","Defend_B","Defend_B","Zap","Dualcast","White Noise","Leap","Sweeping Beam","Leap","Machine Learning","Streamline","J.A.X.","BootSequence","Chill+1","Barrage","Clumsy","Go for the Eyes","Sweeping Beam+1","Hologram","Decay"],"relics":["Busted Crown","Shovel","Dodecahedron","Lantern","Mercury Hourglass","Cursed Key","Art of War","Meat on the Bone","Mango"],"potions_floor_usage":[7,14,16,16,16,18,22,22],"damage_taken":[{"damage":6,"enemies":"Small Slimes","floor":1,"turns":4},{"damage":0,"enemies":"Cultist","floor":4,"turns":4},{"damage":2,"enemies":"Jaw Worm","floor":5,"turns":3},{"damage":65,"enemies":"Gremlin Nob","floor":7,"turns":5},{"damage":6,"enemies":"3 Louse","floor":11,"turns":2},{"damage":0,"enemies":"Exordium Thugs","floor":14,"turns":4},{"damage":2,"enemies":"Hexaghost","floor":16,"turns":9},{"damage":15,"enemies":"2 Thieves","floor":18,"turns":4},{"damage":24,"enemies":"Shell Parasite","floor":20,"turns":5},{"damage":20,"enemies":"Snecko","floor":22,"turns":4},{"damage":24,"enemies":"Slavers","floor":24,"turns":6},{"damage":6,"enemies":"Cultist and Chosen","floor":28,"turns":7},{"damage":29,"enemies":"Sentry and Sphere","floor":29,"turns":4},{"damage":13,"enemies":"Snecko","floor":30,"turns":5},{"damage":65,"enemies":"Automaton","floor":33,"turns":6}],"seed_played":"9073745518968751320","potions_obtained":[{"floor":5,"key":"SteroidPotion"},{"floor":11,"key":"Block Potion"},{"floor":13,"key":"AttackPotion"},{"floor":13,"key":"SkillPotion"},{"floor":14,"key":"LiquidBronze"},{"floor":16,"key":"SkillPotion"},{"floor":18,"key":"GamblersBrew"},{"floor":20,"key":"AttackPotion"},{"floor":30,"key":"Weak Potion"}],"is_trial":false,"path_per_floor":["M","?","$","M","M","R","E","?","T","R","M","$","?","M","R","B",null,"M","?","M","?","M","R","E","R","T","R","M","M","M","?","R","B"],"character_chosen":"DEFECT","items_purchased":["Shovel","Leap","Sweeping Beam"],"campfire_rested":4,"item_purchase_floors":[3,12,12],"current_hp_per_floor":[69,69,69,69,67,67,2,2,2,24,18,18,18,18,40,38,75,60,60,36,36,16,38,14,14,14,28,34,17,16,16,42,0],"gold":247,"neow_bonus":"BOSS_RELIC","is_prod":false,"is_daily":false,"chose_seed":false,"campfire_upgraded":0,"win_rate":0,"timestamp":1550981332,"path_taken":["M","?","$","?","M","R","E","?","T","R","M","$","?","?","R","BOSS","M","?","M","?","M","R","E","R","T","R","M","M","?","?","R","BOSS"],"build_version":"2019-01-23","purchased_purges":1,"victory":false,"max_hp_per_floor":[75,75,75,75,75,75,75,75,75,75,75,75,75,75,75,75,75,75,75,75,75,75,75,75,75,75,89,89,89,89,89,89,89],"card_choices":[{"not_picked":["Cold Snap"],"picked":"SKIP","floor":1},{"not_picked":["Lockon"],"picked":"SKIP","floor":4},{"not_picked":[],"picked":"White Noise","floor":5},{"not_picked":["Barrage"],"picked":"SKIP","floor":7},{"not_picked":["Steam Power"],"picked":"SKIP","floor":11},{"not_picked":[],"picked":"Leap","floor":14},{"not_picked":[],"picked":"Machine Learning","floor":16},{"not_picked":[],"picked":"Streamline","floor":18},{"not_picked":[],"picked":"BootSequence","floor":20},{"not_picked":[],"picked":"Chill+1","floor":22},{"not_picked":[],"picked":"Barrage","floor":24},{"not_picked":[],"picked":"Go for the Eyes","floor":28},{"not_picked":[],"picked":"Sweeping Beam+1","floor":29},{"not_picked":[],"picked":"Hologram","floor":30}],"player_experience":416531,"relics_obtained":[{"floor":6,"key":"Dodecahedron"},{"floor":7,"key":"Lantern"},{"floor":9,"key":"Mercury Hourglass"},{"floor":24,"key":"Art of War"},{"floor":25,"key":"Meat on the Bone"},{"floor":27,"key":"Mango"}],"event_choices":[{"damage_healed":0,"gold_gain":275,"player_choice":"Desecrate","damage_taken":0,"max_hp_gain":0,"max_hp_loss":0,"event_name":"Golden Shrine","floor":2,"gold_loss":0,"cards_obtained":["Regret"]},{"damage_healed":0,"gold_gain":0,"player_choice":"Fled","damage_taken":0,"max_hp_gain":0,"max_hp_loss":0,"event_name":"Scrap Ooze","floor":8,"gold_loss":0},{"damage_healed":0,"gold_gain":0,"player_choice":"Got Potions","damage_taken":0,"max_hp_gain":0,"max_hp_loss":0,"event_name":"Lab","floor":13,"gold_loss":0},{"damage_healed":0,"gold_gain":0,"player_choice":"Obtain J.A.X.","damage_taken":0,"max_hp_gain":0,"max_hp_loss":0,"event_name":"Drug Dealer","floor":19,"gold_loss":0,"cards_obtained":["J.A.X."]},{"cards_removed":["Strike_B"],"damage_healed":0,"gold_gain":0,"player_choice":"Purged","damage_taken":0,"max_hp_gain":0,"max_hp_loss":0,"event_name":"Purifier","floor":21,"gold_loss":0},{"damage_healed":0,"gold_gain":0,"player_choice":"Smashed Altar","damage_taken":0,"max_hp_gain":0,"max_hp_loss":0,"event_name":"Forgotten Altar","floor":31,"gold_loss":0,"cards_obtained":["Decay"]}],"is_beta":false,"boss_relics":[{"not_picked":["Calling Bell","Runic Dome"],"picked":"Cursed Key"}],"items_purged_floors":[3],"is_endless":false,"potions_floor_spawned":[5,11,14,16,18,20,30],"killed_by":"Automaton","ascension_level":3}