{"gold_per_floor":[210,224,2,18,31,31,49,68,145,145,145,164,164,64,64,167,167,179,179,179,35,50,50,60,60],"floor_reached":25,"playtime":1720,"items_purged":["Strike_R","Regret"],"score":273,"play_id":"ed2a41ba-0acd-450d-a0c4-6bab601a2a97","local_time":"20190303005344","is_ascension_mode":true,"campfire_choices":[{"floor":11,"key":"REST"},{"floor":13,"key":"REST"},{"data":"True Grit","floor":15,"key":"SMITH"},{"data":"Rage","floor":23,"key":"SMITH"}],"neow_cost":"NONE","seed_source_timestamp":107452902592041,"circlet_count":0,"master_deck":["Strike_R","Strike_R","Strike_R","Strike_R","Defend_R","Defend_R","Defend_R","Defend_R","Bash","Pommel Strike","Disarm","True Grit+1","Feel No Pain+1","Demon Form+1","Second Wind","Evolve+1","Rage+1","Dual Wield+1"],"relics":["Bronze Scales","Frozen Egg 2","Sundial","Dead Branch","Nloth\u0027s Gift"],"potions_floor_usage":[5,8,25],"damage_taken":[{"damage":12,"enemies":"Small Slimes","floor":1,"turns":4},{"damage":2,"enemies":"Jaw Worm","floor":2,"turns":4},{"damage":1,"enemies":"Cultist","floor":4,"turns":3},{"damage":15,"enemies":"Gremlin Gang","floor":5,"turns":4},{"damage":52,"enemies":"Exordium Thugs","floor":7,"turns":6},{"damage":15,"enemies":"Lots of Slimes","floor":8,"turns":5},{"damage":15,"enemies":"Large Slime","floor":12,"turns":7},{"damage":34,"enemies":"The Guardian","floor":16,"turns":19},{"damage":25,"enemies":"Shell Parasite","floor":18,"turns":6},{"damage":22,"enemies":"Chosen","floor":22,"turns":4},{"damage":20,"enemies":"Snecko","floor":24,"turns":6},{"damage":41,"enemies":"Shelled Parasite and Fungi","floor":25,"turns":3}],"seed_played":"3380491429235077694","potions_obtained":[{"floor":1,"key":"Dexterity Potion"},{"floor":2,"key":"SteroidPotion"},{"floor":7,"key":"Ancient Potion"},{"floor":22,"key":"PowerPotion"},{"floor":24,"key":"PowerPotion"}],"is_trial":false,"path_per_floor":["M","M","$","M","M","?","M","M","T","?","R","M","R","$","R","B",null,"M","?","?","$","M","R","M","M"],"character_chosen":"IRONCLAD","items_purchased":["Bronze Scales","Second Wind","Evolve+1"],"campfire_rested":2,"item_purchase_floors":[3,21,21],"current_hp_per_floor":[66,70,70,75,66,66,20,11,11,4,28,19,43,43,43,15,64,49,75,75,75,53,53,33,0],"gold":60,"neow_bonus":"HUNDRED_GOLD","is_prod":false,"is_daily":false,"chose_seed":false,"campfire_upgraded":2,"win_rate":0,"timestamp":1551599624,"path_taken":["M","M","$","M","M","?","M","M","T","?","R","M","R","$","R","BOSS","M","?","?","$","?","R","?","M"],"build_version":"2019-01-23","purchased_purges":2,"victory":false,"max_hp_per_floor":[80,80,80,80,80,80,80,80,80,80,80,80,80,80,80,80,80,80,80,80,80,80,80,80,80],"card_choices":[{"not_picked":["Intimidate","Clash"],"picked":"Pommel Strike","floor":1},{"not_picked":["Perfected Strike","Clothesline","Infernal Blade"],"picked":"SKIP","floor":2},{"not_picked":["Anger","Havoc","Clothesline"],"picked":"SKIP","floor":4},{"not_picked":["Wild Strike","Clothesline","Havoc"],"picked":"SKIP","floor":5},{"not_picked":["Wild Strike","Warcry"],"picked":"Disarm","floor":7},{"not_picked":["Pommel Strike","Reckless Charge"],"picked":"True Grit","floor":8},{"not_picked":["Twin Strike","Pommel Strike"],"picked":"Feel No Pain+1","floor":12},{"not_picked":["Impervious","Immolate"],"picked":"Demon Form+1","floor":16},{"not_picked":["Armaments","Sword Boomerang","Flame Barrier"],"picked":"SKIP","floor":18},{"not_picked":["Shrug It Off+1","Metallicize+1"],"picked":"Rage","floor":22},{"not_picked":["Sword Boomerang","Metallicize+1"],"picked":"Dual Wield+1","floor":24}],"player_experience":452042,"relics_obtained":[{"floor":9,"key":"Sundial"}],"event_choices":[{"damage_healed":0,"gold_gain":0,"player_choice":"Box","damage_taken":0,"relics_obtained":["Frozen Egg 2"],"max_hp_gain":0,"max_hp_loss":0,"event_name":"Big Fish","floor":6,"gold_loss":0,"cards_obtained":["Regret"]},{"damage_healed":0,"gold_gain":0,"player_choice":"Success","damage_taken":7,"relics_obtained":["Dead Branch"],"max_hp_gain":0,"max_hp_loss":0,"event_name":"Scrap Ooze","floor":10,"gold_loss":0},{"damage_healed":26,"gold_gain":0,"player_choice":"Heal","damage_taken":0,"max_hp_gain":0,"max_hp_loss":0,"event_name":"The Library","floor":19,"gold_loss":0},{"damage_healed":0,"gold_gain":0,"player_choice":"Traded Relic","damage_taken":0,"relics_obtained":["Nloth\u0027s Gift"],"max_hp_gain":0,"max_hp_loss":0,"event_name":"N\u0027loth","floor":20,"relics_lost":["Black Blood"],"gold_loss":0}],"is_beta":false,"boss_relics":[{"not_picked":["Velvet Choker","Runic Dome"],"picked":"Black Blood"}],"items_purged_floors":[3,14],"is_endless":false,"potions_floor_spawned":[1,2,7,22,24],"killed_by":"Shelled Parasite and Fungi","ascension_level":8}