{"gold_per_floor":[119,294,294,12,25,25,96,128,128,157,157,168,199,199],"floor_reached":14,"playtime":627,"items_purged":["Regret"],"score":122,"play_id":"e2531162-6d54-41cd-b2da-e471befe23ab","local_time":"20190110191446","is_ascension_mode":true,"campfire_choices":[{"data":"Zap","floor":6,"key":"SMITH"}],"neow_cost":"NONE","seed_source_timestamp":1665033651280,"circlet_count":0,"master_deck":["Strike_B","Strike_B","Strike_B","Strike_B","Defend_B","Defend_B","Defend_B","Defend_B","Zap+1","Dualcast","Ball Lightning","Storm","Self Repair","Normality","Recycle","Consume"],"relics":["Sozu","Pen Nib","Membership Card","Mercury Hourglass","Singing Bowl","The Courier","Ornamental Fan","Boot"],"potions_floor_usage":[],"damage_taken":[{"damage":3,"enemies":"Jaw Worm","floor":1,"turns":4},{"damage":0,"enemies":"Cultist","floor":5,"turns":3},{"damage":20,"enemies":"3 Sentries","floor":8,"turns":6},{"damage":29,"enemies":"Lagavulin","floor":10,"turns":7},{"damage":0,"enemies":"Small Slimes","floor":12,"turns":2},{"damage":30,"enemies":"3 Sentries","floor":13,"turns":6},{"damage":17,"enemies":"Blue Slaver","floor":14,"turns":2}],"seed_played":"5631303500917087217","potions_obtained":[],"is_trial":false,"path_per_floor":["M","?","?","$","M","R","T","E","T","E","?","M","E","M"],"character_chosen":"DEFECT","items_purchased":["Membership Card","Storm"],"campfire_rested":0,"item_purchase_floors":[4,4],"current_hp_per_floor":[72,72,72,72,72,72,72,52,52,32,32,32,9,0],"gold":199,"neow_bonus":"BOSS_RELIC","is_prod":false,"is_daily":false,"chose_seed":false,"campfire_upgraded":1,"win_rate":0,"timestamp":1547172886,"path_taken":["M","?","?","?","?","R","?","E","T","E","?","M","E","M"],"build_version":"2019-01-10","purchased_purges":1,"victory":false,"max_hp_per_floor":[75,75,75,75,75,75,75,75,75,77,77,77,77,77],"card_choices":[{"not_picked":["Beam Cell","Steam"],"picked":"Ball Lightning","floor":1},{"not_picked":["Barrage","Beam Cell","Rebound"],"picked":"SKIP","floor":5},{"not_picked":["Melter","Hello World"],"picked":"Self Repair","floor":8},{"not_picked":["Amplify","Ball Lightning","Streamline"],"picked":"Singing Bowl","floor":10},{"not_picked":["Reinforced Body","Ball Lightning"],"picked":"Recycle","floor":12},{"not_picked":["Lockon","Hello World"],"picked":"Consume","floor":13}],"player_experience":283276,"relics_obtained":[{"floor":7,"key":"Mercury Hourglass"},{"floor":8,"key":"Singing Bowl"},{"floor":9,"key":"The Courier"},{"floor":10,"key":"Ornamental Fan"},{"floor":13,"key":"Boot"}],"event_choices":[{"damage_healed":0,"gold_gain":175,"player_choice":"AGREE","damage_taken":0,"max_hp_gain":0,"max_hp_loss":0,"event_name":"Liars Game","floor":2,"gold_loss":0,"cards_obtained":["Doubt"]},{"damage_healed":0,"gold_gain":0,"player_choice":"Box","damage_taken":0,"relics_obtained":["Pen Nib"],"max_hp_gain":0,"max_hp_loss":0,"event_name":"Big Fish","floor":3,"gold_loss":0,"cards_obtained":["Regret"]},{"damage_healed":0,"gold_gain":0,"cards_transformed":["Doubt"],"player_choice":"Transformed","damage_taken":0,"max_hp_gain":0,"max_hp_loss":0,"event_name":"Transmorgrifier","floor":11,"gold_loss":0,"cards_obtained":["Normality"]}],"is_beta":false,"boss_relics":[],"items_purged_floors":[4],"is_endless":false,"potions_floor_spawned":[8,10],"killed_by":"Blue Slaver","ascension_level":3}