{"gold_per_floor":[359,359,370,370,388,388,419,419,445,186,48,48,75,86,86,186,236,254,284,6,24,24,51,51,51,131,149,149],"floor_reached":28,"playtime":2296,"items_purged":["Strike_G","Strike_G","Strike_G"],"score":256,"play_id":"7ffb7f3d-a993-4cd3-9760-1526007d0021","local_time":"20181219181536","is_ascension_mode":true,"campfire_choices":[{"data":"Neutralize","floor":6,"key":"SMITH"},{"data":"Deadly Poison","floor":8,"key":"SMITH"},{"data":"The Bomb","floor":12,"key":"SMITH"},{"floor":15,"key":"REST"},{"floor":24,"key":"REST"}],"neow_cost":"CURSE","seed_source_timestamp":30175517469972,"circlet_count":0,"master_deck":["Defend_G","Defend_G+1","Defend_G","Defend_G","Defend_G","Strike_G","Strike_G","Survivor","Neutralize+1","Injury","Backflip","Deadly Poison+1","Distraction","Prepared","The Bomb+1","Well Laid Plans","Night Terror","Outmaneuver","Prepared","Well Laid Plans+1","Acrobatics+1","Infinite Blades+1"],"relics":["Ring of the Snake","Boot","Paper Crane","Omamori","Matryoshka","Tiny House","Red Mask","Potion Belt","MutagenicStrength","Frozen Egg 2","Pen Nib","Toxic Egg 2"],"potions_floor_usage":[7,16,16,18,18,19,28,28,28],"damage_taken":[{"damage":0,"enemies":"Cultist","floor":1,"turns":4},{"damage":0,"enemies":"2 Louse","floor":3,"turns":2},{"damage":0,"enemies":"Small Slimes","floor":5,"turns":4},{"damage":38,"enemies":"3 Sentries","floor":7,"turns":15},{"damage":8,"enemies":"Lagavulin","floor":13,"turns":8},{"damage":5,"enemies":"Looter","floor":14,"turns":3},{"damage":5,"enemies":"The Guardian","floor":16,"turns":10},{"damage":32,"enemies":"Spheric Guardian","floor":18,"turns":7},{"damage":18,"enemies":"Masked Bandits","floor":19,"turns":3},{"damage":5,"enemies":"3 Byrds","floor":21,"turns":4},{"damage":7,"enemies":"Gremlin Leader","floor":23,"turns":9},{"damage":27,"enemies":"Shelled Parasite and Fungi","floor":27,"turns":7},{"damage":34,"enemies":"Slavers","floor":28,"turns":3}],"seed_played":"-4791702575532427182","potions_obtained":[{"floor":5,"key":"Dexterity Potion"},{"floor":7,"key":"Poison Potion"},{"floor":13,"key":"SkillPotion"},{"floor":16,"key":"SkillPotion"},{"floor":17,"key":"EntropicBrew"},{"floor":27,"key":"Fire Potion"}],"is_trial":false,"path_per_floor":["M","?","M","?","M","R","E","R","T","$","$","R","E","M","R","B",null,"M","?","$","M","?","E","R","?","T","M","E"],"character_chosen":"THE_SILENT","items_purchased":["The Bomb","Well Laid Plans","Potion Belt"],"campfire_rested":2,"item_purchase_floors":[10,11,20],"current_hp_per_floor":[70,67,67,70,70,70,32,32,32,32,32,32,24,19,40,35,75,43,25,25,20,20,13,35,60,60,33,0],"gold":149,"neow_bonus":"TWO_FIFTY_GOLD","is_prod":false,"is_daily":false,"chose_seed":false,"campfire_upgraded":3,"win_rate":0,"timestamp":1545268536,"path_taken":["M","?","M","?","?","R","E","R","T","?","$","R","E","?","R","BOSS","M","?","$","M","?","E","R","?","T","M","E"],"build_version":"2018-12-13","purchased_purges":3,"victory":false,"max_hp_per_floor":[70,70,70,70,70,70,70,70,70,70,70,70,70,70,70,70,75,75,75,75,75,75,75,75,75,75,75,75],"card_choices":[{"not_picked":["Flying Knee","Caltrops"],"picked":"Backflip","floor":1},{"not_picked":["Dagger Throw","A Thousand Cuts"],"picked":"Deadly Poison","floor":3},{"not_picked":["Slice","Quick Slash"],"picked":"Distraction","floor":5},{"not_picked":["Phantasmal Killer","Finisher"],"picked":"Prepared","floor":7},{"not_picked":["Deadly Poison","Deflect","Underhanded Strike"],"picked":"SKIP","floor":13},{"not_picked":["Dagger Spray","Crippling Poison","Underhanded Strike"],"picked":"SKIP","floor":14},{"not_picked":["Malaise","Wraith Form v2"],"picked":"Night Terror","floor":16},{"not_picked":["Sucker Punch","Blade Dance"],"picked":"Outmaneuver","floor":17},{"not_picked":["Distraction+1","Riddle With Holes"],"picked":"Prepared","floor":18},{"not_picked":["Heel Hook","Crippling Poison"],"picked":"Well Laid Plans+1","floor":19},{"not_picked":["Flechettes","Bane"],"picked":"Acrobatics+1","floor":21},{"not_picked":["Choke","Slice+1","Underhanded Strike"],"picked":"SKIP","floor":23},{"not_picked":["Bane","Masterful Stab"],"picked":"Infinite Blades+1","floor":27}],"player_experience":110357,"relics_obtained":[{"floor":7,"key":"Paper Crane"},{"floor":9,"key":"Omamori"},{"floor":13,"key":"Matryoshka"},{"floor":19,"key":"Red Mask"},{"floor":23,"key":"Frozen Egg 2"},{"floor":26,"key":"Pen Nib"},{"floor":26,"key":"Toxic Egg 2"}],"event_choices":[{"damage_healed":0,"gold_gain":0,"player_choice":"Success","damage_taken":3,"relics_obtained":["Boot"],"max_hp_gain":0,"max_hp_loss":0,"event_name":"Scrap Ooze","floor":2,"gold_loss":0},{"damage_healed":3,"gold_gain":0,"player_choice":"Full Heal","damage_taken":0,"max_hp_gain":0,"max_hp_loss":0,"event_name":"Wheel of Change","floor":4,"gold_loss":0},{"damage_healed":0,"gold_gain":0,"player_choice":"Fought Bandits","damage_taken":0,"max_hp_gain":0,"max_hp_loss":0,"event_name":"Masked Bandits","floor":19,"gold_loss":0},{"damage_healed":0,"gold_gain":0,"player_choice":"Inject Mutagens","damage_taken":0,"relics_obtained":["MutagenicStrength"],"max_hp_gain":0,"max_hp_loss":0,"event_name":"Drug Dealer","floor":22,"gold_loss":0},{"damage_healed":25,"gold_gain":0,"player_choice":"Heal","damage_taken":0,"max_hp_gain":0,"max_hp_loss":0,"event_name":"The Library","floor":25,"gold_loss":0}],"is_beta":false,"boss_relics":[{"not_picked":["Snecko Eye","Eternal Feather"],"picked":"Tiny House"}],"items_purged_floors":[10,11,20],"is_endless":false,"potions_floor_spawned":[5,7,13,16,27],"killed_by":"Slavers","ascension_level":1}