{"gold_per_floor":[119,138,155,230,51,51,81,91,91,91,119,44,44,63,63,63],"floor_reached":16,"playtime":666,"items_purged":["Defend_R"],"score":200,"play_id":"1ad52864-bbd3-4297-8104-a3f9bb06ff80","local_time":"20190206161102","is_ascension_mode":true,"campfire_choices":[{"floor":6,"key":"REST"},{"floor":10,"key":"REST"},{"data":"Pommel Strike","floor":13,"key":"SMITH"},{"data":"True Grit","floor":15,"key":"SMITH"}],"neow_cost":"TEN_PERCENT_HP_LOSS","seed_source_timestamp":821950494360655,"circlet_count":0,"master_deck":["Strike_R","Strike_R","Strike_R","Strike_R","Strike_R","Defend_R","Defend_R","Defend_R","Bash","Pommel Strike","True Grit+1","Pommel Strike+1","Dual Wield"],"special_seed":0,"relics":["Burning Blood","Magic Flower","Dream Catcher","Regal Pillow","Meat on the Bone","Darkstone Periapt"],"potions_floor_usage":[11,11,16],"damage_taken":[{"damage":6,"enemies":"Cultist","floor":1,"turns":3},{"damage":7,"enemies":"Jaw Worm","floor":2,"turns":3},{"damage":8,"enemies":"2 Louse","floor":3,"turns":2},{"damage":32,"enemies":"Gremlin Nob","floor":7,"turns":5},{"damage":12,"enemies":"Looter","floor":8,"turns":4},{"damage":33,"enemies":"3 Sentries","floor":11,"turns":9},{"damage":11,"enemies":"Red Slaver","floor":14,"turns":3},{"damage":77,"enemies":"Slime Boss","floor":16,"turns":10}],"seed_played":"-150927879810959909","potions_obtained":[{"floor":2,"key":"PowerPotion"},{"floor":3,"key":"SkillPotion"},{"floor":7,"key":"Regen Potion"}],"is_trial":false,"path_per_floor":["M","M","M","?","$","R","E","M","T","R","E","$","R","M","R","B"],"character_chosen":"IRONCLAD","items_purchased":["Dream Catcher","True Grit"],"campfire_rested":2,"item_purchase_floors":[5,5],"current_hp_per_floor":[72,72,72,61,61,72,49,46,46,72,72,72,72,70,70,0],"gold":63,"neow_bonus":"ONE_RARE_RELIC","is_prod":false,"is_daily":false,"chose_seed":false,"campfire_upgraded":2,"win_rate":0,"timestamp":1549494662,"path_taken":["M","M","M","?","$","R","E","M","T","R","E","?","R","?","R","BOSS"],"build_version":"2019-01-23","purchased_purges":1,"victory":false,"max_hp_per_floor":[72,72,72,72,72,72,72,72,72,72,72,72,72,72,72,72],"card_choices":[{"not_picked":["Perfected Strike","Disarm","Reckless Charge"],"picked":"SKIP","floor":1},{"not_picked":["Thunderclap","Sever Soul"],"picked":"Pommel Strike","floor":2},{"not_picked":["Headbutt","Havoc","Clash"],"picked":"SKIP","floor":3},{"not_picked":["Rage","Wild Strike","Perfected Strike"],"picked":"SKIP","floor":7},{"not_picked":["Sentinel","Battle Trance","Clothesline"],"picked":"SKIP","floor":8},{"not_picked":["Reckless Charge","Battle Trance"],"picked":"Pommel Strike","floor":10},{"not_picked":["Anger","Clothesline","Warcry"],"picked":"SKIP","floor":11},{"not_picked":["Armaments","Clothesline"],"picked":"Dual Wield","floor":14}],"player_experience":379343,"relics_obtained":[{"floor":7,"key":"Regal Pillow"},{"floor":9,"key":"Meat on the Bone"},{"floor":11,"key":"Darkstone Periapt"}],"event_choices":[{"damage_healed":0,"gold_gain":75,"player_choice":"Gather Gold","damage_taken":11,"max_hp_gain":0,"max_hp_loss":0,"event_name":"World of Goop","floor":4,"gold_loss":0}],"is_beta":false,"boss_relics":[],"items_purged_floors":[12],"is_endless":false,"potions_floor_spawned":[2,3,7,8],"killed_by":"Slime Boss","ascension_level":5}