{"gold_per_floor":[119,119,130,130,141,166,166,184,184,211,211,286,48,65,65,65],"floor_reached":16,"playtime":688,"items_purged":["Strike_R"],"score":138,"play_id":"904370ef-6725-45ed-8200-25c1818753b9","local_time":"20190214223744","is_ascension_mode":true,"campfire_choices":[{"data":"Rupture","floor":7,"key":"SMITH"},{"floor":11,"key":"REST"},{"floor":15,"key":"REST"}],"neow_cost":"NONE","seed_source_timestamp":76988444224789,"circlet_count":0,"master_deck":["Strike_R","Strike_R","Strike_R","Defend_R","Defend_R","Defend_R","Defend_R","Bash","Hemokinesis","Pain","Rupture+1","Demon Form"],"relics":["Burning Blood","WarpedTongs","Pantograph","Blue Candle","Membership Card"],"potions_floor_usage":[16],"damage_taken":[{"damage":7,"enemies":"Jaw Worm","floor":1,"turns":3},{"damage":5,"enemies":"Cultist","floor":3,"turns":3},{"damage":5,"enemies":"2 Louse","floor":5,"turns":3},{"damage":55,"enemies":"3 Sentries","floor":6,"turns":8},{"damage":14,"enemies":"Red Slaver","floor":8,"turns":3},{"damage":30,"enemies":"Lagavulin","floor":10,"turns":6},{"damage":12,"enemies":"Looter","floor":14,"turns":4},{"damage":67,"enemies":"Slime Boss","floor":16,"turns":8}],"seed_played":"-2865817536728728051","potions_obtained":[{"floor":5,"key":"Weak Potion"},{"floor":8,"key":"SteroidPotion"},{"floor":14,"key":"GamblersBrew"}],"is_trial":false,"path_per_floor":["M","?","M","?","M","E","R","M","T","E","R","?","$","M","R","B"],"character_chosen":"IRONCLAD","items_purchased":["Membership Card"],"campfire_rested":2,"item_purchase_floors":[13],"current_hp_per_floor":[87,87,88,88,88,39,39,31,31,7,33,22,22,16,42,0],"gold":65,"neow_bonus":"TEN_PERCENT_HP_BONUS","is_prod":false,"is_daily":false,"chose_seed":false,"campfire_upgraded":1,"win_rate":0,"timestamp":1550209064,"path_taken":["M","?","?","?","M","E","R","?","T","E","R","?","$","M","R","BOSS"],"build_version":"2019-01-23","purchased_purges":1,"victory":false,"max_hp_per_floor":[88,88,88,88,88,88,88,88,88,88,88,88,88,88,88,88],"card_choices":[{"not_picked":["Warcry","Burning Pact"],"picked":"Hemokinesis","floor":1},{"not_picked":["Perfected Strike","Pommel Strike"],"picked":"Rupture","floor":3},{"not_picked":["Pommel Strike","Thunderclap","Wild Strike"],"picked":"SKIP","floor":5},{"not_picked":["Cleave","Disarm","Feel No Pain"],"picked":"SKIP","floor":6},{"not_picked":["Thunderclap","Body Slam","Demon Form"],"picked":"SKIP","floor":8},{"not_picked":["Thunderclap","Body Slam"],"picked":"Demon Form","floor":8},{"not_picked":["Combust","Searing Blow","Sword Boomerang"],"picked":"SKIP","floor":10},{"not_picked":["Headbutt","Twin Strike","Iron Wave"],"picked":"SKIP","floor":14}],"player_experience":405114,"relics_obtained":[{"floor":6,"key":"Pantograph"},{"floor":10,"key":"Blue Candle"}],"event_choices":[{"damage_healed":0,"gold_gain":0,"player_choice":"Rummage","damage_taken":0,"relics_obtained":["WarpedTongs"],"max_hp_gain":0,"max_hp_loss":0,"event_name":"Accursed Blacksmith","floor":2,"gold_loss":0,"cards_obtained":["Pain"]},{"cards_removed":["Strike_R"],"damage_healed":0,"gold_gain":0,"player_choice":"Card Removal","damage_taken":0,"max_hp_gain":0,"max_hp_loss":0,"event_name":"Wheel of Change","floor":4,"gold_loss":0},{"damage_healed":0,"gold_gain":75,"player_choice":"Gather Gold","damage_taken":11,"max_hp_gain":0,"max_hp_loss":0,"event_name":"World of Goop","floor":12,"gold_loss":0}],"is_beta":false,"boss_relics":[],"items_purged_floors":[13],"is_endless":false,"potions_floor_spawned":[5,8,14],"killed_by":"Slime Boss","ascension_level":5}