{"gold_per_floor":[360,371,371,389,399,399,426,426,426,298,326,326,341,341,341,341],"floor_reached":16,"playtime":743,"items_purged":["Strike_R"],"score":138,"play_id":"eff16124-ac48-4437-a2b4-9ab0dd65822d","local_time":"20190124173553","is_ascension_mode":true,"campfire_choices":[{"data":"Bash","floor":6,"key":"SMITH"},{"data":"Double Tap","floor":8,"key":"SMITH"},{"data":"Shrug It Off","floor":12,"key":"SMITH"},{"data":"Inflame","floor":15,"key":"SMITH"}],"neow_cost":"TEN_PERCENT_HP_LOSS","seed_source_timestamp":1170324949786771,"circlet_count":0,"master_deck":["Strike_R","Strike_R+1","Strike_R","Strike_R","Defend_R","Defend_R+1","Defend_R","Defend_R","Bash+1","Pommel Strike","Inflame+1","Double Tap+1","Heavy Blade","Shrug It Off+1","True Grit+1"],"relics":["Burning Blood","Omamori","Mercury Hourglass"],"potions_floor_usage":[7,11,16],"damage_taken":[{"damage":6,"enemies":"Cultist","floor":1,"turns":3},{"damage":0,"enemies":"Small Slimes","floor":2,"turns":3},{"damage":0,"enemies":"2 Louse","floor":4,"turns":2},{"damage":5,"enemies":"Large Slime","floor":5,"turns":5},{"damage":16,"enemies":"Gremlin Nob","floor":7,"turns":3},{"damage":35,"enemies":"3 Sentries","floor":11,"turns":6},{"damage":7,"enemies":"3 Louse","floor":13,"turns":3},{"damage":27,"enemies":"Slime Boss","floor":16,"turns":6}],"seed_played":"9050784106291422028","potions_obtained":[{"floor":4,"key":"Strength Potion"},{"floor":5,"key":"FearPotion"},{"floor":13,"key":"Energy Potion"}],"is_trial":false,"path_per_floor":["M","M","?","M","M","R","E","R","T","$","E","R","M","?","R","B"],"character_chosen":"IRONCLAD","items_purchased":["Heavy Blade"],"campfire_rested":0,"item_purchase_floors":[10],"current_hp_per_floor":[72,72,58,64,65,65,55,55,55,55,26,26,25,25,25,0],"gold":341,"neow_bonus":"TWO_FIFTY_GOLD","is_prod":false,"is_daily":false,"chose_seed":false,"campfire_upgraded":4,"win_rate":0,"timestamp":1548376553,"path_taken":["M","M","?","M","M","R","E","R","T","$","E","R","M","?","R","BOSS"],"build_version":"2019-01-23","purchased_purges":1,"victory":false,"max_hp_per_floor":[72,72,72,72,72,72,72,72,72,72,72,72,72,72,72,72],"card_choices":[{"not_picked":["Infernal Blade","Carnage"],"picked":"Pommel Strike","floor":1},{"not_picked":["Clash","Burning Pact"],"picked":"Inflame","floor":2},{"not_picked":["Warcry","Intimidate","Pummel"],"picked":"SKIP","floor":4},{"not_picked":["Combust","Blood for Blood","Body Slam"],"picked":"SKIP","floor":5},{"not_picked":["Pommel Strike","Brutality"],"picked":"Double Tap","floor":7},{"not_picked":["Reaper","Havoc"],"picked":"Shrug It Off","floor":11},{"not_picked":["Warcry","Headbutt"],"picked":"True Grit","floor":13}],"player_experience":311192,"relics_obtained":[{"floor":7,"key":"Omamori"},{"floor":11,"key":"Mercury Hourglass"}],"event_choices":[{"damage_healed":0,"gold_gain":0,"player_choice":"Entered Light","damage_taken":14,"max_hp_gain":0,"max_hp_loss":0,"event_name":"Shining Light","floor":3,"gold_loss":0,"cards_upgraded":["Strike_R","Defend_R"]},{"damage_healed":0,"gold_gain":0,"player_choice":"Upgraded","damage_taken":0,"max_hp_gain":0,"max_hp_loss":0,"event_name":"Upgrade Shrine","floor":14,"gold_loss":0,"cards_upgraded":["True Grit"]}],"is_beta":false,"boss_relics":[],"items_purged_floors":[10],"is_endless":false,"potions_floor_spawned":[4,5,13],"killed_by":"Slime Boss","ascension_level":5}