{"path_per_floor":["M","?","M","?","M","E","M","?","T","R","M","R","?","E","R","B",null,"M","$","T","?","M","?","R","M","T","R","M"],"character_chosen":"DEFECT","items_purchased":["Girya","Axe Kick"],"gold_per_floor":[114,114,129,129,149,182,196,196,196,196,213,213,213,243,243,341,341,355,18,18,18,31,131,131,151,151,151,171,171],"floor_reached":29,"campfire_rested":0,"playtime":1136,"current_hp_per_floor":[73,66,54,54,51,45,37,85,85,85,85,85,85,78,78,21,85,60,60,60,60,42,42,42,18,18,18,5,0],"items_purged":[],"gold":171,"score":245,"play_id":"e3bcfdfe-2252-4d3a-8df7-345c0d2dfaf1","local_time":"20180507214136","is_prod":false,"is_daily":false,"chose_seed":false,"is_ascension_mode":true,"campfire_upgraded":3,"timestamp":1525722096,"path_taken":["M","?","M","?","M","E","M","?","T","R","?","R","?","E","R","BOSS","M","?","?","?","M","?","R","M","T","R","M","E"],"build_version":"2018-05-03","seed_source_timestamp":2537249259722469,"purchased_purges":0,"victory":false,"master_deck":["Strike_B","Strike_B","Strike_B","Defend_B","Defend_B","Defend_B","Zap+1","Dualcast+1","Ball Lightning","Doom and Gloom","Coolheaded","Coolheaded","Consume+1","Fission","FTL","Axe Kick","Barrage+1"],"max_hp_per_floor":[75,75,75,75,75,75,75,85,85,85,85,85,85,85,85,85,85,85,85,85,85,85,85,85,85,85,85,85,85],"relics":["Cracked Core","Blue Candle","Letter Opener","Bottled Flame","Inserter","Girya","Gambling Chip","Toolbox"],"card_choices":[{"not_picked":["Undo","Rip and Tear"],"picked":"Ball Lightning","floor":3},{"not_picked":["Barrage","Sweeping Beam"],"picked":"Reboot","floor":6},{"not_picked":["Hologram","Beam Cell"],"picked":"Coolheaded","floor":7},{"not_picked":["Static Discharge","Reprogram"],"picked":"Consume","floor":14},{"not_picked":["Reboot","All For One"],"picked":"Fission","floor":16},{"not_picked":["Go for the Eyes","Blizzard"],"picked":"FTL","floor":18},{"not_picked":["Hologram","Coolheaded"],"picked":"Barrage","floor":22}],"player_experience":370547,"potions_floor_usage":[6,6,22],"damage_taken":[{"damage":2,"enemies":"2 Louse","floor":1,"turns":2},{"damage":12,"enemies":"Small Slimes","floor":3,"turns":2},{"damage":3,"enemies":"Jaw Worm","floor":5,"turns":3},{"damage":6,"enemies":"Gremlin Nob","floor":6,"turns":3},{"damage":8,"enemies":"Red Slaver","floor":7,"turns":2},{"damage":0,"enemies":"Blue Slaver","floor":11,"turns":3},{"damage":7,"enemies":"3 Sentries","floor":14,"turns":3},{"damage":57,"enemies":"Hexaghost","floor":16,"turns":8},{"damage":25,"enemies":"2 Thieves","floor":18,"turns":3},{"damage":18,"enemies":"Chosen","floor":22,"turns":4},{"damage":24,"enemies":"Centurion and Healer","floor":25,"turns":6},{"damage":13,"enemies":"Snake Plant","floor":28,"turns":3},{"damage":6,"enemies":"Gremlin Leader","floor":29,"turns":1}],"event_choices":[{"event_name":"Golden Wing","player_choice":"Card Removal","floor":2,"damage_taken":0},{"event_name":"Match and Keep!","player_choice":"1 cards matched","floor":4,"damage_taken":0},{"event_name":"Bonfire Elementals","player_choice":"RARE","floor":8,"damage_taken":0},{"event_name":"Transmorgrifier","player_choice":"Transform","floor":13,"damage_taken":0},{"event_name":"Addict","player_choice":"Ignored","floor":21,"damage_taken":0},{"event_name":"Golden Shrine","player_choice":"Pray","floor":23,"damage_taken":0}],"boss_relics":[{"not_picked":["Eternal Feather","White Beast Statue"],"picked":"Inserter"}],"potions_floor_spawned":[3,5,14],"seed_played":"1267967962865643606","killed_by":"Gremlin Leader","ascension_level":1,"is_trial":false}