{"path_per_floor":["M","?","M","$","?","R","M","E","T","E","M","R","M","M","R"],"character_chosen":"DEFECT","items_purchased":["Leap"],"gold_per_floor":[116,116,136,36,36,36,48,74,74,104,119,119,132,151,151,151],"floor_reached":16,"campfire_rested":2,"playtime":671,"item_purchase_floors":[4],"current_hp_per_floor":[68,61,61,61,61,61,60,44,44,14,6,28,20,11,33,0],"items_purged":["Strike_B"],"gold":151,"score":151,"play_id":"56628f94-c24c-48a9-8c66-104c04e57e2d","local_time":"20180527143051","is_prod":false,"is_daily":false,"chose_seed":false,"is_ascension_mode":true,"campfire_upgraded":1,"win_rate":0,"timestamp":1527424251,"campfire_choices":[{"data":"Dualcast","floor":6,"key":"SMITH"},{"floor":12,"key":"REST"},{"floor":15,"key":"REST"}],"path_taken":["M","?","?","$","?","R","M","E","T","E","?","R","?","M","R","BOSS"],"build_version":"2018-05-25","seed_source_timestamp":525849400511179,"purchased_purges":1,"victory":false,"master_deck":["Strike_B","Defend_B","Defend_B","Defend_B","Defend_B","Zap","Dualcast+1","Compile Driver","Loop+1","Lockon","Leap","Coolheaded","White Noise","Electrodynamics"],"max_hp_per_floor":[75,75,75,75,75,75,75,75,75,75,75,75,75,75,75,75],"relics":["Cracked Core","Gambling Chip","Ornamental Fan","Molten Egg 2"],"card_choices":[{"not_picked":["Streamline","Leap"],"picked":"Lockon","floor":1},{"not_picked":["Reinforced Body","Hologram","Scrape"],"picked":"SKIP","floor":3},{"not_picked":["Steam","Rebound","Glacier"],"picked":"SKIP","floor":7},{"not_picked":["Beam Cell","Reprogram"],"picked":"Coolheaded","floor":8},{"not_picked":["Recycle","Stack"],"picked":"White Noise","floor":10},{"not_picked":["Self Repair","Go for the Eyes+1","Steam"],"picked":"SKIP","floor":11},{"not_picked":["Fusion","Gash+1"],"picked":"Electrodynamics","floor":13},{"not_picked":["Go for the Eyes+1","Double Energy","Compile Driver+1"],"picked":"SKIP","floor":14}],"player_experience":473832,"potions_floor_usage":[8,14],"damage_taken":[{"damage":0,"enemies":"Small Slimes","floor":1,"turns":3},{"damage":0,"enemies":"2 Louse","floor":3,"turns":2},{"damage":1,"enemies":"Cultist","floor":7,"turns":3},{"damage":16,"enemies":"Lagavulin","floor":8,"turns":5},{"damage":30,"enemies":"Gremlin Nob","floor":10,"turns":4},{"damage":8,"enemies":"2 Fungi Beasts","floor":11,"turns":5},{"damage":8,"enemies":"3 Louse","floor":13,"turns":3},{"damage":9,"enemies":"Exordium Thugs","floor":14,"turns":8},{"damage":35,"enemies":"Hexaghost","floor":16,"turns":7}],"relics_obtained":[{"floor":8,"key":"Gambling Chip"},{"floor":9,"key":"Ornamental Fan"},{"floor":10,"key":"Molten Egg 2"}],"event_choices":[{"event_name":"Golden Wing","player_choice":"Card Removal","floor":2,"damage_taken":0},{"event_name":"Living Wall","player_choice":"Grow","floor":5,"damage_taken":0}],"boss_relics":[],"items_purged_floors":[4],"potions_floor_spawned":[1,10,13],"seed_played":"-2267799659064906518","killed_by":"Hexaghost","ascension_level":7,"potions_obtained":[{"floor":1,"key":"Poison Potion"},{"floor":10,"key":"Dexterity Potion"},{"floor":13,"key":"Poison Potion"}],"is_trial":false}