{"gold_per_floor":[115,67,86,86,86,86,98,124,124,124,134,146,146,202,202,298,298,314,314,325,338,5,5,5,33,33,33,59,73,73,92,92,188,188,202,202,53,64,74,74,108,121,192,217,217],"floor_reached":45,"playtime":4258,"items_purged":["Parasite"],"score":786,"play_id":"258d7cb4-d3e8-4c86-b156-f5986784e4ba","local_time":"20190228222705","is_ascension_mode":true,"campfire_choices":[{"data":"All Out Attack","floor":6,"key":"SMITH"},{"data":"Backflip","floor":10,"key":"SMITH"},{"data":"Neutralize","floor":13,"key":"SMITH"},{"floor":15,"key":"RECALL"},{"data":"Setup","floor":23,"key":"SMITH"},{"data":"Caltrops","floor":30,"key":"SMITH"},{"data":"Blade Dance","floor":32,"key":"SMITH"},{"data":"After Image","floor":40,"key":"SMITH"}],"neow_cost":"NONE","seed_source_timestamp":694280608723468,"circlet_count":0,"master_deck":["Defend_G+1","Defend_G","Defend_G","Defend_G","Defend_G","Strike_G","Strike_G","Strike_G","Strike_G","Strike_G","Survivor","Neutralize+1","Backstab","Dagger Throw","Backflip+1","Crippling Poison+1","All Out Attack+1","Backflip+1","Dagger Spray","Backstab","Endless Agony","Well Laid Plans","After Image+1","Prepared+1","After Image","Caltrops+1","Setup+1","Footwork","Ghostly","Ghostly","Ghostly","Ghostly","Ghostly","PiercingWail","Acrobatics","Blade Dance+1","Venomology","Acrobatics+1","Madness","Madness","Caltrops+1","Flying Knee+1","Well Laid Plans+1","Concentrate+1","Parasite","Deadly Poison+1","Terror+1"],"relics":["Orrery","Shuriken","Bronze Scales","Coffee Dripper","Omamori","Regal Pillow","Gambling Chip","Frozen Egg 2","War Paint","Calling Bell","Happy Flower","Meat on the Bone","Unceasing Top","StoneCalendar","Dodecahedron","Nunchaku"],"potions_floor_usage":[8,8,16,31,33,38,39,41,41,44,45],"damage_taken":[{"damage":0,"enemies":"2 Louse","floor":1,"turns":2},{"damage":2,"enemies":"Jaw Worm","floor":3,"turns":3},{"damage":0,"enemies":"Cultist","floor":7,"turns":3},{"damage":7,"enemies":"3 Sentries","floor":8,"turns":8},{"damage":0,"enemies":"Blue Slaver","floor":11,"turns":3},{"damage":8,"enemies":"Looter","floor":12,"turns":2},{"damage":4,"enemies":"3 Sentries","floor":14,"turns":6},{"damage":14,"enemies":"Slime Boss","floor":16,"turns":6},{"damage":5,"enemies":"Shell Parasite","floor":18,"turns":4},{"damage":4,"enemies":"Chosen","floor":20,"turns":3},{"damage":12,"enemies":"Snake Plant","floor":21,"turns":4},{"damage":0,"enemies":"Gremlin Leader","floor":25,"turns":8},{"damage":0,"enemies":"Slavers","floor":28,"turns":6},{"damage":9,"enemies":"Cultist and Chosen","floor":29,"turns":7},{"damage":0,"enemies":"Snecko","floor":31,"turns":7},{"damage":0,"enemies":"Collector","floor":33,"turns":10},{"damage":19,"enemies":"3 Shapes","floor":35,"turns":7},{"damage":5,"enemies":"3 Darklings","floor":38,"turns":6},{"damage":2,"enemies":"Spire Growth","floor":39,"turns":6},{"damage":3,"enemies":"Giant Head","floor":41,"turns":8},{"damage":10,"enemies":"Writhing Mass","floor":42,"turns":6},{"damage":4,"enemies":"Reptomancer","floor":44,"turns":7},{"damage":25,"enemies":"Jaw Worm Horde","floor":45,"turns":3}],"seed_played":"7285999822080489593","potions_obtained":[{"floor":7,"key":"LiquidBronze"},{"floor":12,"key":"GamblersBrew"},{"floor":16,"key":"Strength Potion"},{"floor":18,"key":"Energy Potion"},{"floor":20,"key":"EssenceOfSteel"},{"floor":28,"key":"PowerPotion"},{"floor":35,"key":"AttackPotion"}],"is_trial":false,"path_per_floor":["M","$","M","?","?","R","M","E","T","R","M","M","R","?","R","B",null,"M","?","M","M","$","R","$","E","T","?","E","M","R","M","R","B",null,"M","?","$","M","M","R","E","M","T","E","M"],"character_chosen":"THE_SILENT","items_purchased":["Fire Potion","Omamori","Footwork","Regal Pillow","Caltrops+1"],"campfire_rested":0,"item_purchase_floors":[2,22,22,22,37],"current_hp_per_floor":[70,70,68,68,70,70,70,63,63,63,63,55,55,51,51,37,70,65,65,61,49,49,49,49,49,49,35,35,26,26,26,26,26,35,28,24,24,19,17,17,26,28,28,24,0],"gold":217,"neow_bonus":"BOSS_RELIC","is_prod":false,"is_daily":false,"chose_seed":false,"campfire_upgraded":7,"win_rate":0,"timestamp":1551418025,"path_taken":["M","$","M","?","?","R","M","E","T","R","M","?","R","?","R","BOSS","M","?","?","M","?","R","$","E","T","?","E","M","R","M","R","BOSS","M","?","$","M","M","R","E","M","T","E","M"],"build_version":"2019-01-23","purchased_purges":1,"victory":false,"max_hp_per_floor":[70,70,70,70,70,70,70,70,70,70,70,70,70,70,70,70,70,70,70,70,70,70,70,70,70,70,35,35,35,35,35,35,35,35,35,35,32,32,32,32,32,32,32,32,32],"card_choices":[{"not_picked":["Blade Dance","Slice"],"picked":"Backstab","floor":0},{"not_picked":["Expertise","Poisoned Stab"],"picked":"Dagger Throw","floor":0},{"not_picked":["Deflect","Concentrate"],"picked":"Backflip","floor":0},{"not_picked":["Dagger Throw","Masterful Stab"],"picked":"Crippling Poison","floor":0},{"not_picked":["Blur","Quick Slash"],"picked":"All Out Attack","floor":0},{"not_picked":["Slice","Tactician"],"picked":"Backflip","floor":1},{"not_picked":["Slice","Crippling Poison"],"picked":"Dagger Spray","floor":3},{"not_picked":["Finisher","Sucker Punch"],"picked":"Backstab","floor":7},{"not_picked":["Sucker Punch","Leg Sweep","Eviscerate"],"picked":"SKIP","floor":8},{"not_picked":["Unload","Masterful Stab"],"picked":"Endless Agony","floor":11},{"not_picked":["Deadly Poison","Quick Slash","Acrobatics"],"picked":"SKIP","floor":12},{"not_picked":["Accuracy","Deadly Poison"],"picked":"Well Laid Plans","floor":14},{"not_picked":["Bullet Time","Unload"],"picked":"After Image","floor":16},{"not_picked":["Bane","Slice"],"picked":"Prepared+1","floor":18},{"not_picked":["Quick Slash","Flying Knee"],"picked":"Caltrops","floor":20},{"not_picked":["Deadly Poison","Flying Knee"],"picked":"Setup","floor":21},{"not_picked":["Flying Knee","Dodge and Roll","Setup"],"picked":"SKIP","floor":25},{"not_picked":["Calculated Gamble","Leg Sweep+1"],"picked":"PiercingWail","floor":28},{"not_picked":["Tactician","Finisher"],"picked":"Acrobatics","floor":29},{"not_picked":["Setup","Outmaneuver"],"picked":"Blade Dance","floor":31},{"not_picked":["Malaise","Doppelganger"],"picked":"Venomology","floor":33},{"not_picked":["Masterful Stab+1","Dagger Spray+1"],"picked":"Acrobatics+1","floor":35},{"not_picked":["Sucker Punch+1","Crippling Poison+1"],"picked":"Flying Knee+1","floor":38},{"not_picked":["Slice","Dash"],"picked":"Well Laid Plans+1","floor":39},{"not_picked":["A Thousand Cuts+1","Deflect+1"],"picked":"Concentrate+1","floor":41},{"not_picked":["Endless Agony","Masterful Stab+1"],"picked":"Deadly Poison+1","floor":42},{"not_picked":["Crippling Poison+1","Underhanded Strike+1"],"picked":"Terror+1","floor":44}],"player_experience":441269,"relics_obtained":[{"floor":8,"key":"Shuriken"},{"floor":14,"key":"Bronze Scales"},{"floor":25,"key":"Gambling Chip"},{"floor":26,"key":"Frozen Egg 2"},{"floor":28,"key":"War Paint"},{"floor":34,"key":"Happy Flower"},{"floor":34,"key":"Meat on the Bone"},{"floor":34,"key":"Unceasing Top"},{"floor":41,"key":"StoneCalendar"},{"floor":43,"key":"Dodecahedron"},{"floor":44,"key":"Nunchaku"}],"event_choices":[{"damage_healed":0,"gold_gain":0,"player_choice":"Grow","damage_taken":0,"max_hp_gain":0,"max_hp_loss":0,"event_name":"Living Wall","floor":4,"gold_loss":0,"cards_upgraded":["Backflip"]},{"damage_healed":2,"gold_gain":0,"player_choice":"Full Heal","damage_taken":0,"max_hp_gain":0,"max_hp_loss":0,"event_name":"Wheel of Change","floor":5,"gold_loss":0},{"damage_healed":0,"gold_gain":0,"player_choice":"Searched \u00272\u0027 times","damage_taken":0,"max_hp_gain":0,"max_hp_loss":0,"event_name":"Dead Adventurer","floor":14,"gold_loss":0},{"damage_healed":0,"gold_gain":0,"player_choice":"Copied","damage_taken":0,"max_hp_gain":0,"max_hp_loss":0,"event_name":"Duplicator","floor":19,"gold_loss":0,"cards_obtained":["After Image"]},{"damage_healed":0,"gold_gain":0,"player_choice":"Became a Ghost","damage_taken":0,"max_hp_gain":0,"max_hp_loss":35,"event_name":"Ghosts","floor":27,"gold_loss":0,"cards_obtained":["Ghostly","Ghostly","Ghostly","Ghostly","Ghostly"]},{"damage_healed":0,"gold_gain":0,"player_choice":"Embrace Madness","damage_taken":4,"max_hp_gain":0,"max_hp_loss":0,"event_name":"Winding Halls","floor":36,"gold_loss":0,"cards_obtained":["Madness","Madness"]}],"is_beta":false,"boss_relics":[{"not_picked":["Lizard Tail","Runic Pyramid"],"picked":"Coffee Dripper"},{"not_picked":["Tiny House","Fusion Hammer"],"picked":"Calling Bell"}],"items_purged_floors":[37],"is_endless":false,"potions_floor_spawned":[7,12,16,18,20,21,28,35],"killed_by":"Jaw Worm Horde","ascension_level":4}