{"gold_per_floor":[213,230,242,242,242,275,275,164,164,164,234,252,252,285,285,285],"floor_reached":16,"playtime":580,"items_purged":["Strike_R"],"score":108,"play_id":"762d12e3-3970-4675-89bd-d774ddb0e233","local_time":"20190127124937","is_ascension_mode":false,"campfire_choices":[{"data":"Searing Blow+1","floor":7,"key":"SMITH"},{"data":"Dual Wield","floor":10,"key":"SMITH"},{"data":"Dropkick","floor":13,"key":"SMITH"},{"floor":15,"key":"RECALL"}],"neow_cost":"NONE","seed_source_timestamp":131091943055818,"circlet_count":0,"master_deck":["Strike_R","Strike_R","Strike_R","Defend_R","Defend_R","Defend_R","Defend_R","Bash","Dual Wield+1","Searing Blow+2","Thunderclap","Dropkick+1"],"relics":["Burning Blood","Gremlin Horn","Pen Nib","Ice Cream"],"potions_floor_usage":[6],"damage_taken":[{"damage":1,"enemies":"Jaw Worm","floor":1,"turns":5},{"damage":0,"enemies":"Small Slimes","floor":2,"turns":3},{"damage":0,"enemies":"2 Louse","floor":3,"turns":3},{"damage":14,"enemies":"Gremlin Nob","floor":6,"turns":3},{"damage":17,"enemies":"Exordium Wildlife","floor":12,"turns":2},{"damage":18,"enemies":"3 Sentries","floor":14,"turns":3},{"damage":45,"enemies":"The Guardian","floor":16,"turns":8}],"seed_played":"-6123113208323402062","potions_obtained":[{"floor":2,"key":"Energy Potion"},{"floor":3,"key":"Strength Potion"},{"floor":6,"key":"Poison Potion"},{"floor":12,"key":"SpeedPotion"}],"is_trial":false,"path_per_floor":["M","M","M","?","?","E","R","$","T","R","T","M","R","E","R","B"],"character_chosen":"IRONCLAD","items_purchased":["Dropkick"],"campfire_rested":0,"item_purchase_floors":[8],"current_hp_per_floor":[80,80,80,80,73,65,65,65,65,65,65,54,54,42,42,0],"gold":285,"neow_bonus":"HUNDRED_GOLD","is_prod":false,"is_daily":false,"chose_seed":false,"campfire_upgraded":3,"win_rate":0,"timestamp":1548618577,"path_taken":["M","M","M","?","?","E","R","$","T","R","?","M","R","E","R","BOSS"],"build_version":"2019-01-23","purchased_purges":1,"victory":false,"max_hp_per_floor":[80,80,80,80,80,80,80,80,80,80,80,80,80,80,80,80],"card_choices":[{"not_picked":["Sword Boomerang","Uppercut"],"picked":"Dual Wield","floor":1},{"not_picked":["Second Wind","Clothesline"],"picked":"Searing Blow","floor":2},{"not_picked":["Rupture","Sword Boomerang","Heavy Blade"],"picked":"SKIP","floor":3},{"not_picked":["Sentinel","True Grit"],"picked":"Thunderclap","floor":6},{"not_picked":["Wild Strike","Cleave","Dual Wield"],"picked":"SKIP","floor":12},{"not_picked":["Dark Embrace","Metallicize","Thunderclap"],"picked":"SKIP","floor":14}],"player_experience":324035,"relics_obtained":[{"floor":6,"key":"Gremlin Horn"},{"floor":9,"key":"Pen Nib"},{"floor":14,"key":"Ice Cream"}],"event_choices":[{"damage_healed":0,"gold_gain":0,"player_choice":"Grow","damage_taken":0,"max_hp_gain":0,"max_hp_loss":0,"event_name":"Living Wall","floor":4,"gold_loss":0,"cards_upgraded":["Searing Blow"]},{"cards_removed":["Strike_R"],"damage_healed":0,"gold_gain":0,"player_choice":"Card Removal","damage_taken":7,"max_hp_gain":0,"max_hp_loss":0,"event_name":"Golden Wing","floor":5,"gold_loss":0}],"is_beta":false,"boss_relics":[],"items_purged_floors":[8],"is_endless":false,"potions_floor_spawned":[2,3,6,12],"killed_by":"The Guardian","ascension_level":0}