{"gold_per_floor":[16,16,28,40,55,55,70,89,115,190,190,210,210,245,245,245],"floor_reached":16,"playtime":825,"items_purged":[],"score":140,"play_id":"ac024f6a-5561-4a79-abb0-e8ccf202ed0a","local_time":"20190224114953","is_ascension_mode":true,"campfire_choices":[{"data":"Corruption","floor":6,"key":"SMITH"},{"data":"Pummel","floor":13,"key":"SMITH"},{"data":"Armaments","floor":15,"key":"SMITH"}],"neow_cost":"NO_GOLD","seed_source_timestamp":313847459571535,"circlet_count":0,"master_deck":["Strike_R","Strike_R","Strike_R","Strike_R","Defend_R","Defend_R","Defend_R","Defend_R","Bash","Pommel Strike","Bludgeon","Corruption+1","Pummel+1","Shrug It Off","Burning Pact","Armaments+1"],"relics":["Burning Blood","Ginger","Bag of Preparation","Singing Bowl"],"potions_floor_usage":[8,14,14,16],"damage_taken":[{"damage":6,"enemies":"Cultist","floor":1,"turns":4},{"damage":2,"enemies":"Jaw Worm","floor":3,"turns":3},{"damage":15,"enemies":"Small Slimes","floor":4,"turns":4},{"damage":16,"enemies":"2 Fungi Beasts","floor":5,"turns":4},{"damage":0,"enemies":"Large Slime","floor":7,"turns":5},{"damage":4,"enemies":"Red Slaver","floor":8,"turns":5},{"damage":10,"enemies":"Exordium Thugs","floor":12,"turns":5},{"damage":4,"enemies":"Gremlin Nob","floor":14,"turns":3},{"damage":59,"enemies":"Hexaghost","floor":16,"turns":9}],"seed_played":"-5363957373486950139","potions_obtained":[{"floor":1,"key":"Block Potion"},{"floor":5,"key":"Block Potion"},{"floor":8,"key":"SteroidPotion"},{"floor":12,"key":"SkillPotion"}],"is_trial":false,"path_per_floor":["M","?","M","M","M","R","M","M","T","?","?","M","R","E","R","B"],"character_chosen":"IRONCLAD","items_purchased":[],"campfire_rested":0,"item_purchase_floors":[],"current_hp_per_floor":[72,72,76,67,57,57,63,65,65,54,59,55,55,57,57,0],"gold":245,"neow_bonus":"ONE_RARE_RELIC","is_prod":false,"is_daily":false,"chose_seed":false,"campfire_upgraded":3,"win_rate":0,"timestamp":1551034193,"path_taken":["M","?","M","M","M","R","M","?","T","?","?","M","R","E","R","BOSS"],"build_version":"2019-01-23","purchased_purges":0,"victory":false,"max_hp_per_floor":[80,80,80,80,80,80,80,80,80,80,85,85,85,85,85,85],"card_choices":[{"not_picked":["Power Through","Flex"],"picked":"Pommel Strike","floor":1},{"not_picked":["Searing Blow","Pommel Strike"],"picked":"Corruption","floor":3},{"not_picked":["Clothesline","Flex"],"picked":"Pummel","floor":4},{"not_picked":["Rupture","Combust","Twin Strike"],"picked":"SKIP","floor":5},{"not_picked":["Rupture","Perfected Strike","Clash"],"picked":"SKIP","floor":7},{"not_picked":["Clothesline","Warcry"],"picked":"Shrug It Off","floor":8},{"not_picked":["Uppercut","Blood for Blood"],"picked":"Burning Pact","floor":12},{"not_picked":["Body Slam","Limit Break"],"picked":"Armaments","floor":14}],"player_experience":428359,"relics_obtained":[{"floor":9,"key":"Bag of Preparation"},{"floor":14,"key":"Singing Bowl"}],"event_choices":[{"damage_healed":0,"gold_gain":0,"cards_transformed":["Strike_R"],"player_choice":"Transformed","damage_taken":0,"max_hp_gain":0,"max_hp_loss":0,"event_name":"Transmorgrifier","floor":2,"gold_loss":0,"cards_obtained":["Bludgeon"]},{"damage_healed":0,"gold_gain":75,"player_choice":"Gather Gold","damage_taken":11,"max_hp_gain":0,"max_hp_loss":0,"event_name":"World of Goop","floor":10,"gold_loss":0},{"damage_healed":0,"gold_gain":0,"player_choice":"Donut","damage_taken":0,"max_hp_gain":5,"max_hp_loss":0,"event_name":"Big Fish","floor":11,"gold_loss":0}],"is_beta":false,"boss_relics":[],"items_purged_floors":[],"is_endless":false,"potions_floor_spawned":[1,5,8,12],"killed_by":"Hexaghost","ascension_level":7}