{"gold_per_floor":[110,126,301,321,340,370,370,399,399,427,427,427,427,437,437,536,536,552,159,174,185,138,138,138],"floor_reached":24,"playtime":1721,"items_purged":["Doubt"],"score":270,"play_id":"36327894-3381-48c6-9bd5-d7ed0907f7af","local_time":"20190714175227","is_ascension_mode":true,"campfire_choices":[{"floor":7,"key":"REST"},{"floor":15,"key":"REST"},{"floor":23,"key":"REST"}],"neow_cost":"NONE","seed_source_timestamp":83852179181838,"circlet_count":0,"master_deck":["Strike_R","Strike_R","Strike_R","Strike_R","Strike_R+1","Defend_R","Defend_R","Defend_R","Defend_R","Bash+1","Dropkick","Heavy Blade","Power Through","Armaments","Clothesline","Sword Boomerang","Clash","Berserk","Parasite","Headbutt","Limit Break","Dual Wield+1","Feel No Pain","Corruption+1","Battle Trance","True Grit"],"relics":["Burning Blood","Whetstone","Bag of Marbles","Gremlin Horn","Letter Opener","Cursed Key","Darkstone Periapt"],"potions_floor_usage":[14,16,16,16],"damage_taken":[{"damage":7,"enemies":"Jaw Worm","floor":1,"turns":2},{"damage":7,"enemies":"Small Slimes","floor":2,"turns":3},{"damage":0,"enemies":"2 Louse","floor":4,"turns":2},{"damage":11,"enemies":"Blue Slaver","floor":5,"turns":4},{"damage":34,"enemies":"Gremlin Nob","floor":6,"turns":5},{"damage":52,"enemies":"Lagavulin","floor":8,"turns":9},{"damage":17,"enemies":"3 Sentries","floor":10,"turns":6},{"damage":0,"enemies":"Lots of Slimes","floor":14,"turns":2},{"damage":75,"enemies":"The Guardian","floor":16,"turns":11},{"damage":7,"enemies":"Chosen","floor":18,"turns":3},{"damage":6,"enemies":"2 Thieves","floor":20,"turns":3},{"damage":57,"enemies":"Sentry and Sphere","floor":21,"turns":10},{"damage":35,"enemies":"Shelled Parasite and Fungi","floor":24,"turns":6}],"seed_played":"2414388848718235731","potions_obtained":[{"floor":4,"key":"FairyPotion"},{"floor":5,"key":"Ancient Potion"},{"floor":6,"key":"SneckoOil"},{"floor":10,"key":"EntropicBrew"}],"is_trial":false,"path_per_floor":["M","M","?","M","M","E","R","E","T","E","?","?","?","M","R","B",null,"M","$","M","M","$","R","M"],"character_chosen":"IRONCLAD","items_purchased":["Darkstone Periapt","Feel No Pain","True Grit"],"campfire_rested":3,"item_purchase_floors":[19,19,22],"current_hp_per_floor":[79,78,78,80,75,47,71,25,25,14,34,34,34,40,64,8,62,61,61,61,10,10,34,0],"gold":138,"neow_bonus":"THREE_CARDS","is_prod":false,"is_daily":false,"chose_seed":false,"campfire_upgraded":0,"win_rate":0,"timestamp":1563123147,"path_taken":["M","M","?","M","M","E","R","E","T","E","?","?","?","?","R","BOSS","M","?","M","?","$","R","?"],"build_version":"2019-07-05","purchased_purges":1,"victory":false,"max_hp_per_floor":[80,80,80,80,80,80,80,80,80,80,80,80,80,80,80,80,80,80,80,80,80,80,80,80],"card_choices":[{"not_picked":["Sentinel","Power Through"],"picked":"Dropkick","floor":0},{"not_picked":["Perfected Strike","Flex"],"picked":"Heavy Blade","floor":1},{"not_picked":["Heavy Blade","Reckless Charge"],"picked":"Power Through","floor":2},{"not_picked":["Rupture","Rage"],"picked":"Armaments","floor":4},{"not_picked":["Pommel Strike","Flex"],"picked":"Clothesline","floor":5},{"not_picked":["Wild Strike","Intimidate"],"picked":"Sword Boomerang","floor":6},{"not_picked":["Fire Breathing","Body Slam"],"picked":"Clash","floor":8},{"not_picked":["Body Slam","Wild Strike"],"picked":"Berserk","floor":10},{"not_picked":["Sword Boomerang","Cleave"],"picked":"Headbutt","floor":14},{"not_picked":["Barricade","Berserk"],"picked":"Limit Break","floor":16},{"not_picked":["Sentinel","Fire Breathing"],"picked":"Dual Wield+1","floor":18},{"not_picked":["Twin Strike","True Grit"],"picked":"Corruption+1","floor":20},{"not_picked":["Perfected Strike","Evolve"],"picked":"Battle Trance","floor":21}],"player_experience":127000,"relics_obtained":[{"floor":6,"key":"Whetstone"},{"floor":8,"key":"Bag of Marbles"},{"floor":9,"key":"Gremlin Horn"},{"floor":10,"key":"Letter Opener"}],"event_choices":[{"damage_healed":0,"gold_gain":175,"player_choice":"AGREE","damage_taken":0,"max_hp_gain":0,"max_hp_loss":0,"event_name":"Liars Game","floor":3,"gold_loss":0,"cards_obtained":["Doubt"]},{"damage_healed":20,"gold_gain":0,"player_choice":"Healed and dodged fight","damage_taken":0,"max_hp_gain":0,"max_hp_loss":0,"event_name":"Mushrooms","floor":11,"gold_loss":0,"cards_obtained":["Parasite"]},{"damage_healed":0,"gold_gain":0,"player_choice":"Fled","damage_taken":0,"max_hp_gain":0,"max_hp_loss":0,"event_name":"Scrap Ooze","floor":12,"gold_loss":0},{"damage_healed":0,"gold_gain":0,"player_choice":"Ignored","damage_taken":0,"max_hp_gain":0,"max_hp_loss":0,"event_name":"Shining Light","floor":13,"gold_loss":0}],"is_beta":false,"boss_relics":[{"not_picked":["Runic Dome","Coffee Dripper"],"picked":"Cursed Key"}],"items_purged_floors":[19],"is_endless":false,"potions_floor_spawned":[4,5,6,8,10],"killed_by":"Shelled Parasite and Fungi","ascension_level":5}