{"gold_per_floor":[14,25,43,57,57,57,83,83,83,98,98,111,36,111,111,211,211,196,29,46,46],"floor_reached":21,"playtime":2052,"items_purged":["Defend_G","Catalyst+1"],"score":181,"play_id":"367e9516-24e4-41f4-8f32-d825945a8e10","local_time":"20181213000056","is_ascension_mode":false,"campfire_choices":[{"data":"Finisher","floor":6,"key":"SMITH"},{"data":"Well Laid Plans","floor":8,"key":"SMITH"},{"data":"Well Laid Plans","floor":15,"key":"SMITH"}],"neow_cost":"NO_GOLD","seed_source_timestamp":72962609757265,"circlet_count":0,"master_deck":["Defend_G","Defend_G","Survivor","Neutralize","Finisher+1","Malaise","Blade Dance","Heel Hook","Well Laid Plans+1","Blade Dance","Doppelganger","Well Laid Plans+1","Outmaneuver","Bullet Time","Flying Knee+1","Infinite Blades+1","Prepared","Footwork","Prepared+1"],"relics":["Ring of the Snake","Dodecahedron","Paper Crane","Astrolabe"],"potions_floor_usage":[7,16,16,20,21],"damage_taken":[{"damage":0,"enemies":"Small Slimes","floor":1,"turns":7},{"damage":0,"enemies":"2 Louse","floor":2,"turns":2},{"damage":0,"enemies":"Cultist","floor":3,"turns":1},{"damage":0,"enemies":"Large Slime","floor":4,"turns":7},{"damage":8,"enemies":"Gremlin Nob","floor":7,"turns":3},{"damage":0,"enemies":"Looter","floor":10,"turns":1},{"damage":9,"enemies":"Blue Slaver","floor":12,"turns":4},{"damage":18,"enemies":"Hexaghost","floor":16,"turns":10},{"damage":20,"enemies":"2 Thieves","floor":18,"turns":4},{"damage":15,"enemies":"3 Byrds","floor":20,"turns":5},{"damage":39,"enemies":"Sentry and Sphere","floor":21,"turns":5}],"seed_played":"-6911474326345865877","potions_obtained":[{"floor":3,"key":"Poison Potion"},{"floor":4,"key":"Explosive Potion"},{"floor":7,"key":"Strength Potion"},{"floor":12,"key":"Fire Potion"},{"floor":16,"key":"SpeedPotion"}],"is_trial":false,"path_per_floor":["M","M","M","M","?","R","E","R","T","M","?","M","$","?","R","B",null,"M","$","M","M"],"character_chosen":"THE_SILENT","items_purchased":["Footwork"],"campfire_rested":0,"item_purchase_floors":[19],"current_hp_per_floor":[70,70,70,70,63,63,55,55,55,55,55,46,46,35,35,17,70,50,50,35,0],"gold":46,"neow_bonus":"TRANSFORM_TWO_CARDS","is_prod":false,"is_daily":false,"chose_seed":false,"campfire_upgraded":3,"win_rate":0.0,"timestamp":1544684456,"path_taken":["M","M","M","M","?","R","E","R","T","M","?","?","$","?","R","BOSS","M","$","M","M"],"build_version":"2018-12-06","purchased_purges":2,"victory":false,"max_hp_per_floor":[70,70,70,70,70,70,70,70,70,70,70,70,70,70,70,70,70,70,70,70,70],"card_choices":[{"not_picked":["Deflect","Heel Hook"],"picked":"Blade Dance","floor":1},{"not_picked":["Skewer","Underhanded Strike"],"picked":"Heel Hook","floor":2},{"not_picked":["Deadly Poison","PiercingWail"],"picked":"Well Laid Plans","floor":3},{"not_picked":["Bane","Acrobatics"],"picked":"Blade Dance","floor":4},{"not_picked":["Flechettes","Backflip"],"picked":"Doppelganger","floor":7},{"not_picked":["Skewer","Deadly Poison"],"picked":"Well Laid Plans","floor":10},{"not_picked":["Backflip","Poisoned Stab"],"picked":"Outmaneuver","floor":12},{"not_picked":["Tools of the Trade","Venomology"],"picked":"Bullet Time","floor":16},{"not_picked":["Dagger Throw+1","Finisher"],"picked":"Prepared","floor":18},{"not_picked":["Deadly Poison+1","Noxious Fumes"],"picked":"Prepared+1","floor":20}],"player_experience":79010,"relics_obtained":[{"floor":7,"key":"Dodecahedron"},{"floor":9,"key":"Paper Crane"}],"event_choices":[{"cards_removed":["Strike_G"],"damage_healed":0,"gold_gain":0,"player_choice":"Card Removal","damage_taken":7,"max_hp_gain":0,"max_hp_loss":0,"event_name":"Golden Wing","floor":5,"gold_loss":0},{"cards_removed":["Strike_G"],"damage_healed":0,"gold_gain":0,"player_choice":"Purged","damage_taken":0,"max_hp_gain":0,"max_hp_loss":0,"event_name":"Purifier","floor":11,"gold_loss":0},{"damage_healed":0,"gold_gain":75,"player_choice":"Gather Gold","damage_taken":11,"max_hp_gain":0,"max_hp_loss":0,"event_name":"World of Goop","floor":14,"gold_loss":0}],"is_beta":false,"boss_relics":[{"not_picked":["Ectoplasm","Runic Dome"],"picked":"Astrolabe"}],"items_purged_floors":[13,19],"is_endless":false,"potions_floor_spawned":[3,4,7,12,16],"killed_by":"Sentry and Sphere","ascension_level":0}