{"path_per_floor":["M","M","M","M","?","R","?","$","T","E","$","E","$","M","R","B",null,"M","?","M","$","M","E","R","?","T","R","E","?","R","M","R","B",null,"M","M","?","M","$","R","M","R","T","M","?","R","M","E","R","B"],"character_chosen":"DEFECT","items_purchased":["Axe Kick","Doom and Gloom","Ball Lightning","Glacier","Lantern"],"gold_per_floor":[110,127,147,158,233,233,183,60,60,94,24,57,57,73,73,169,169,183,208,218,70,89,118,118,118,118,118,145,145,145,158,158,257,257,277,295,295,315,28,28,38,38,38,53,53,53,70,95,95,95],"floor_reached":51,"campfire_rested":7,"playtime":2729,"current_hp_per_floor":[67,62,62,58,47,47,47,47,61,44,44,17,17,15,39,6,82,62,62,53,53,32,4,28,18,18,44,25,25,43,40,58,8,61,37,22,28,25,25,45,42,42,42,50,50,50,51,35,55,2],"items_purged":["Strike_B","Defend_B","Normality"],"gold":95,"score":784,"play_id":"d3bf2888-62ce-4402-ab63-6ef32036ea99","local_time":"20180508101003","is_prod":false,"is_daily":false,"chose_seed":false,"is_ascension_mode":true,"campfire_upgraded":3,"timestamp":1525767003,"path_taken":["M","M","?","M","?","R","?","$","T","E","$","E","$","M","R","BOSS","M","?","M","$","M","E","R","?","T","R","E","?","R","M","R","BOSS","M","M","?","M","$","R","M","R","T","M","?","R","?","E","R","BOSS"],"build_version":"2018-05-03","seed_source_timestamp":2580557352887264,"purchased_purges":3,"victory":true,"master_deck":["Defend_B","Defend_B","Defend_B","Zap+1","Dualcast","Defragment+1","Ball Lightning","Leap","Axe Kick","Seek+1","Doom and Gloom","Amplify+1","Ball Lightning+1","Ball Lightning","Echo Form","Cold Snap+1","Necronomicurse","Bite","Bite","Bite","Bite","Bite","Leap+1","Fusion+1","Ball Lightning+1","Beam Cell","Glacier","Stack+1","Defragment+1","Conserve Battery+1"],"max_hp_per_floor":[68,68,68,68,68,68,68,68,82,82,82,82,82,82,82,82,82,82,82,82,82,82,82,82,88,88,88,88,61,61,61,61,61,61,61,61,67,67,67,67,67,67,67,67,67,67,67,67,67,67],"relics":["Cracked Core","Mango","Du-Vu Doll","Darkstone Periapt","Nuclear Battery","Red Mask","Vajra","Necronomicon","Bird Faced Urn","The Courier","Philosopher\u0027s Stone","War Paint","Lantern","Kunai","Bag of Preparation"],"card_choices":[{"not_picked":["Aggregate","Sweeping Beam"],"picked":"Defragment","floor":2},{"not_picked":["Stack","Coolheaded"],"picked":"Ball Lightning","floor":3},{"not_picked":["Sweeping Beam","Undo"],"picked":"Leap","floor":4},{"not_picked":["Conserve Battery","Rebound"],"picked":"Seek","floor":10},{"not_picked":["Biased Cognition","Thunder Strike"],"picked":"Amplify","floor":16},{"not_picked":["Beam Cell","Axe Kick"],"picked":"Ball Lightning","floor":19},{"not_picked":["Blizzard","Axe Kick"],"picked":"Echo Form","floor":22},{"not_picked":["Gash","Streamline"],"picked":"Cold Snap","floor":23},{"not_picked":["Storm","Reprogram"],"picked":"Leap","floor":31},{"not_picked":["Echo Form","All For One"],"picked":"Fusion","floor":33},{"not_picked":["Streamline","Stack"],"picked":"Ball Lightning","floor":35},{"not_picked":["Skim","Hello World"],"picked":"Beam Cell","floor":38},{"not_picked":["Melter","Amplify"],"picked":"Stack","floor":41},{"not_picked":["FTL","Reprogram"],"picked":"Defragment","floor":44},{"not_picked":["Barrage","Stack"],"picked":"Conserve Battery","floor":47}],"player_experience":373608,"potions_floor_usage":[10,19,23,23,28,33,41,50],"damage_taken":[{"damage":1,"enemies":"Cultist","floor":1,"turns":3},{"damage":5,"enemies":"Jaw Worm","floor":2,"turns":4},{"damage":0,"enemies":"Small Slimes","floor":3,"turns":2},{"damage":4,"enemies":"3 Louse","floor":4,"turns":3},{"damage":17,"enemies":"Gremlin Nob","floor":10,"turns":4},{"damage":27,"enemies":"Lagavulin","floor":12,"turns":4},{"damage":2,"enemies":"2 Fungi Beasts","floor":14,"turns":2},{"damage":33,"enemies":"The Guardian","floor":16,"turns":9},{"damage":20,"enemies":"3 Byrds","floor":18,"turns":3},{"damage":0,"enemies":"Masked Bandits","floor":19,"turns":3},{"damage":9,"enemies":"2 Thieves","floor":20,"turns":3},{"damage":21,"enemies":"Snecko","floor":22,"turns":4},{"damage":28,"enemies":"Slavers","floor":23,"turns":3},{"damage":23,"enemies":"Book of Stabbing","floor":28,"turns":4},{"damage":7,"enemies":"Centurion and Healer","floor":31,"turns":3},{"damage":65,"enemies":"Automaton","floor":33,"turns":8},{"damage":26,"enemies":"3 Shapes","floor":35,"turns":4},{"damage":21,"enemies":"Flame Bruiser 1 Orb","floor":36,"turns":3},{"damage":25,"enemies":"Maw","floor":38,"turns":7},{"damage":13,"enemies":"3 Darklings","floor":41,"turns":3},{"damage":10,"enemies":"Sphere and 2 Shapes","floor":44,"turns":4},{"damage":5,"enemies":"4 Shapes","floor":47,"turns":2},{"damage":40,"enemies":"Giant Head","floor":48,"turns":9},{"damage":78,"enemies":"Time Eater","floor":50,"turns":11}],"event_choices":[{"event_name":"World of Goop","player_choice":"Gather Gold","floor":5,"damage_taken":0},{"event_name":"The Cleric","player_choice":"Card Removal","floor":7,"damage_taken":0},{"event_name":"Masked Bandits","player_choice":"Fought over 183 gold","floor":19,"damage_taken":0},{"event_name":"Cursed Tome","player_choice":"Obtained Book","floor":25,"damage_taken":0},{"event_name":"Vampires","player_choice":"Became a vampire","floor":29,"damage_taken":0},{"event_name":"Accursed Blacksmith","player_choice":"Rummage","floor":37,"damage_taken":0},{"event_name":"Mysterious Sphere","player_choice":"Ignore","floor":45,"damage_taken":0}],"boss_relics":[{"not_picked":["Astrolabe","Cursed Key"],"picked":"Nuclear Battery"},{"not_picked":["Tiny House","Black Star"],"picked":"Philosopher\u0027s Stone"}],"potions_floor_spawned":[4,10,14,20,23,31,38,41,48],"seed_played":"-632069856793557201","ascension_level":1,"is_trial":false}