{"gold_per_floor":[112,132,142,142,156,156,187,187,187,187,187,187,206,239,239,369,369,388,388,97,118,118,118,143,193,193,193,283,302,302,325,325,456,456,480,499,499,499,524,524,524,524,524,564,564,564],"floor_reached":46,"playtime":1258,"items_purged":["Writhe"],"score":719,"play_id":"336b85f3-d4e7-4b8f-be50-08f6f2108e9f","local_time":"20190428171137","is_ascension_mode":true,"campfire_choices":[{"floor":6,"key":"RECALL"},{"data":"Defragment","floor":10,"key":"SMITH"},{"floor":12,"key":"REST"},{"data":"Zap","floor":15,"key":"SMITH"},{"floor":23,"key":"REST"},{"floor":30,"key":"REST"},{"floor":32,"key":"REST"},{"floor":40,"key":"REST"},{"floor":42,"key":"REST"}],"neow_cost":"NONE","seed_source_timestamp":1235135751211897,"circlet_count":0,"master_deck":["Strike_B","Strike_B","Defend_B","Defend_B","Defend_B","Defend_B","Zap+1","Dualcast","Defragment+1","Ball Lightning","Ball Lightning","Electrodynamics","Ball Lightning+1","Loop","Ball Lightning","Zap"],"relics":["Cracked Core","NeowsBlessing","Golden Idol","Juzu Bracelet","Cables","Odd Mushroom","Lizard Tail","Vajra","Strawberry","Gremlin Horn","Sozu","Incense Burner","Mercury Hourglass"],"potions_floor_usage":[7,13,14,16,16,18,35,44],"damage_taken":[{"damage":0,"enemies":"Jaw Worm","floor":1,"turns":1},{"damage":0,"enemies":"Small Slimes","floor":2,"turns":1},{"damage":0,"enemies":"2 Louse","floor":3,"turns":1},{"damage":12,"enemies":"Looter","floor":5,"turns":3},{"damage":8,"enemies":"Gremlin Nob","floor":7,"turns":3},{"damage":2,"enemies":"Red Slaver","floor":13,"turns":2},{"damage":11,"enemies":"The Mushroom Lair","floor":14,"turns":3},{"damage":0,"enemies":"Slime Boss","floor":16,"turns":5},{"damage":26,"enemies":"2 Thieves","floor":18,"turns":4},{"damage":12,"enemies":"Chosen","floor":21,"turns":3},{"damage":1,"enemies":"Sentry and Sphere","floor":24,"turns":3},{"damage":6,"enemies":"3 Cultists","floor":29,"turns":3},{"damage":29,"enemies":"Centurion and Healer","floor":31,"turns":3},{"damage":21,"enemies":"Collector","floor":33,"turns":6},{"damage":25,"enemies":"3 Darklings","floor":35,"turns":3},{"damage":6,"enemies":"Orb Walker","floor":36,"turns":2},{"damage":27,"enemies":"3 Darklings","floor":39,"turns":3},{"damage":114,"enemies":"Giant Head","floor":44,"turns":9},{"damage":8,"enemies":"Writhing Mass","floor":46,"turns":1}],"seed_played":"-9041016391055330648","potions_obtained":[{"floor":1,"key":"Poison Potion"},{"floor":2,"key":"Explosive Potion"},{"floor":5,"key":"Block Potion"},{"floor":7,"key":"SteroidPotion"},{"floor":13,"key":"EntropicBrew"},{"floor":18,"key":"SteroidPotion"}],"is_trial":false,"path_per_floor":["M","M","M","?","M","R","E","?","T","R","?","R","M","?","R","B",null,"M","?","$","M","?","R","M","?","T","?","?","M","R","M","R","B",null,"M","M","?","?","M","R","?","R","T","E","?","M"],"character_chosen":"DEFECT","items_purchased":["Loop","Strawberry"],"campfire_rested":6,"item_purchase_floors":[20,20],"current_hp_per_floor":[68,68,68,50,38,38,30,23,23,23,16,38,36,25,25,25,63,37,37,44,32,32,56,55,55,55,55,39,33,57,28,52,31,69,44,38,38,38,11,35,35,59,59,3,3,0],"gold":564,"neow_bonus":"THREE_ENEMY_KILL","is_prod":false,"is_daily":false,"chose_seed":false,"campfire_upgraded":2,"win_rate":0,"timestamp":1556464297,"path_taken":["M","M","M","?","M","R","E","?","T","R","?","R","M","?","R","BOSS","M","?","$","M","?","R","M","?","T","?","?","M","R","M","R","BOSS","M","M","?","?","M","R","?","R","T","E","?","M"],"build_version":"2019-04-23","purchased_purges":1,"victory":false,"max_hp_per_floor":[75,75,75,75,75,75,75,75,75,75,75,75,75,75,75,75,75,75,75,82,82,82,82,82,82,82,82,82,82,82,82,82,82,82,82,82,82,82,82,82,82,82,82,82,82,82],"card_choices":[{"not_picked":["Double Energy","Rip and Tear"],"picked":"Defragment","floor":1},{"not_picked":["Doom and Gloom","Redo","BootSequence"],"picked":"SKIP","floor":2},{"not_picked":["Consume","Rebound"],"picked":"Ball Lightning","floor":3},{"not_picked":["Redo","Streamline","Beam Cell"],"picked":"SKIP","floor":5},{"not_picked":["Genetic Algorithm","Rebound"],"picked":"Ball Lightning","floor":7},{"not_picked":["Beam Cell","Storm","Reinforced Body"],"picked":"SKIP","floor":13},{"not_picked":["Echo Form","Biased Cognition"],"picked":"Electrodynamics","floor":16},{"not_picked":["Rebound","Go for the Eyes"],"picked":"Ball Lightning+1","floor":18},{"not_picked":["Machine Learning","Conserve Battery+1","Melter"],"picked":"SKIP","floor":21},{"not_picked":["Barrage","Storm","Gash"],"picked":"SKIP","floor":24},{"not_picked":["Beam Cell","Blizzard","Hologram"],"picked":"SKIP","floor":29},{"not_picked":["Compile Driver","Rebound","Stack"],"picked":"SKIP","floor":31},{"not_picked":["Turbo+1","Streamline"],"picked":"Ball Lightning","floor":35},{"not_picked":["Coolheaded+1","Steam Power+1","Gash+1"],"picked":"SKIP","floor":36},{"not_picked":["Chaos","Sunder","Hologram"],"picked":"SKIP","floor":39},{"not_picked":["Aggregate+1","Rip and Tear","Doom and Gloom+1"],"picked":"SKIP","floor":44}],"player_experience":526644,"relics_obtained":[{"floor":7,"key":"Juzu Bracelet"},{"floor":14,"key":"Odd Mushroom"},{"floor":26,"key":"Gremlin Horn"},{"floor":43,"key":"Incense Burner"},{"floor":44,"key":"Mercury Hourglass"}],"event_choices":[{"damage_healed":0,"gold_gain":0,"player_choice":"Take Damage","damage_taken":18,"relics_obtained":["Golden Idol"],"max_hp_gain":0,"max_hp_loss":0,"event_name":"Golden Idol","floor":4,"gold_loss":0},{"damage_healed":0,"gold_gain":0,"player_choice":"Success","damage_taken":7,"relics_obtained":["Cables"],"max_hp_gain":0,"max_hp_loss":0,"event_name":"Scrap Ooze","floor":8,"gold_loss":0},{"cards_removed":["Strike_B"],"damage_healed":0,"gold_gain":0,"player_choice":"Card Removal","damage_taken":7,"max_hp_gain":0,"max_hp_loss":0,"event_name":"Golden Wing","floor":11,"gold_loss":0},{"damage_healed":0,"gold_gain":0,"player_choice":"Fought Mushrooms","damage_taken":0,"max_hp_gain":0,"max_hp_loss":0,"event_name":"Mushrooms","floor":14,"gold_loss":0},{"damage_healed":0,"gold_gain":0,"player_choice":"Opened","damage_taken":0,"relics_obtained":["Vajra"],"max_hp_gain":0,"max_hp_loss":0,"event_name":"The Mausoleum","floor":19,"gold_loss":0,"cards_obtained":["Writhe"]},{"damage_healed":0,"gold_gain":0,"player_choice":"Ignored","damage_taken":0,"max_hp_gain":0,"max_hp_loss":0,"event_name":"Vampires","floor":22,"gold_loss":0},{"damage_healed":0,"gold_gain":100,"player_choice":"Bet on Murderer","damage_taken":0,"max_hp_gain":0,"max_hp_loss":0,"event_name":"The Joust","floor":25,"gold_loss":50},{"damage_healed":0,"gold_gain":0,"player_choice":"Ignored","damage_taken":0,"max_hp_gain":0,"max_hp_loss":0,"event_name":"Ghosts","floor":27,"gold_loss":0},{"damage_healed":0,"gold_gain":90,"player_choice":"GOLD ","damage_taken":16,"max_hp_gain":0,"max_hp_loss":0,"event_name":"Knowing Skull","floor":28,"potions_obtained":[],"gold_loss":0,"cards_obtained":[]},{"damage_healed":0,"gold_gain":0,"player_choice":"1 cards matched","damage_taken":0,"max_hp_gain":0,"max_hp_loss":0,"event_name":"Match and Keep!","floor":37,"gold_loss":0,"cards_obtained":["Zap"]},{"damage_healed":0,"gold_gain":0,"player_choice":"Memory 1","damage_taken":0,"max_hp_gain":0,"max_hp_loss":0,"event_name":"SensoryStone","floor":38,"gold_loss":0},{"cards_removed":["Strike_B"],"damage_healed":0,"gold_gain":0,"player_choice":"Offered Basic","damage_taken":0,"max_hp_gain":0,"max_hp_loss":0,"event_name":"Bonfire Elementals","floor":41,"gold_loss":0},{"damage_healed":0,"gold_gain":0,"player_choice":"Ignored","damage_taken":0,"max_hp_gain":0,"max_hp_loss":0,"event_name":"Mysterious Sphere","floor":45,"gold_loss":0}],"is_beta":true,"boss_relics":[{"not_picked":["Coffee Dripper","Black Star"],"picked":"Lizard Tail"},{"not_picked":["White Beast Statue","Busted Crown"],"picked":"Sozu"}],"items_purged_floors":[20],"is_endless":false,"potions_floor_spawned":[1,2,5,7,13,18,39],"killed_by":"Writhing Mass","ascension_level":8}