{"path_per_floor":["M","?","M","?","M","R","M","$","T","$","R","E","M","$","R","B",null,"M","?","M","?","M","R","M","R","T","R","M","R","M","?","R","B"],"character_chosen":"DEFECT","items_purchased":["Skim"],"gold_per_floor":[110,110,128,78,91,91,101,26,26,26,26,55,73,19,19,118,118,136,136,151,182,193,193,213,213,237,237,256,256,267,267,267,366,366],"floor_reached":34,"campfire_rested":3,"playtime":1153,"current_hp_per_floor":[75,68,68,68,68,68,64,64,64,64,64,63,62,62,62,14,70,47,47,39,33,15,41,27,53,53,79,79,79,61,89,89,64,83],"items_purged":["Strike_B"],"gold":366,"score":440,"play_id":"a9963653-aafa-469f-95c1-f469087bd50f","local_time":"20180512090725","is_prod":false,"is_daily":false,"chose_seed":false,"is_ascension_mode":true,"campfire_upgraded":5,"timestamp":1526108845,"path_taken":["M","?","M","?","M","R","M","$","T","$","R","E","?","$","R","BOSS","M","?","M","?","M","R","M","R","T","R","M","R","M","?","R","BOSS"],"build_version":"2018-05-11","seed_source_timestamp":0,"purchased_purges":1,"victory":false,"master_deck":["Strike_B+1","Defend_B+1","Defend_B+1","Defend_B+1","Defend_B+1","Zap+1","Dualcast+1","Gash+1","Skim","FTL","Axe Kick+1","Skim+1","Scrape+1","Axe Kick","FTL+1"],"max_hp_per_floor":[75,75,75,75,75,75,75,75,75,75,75,89,89,89,89,89,89,89,89,89,89,89,89,89,89,89,89,89,89,89,89,89,89,89],"relics":["Cracked Core","NeowsBlessing","Emotion Chip","Mango","Sozu","Red Mask","Juzu Bracelet","Orrery"],"card_choices":[{"not_picked":["Streamline","Impulse"],"picked":"Gash","floor":3.0},{"not_picked":["Rebound","Ball Lightning"],"picked":"Skim","floor":5.0},{"not_picked":["Static Discharge","Chill"],"picked":"FTL","floor":12.0},{"not_picked":["Impulse","Sunder"],"picked":"Axe Kick","floor":13.0},{"not_picked":["Steam Power","Capacitor"],"picked":"Scrape","floor":22.0},{"not_picked":["Stack","Storm"],"picked":"Axe Kick","floor":34},{"not_picked":["Stack+1","Hologram"],"picked":"FTL+1","floor":34}],"player_experience":433090,"potions_floor_usage":[],"damage_taken":[{"damage":0.0,"enemies":"2 Louse","floor":1.0,"turns":1.0},{"damage":0.0,"enemies":"Small Slimes","floor":3.0,"turns":1.0},{"damage":0.0,"enemies":"Cultist","floor":5.0,"turns":1.0},{"damage":4.0,"enemies":"Red Slaver","floor":7.0,"turns":3.0},{"damage":15.0,"enemies":"Lagavulin","floor":12.0,"turns":5.0},{"damage":1.0,"enemies":"Looter","floor":13.0,"turns":2.0},{"damage":48.0,"enemies":"Hexaghost","floor":16.0,"turns":8.0},{"damage":23.0,"enemies":"Shell Parasite","floor":18.0,"turns":3.0},{"damage":8.0,"enemies":"2 Thieves","floor":20.0,"turns":4.0},{"damage":6.0,"enemies":"Masked Bandits","floor":21.0,"turns":3.0},{"damage":18.0,"enemies":"Snake Plant","floor":22.0,"turns":4.0},{"damage":14.0,"enemies":"3 Cultists","floor":24.0,"turns":4.0},{"damage":0.0,"enemies":"Centurion and Healer","floor":28.0,"turns":3.0},{"damage":18.0,"enemies":"Snecko","floor":30.0,"turns":4.0},{"damage":25.0,"enemies":"Collector","floor":33.0,"turns":6.0}],"event_choices":[{"event_name":"Golden Wing","player_choice":"Card Removal","floor":2.0,"damage_taken":0.0},{"event_name":"The Cleric","player_choice":"Card Removal","floor":4.0,"damage_taken":0.0},{"event_name":"Back to Basics","player_choice":"Simplicity","floor":19.0,"damage_taken":0.0},{"event_name":"Masked Bandits","player_choice":"Fought over 151 gold","floor":21.0,"damage_taken":0.0},{"event_name":"The Library","player_choice":"Heal","floor":31.0,"damage_taken":0.0}],"boss_relics":[{"not_picked":["Snecko Eye","White Beast Statue"],"picked":"Orrery"}],"potions_floor_spawned":[5,7,13,18,24,30],"seed_played":"-7837575446894967353","ascension_level":5,"is_trial":false}