{"gold_per_floor":[115,134,234,253,273,305,315,346,395,41,69,79,79,93,93,197,197,209,226,226],"floor_reached":20,"playtime":1484,"items_purged":[],"score":317,"play_id":"a8294717-ac3e-459c-a924-30f12702f55c","local_time":"20190728165115","is_ascension_mode":true,"campfire_choices":[{"floor":15,"key":"REST"}],"neow_cost":"NONE","seed_source_timestamp":1569151916994297,"circlet_count":0,"master_deck":["AscendersBane","Strike_R","Strike_R+1","Strike_R","Strike_R","Defend_R","Defend_R","Defend_R","Defend_R","Bash+1","Pommel Strike","Inflame","True Grit","Rage","True Grit","Warcry","Madness","Pommel Strike+1","Uppercut+1","Pommel Strike+1","Corruption","Impervious","Sword Boomerang+1"],"relics":["Burning Blood","Strawberry","The Courier","Whetstone","Prayer Wheel","Molten Egg 2","Black Star"],"potions_floor_usage":[6,6,8,11,12,19,20],"damage_taken":[{"damage":5,"enemies":"Small Slimes","floor":1,"turns":4},{"damage":6,"enemies":"Cultist","floor":2,"turns":4},{"damage":6,"enemies":"Jaw Worm","floor":4,"turns":4},{"damage":8,"enemies":"Large Slime","floor":5,"turns":6},{"damage":29,"enemies":"Lagavulin","floor":6,"turns":8},{"damage":12,"enemies":"Exordium Wildlife","floor":7,"turns":6},{"damage":21,"enemies":"Gremlin Nob","floor":8,"turns":4},{"damage":27,"enemies":"Lagavulin","floor":11,"turns":4},{"damage":9,"enemies":"Blue Slaver","floor":12,"turns":3},{"damage":9,"enemies":"2 Fungi Beasts","floor":14,"turns":4},{"damage":26,"enemies":"Slime Boss","floor":16,"turns":10},{"damage":25,"enemies":"Shell Parasite","floor":18,"turns":6},{"damage":36,"enemies":"3 Byrds","floor":19,"turns":7},{"damage":37,"enemies":"3 Cultists","floor":20,"turns":4}],"seed_played":"6695920432550351487","potions_obtained":[{"floor":1,"key":"SkillPotion"},{"floor":5,"key":"Energy Potion"},{"floor":6,"key":"PowerPotion"},{"floor":8,"key":"BloodPotion"},{"floor":16,"key":"Dexterity Potion"},{"floor":18,"key":"SteroidPotion"}],"is_trial":false,"path_per_floor":["M","M","?","M","M","E","M","E","T","$","E","M","?","M","R","B",null,"M","M","M"],"character_chosen":"IRONCLAD","items_purchased":["Prayer Wheel","Madness","PowerPotion"],"campfire_rested":1,"item_purchase_floors":[10,10,10],"current_hp_per_floor":[73,73,73,73,71,55,49,34,34,34,13,31,31,28,54,34,74,55,25,0],"gold":226,"neow_bonus":"THREE_CARDS","is_prod":false,"is_daily":false,"chose_seed":false,"campfire_upgraded":0,"win_rate":0,"timestamp":1564357875,"path_taken":["M","M","?","M","?","E","M","E","T","$","E","M","?","M","R","BOSS","M","M","M"],"build_version":"2019-07-17","purchased_purges":0,"victory":false,"max_hp_per_floor":[80,80,80,80,80,87,87,87,87,87,87,87,87,87,87,87,87,87,87,87],"card_choices":[{"not_picked":["Havoc","Twin Strike"],"picked":"Pommel Strike","floor":0},{"not_picked":["Infernal Blade","Heavy Blade"],"picked":"Inflame","floor":1},{"not_picked":["Twin Strike","Thunderclap"],"picked":"True Grit","floor":2},{"not_picked":["Anger","Cleave"],"picked":"Rage","floor":4},{"not_picked":["Flex","Thunderclap","Havoc"],"picked":"SKIP","floor":5},{"not_picked":["Cleave","Wild Strike"],"picked":"True Grit","floor":6},{"not_picked":["Iron Wave","Flex","Sword Boomerang"],"picked":"SKIP","floor":7},{"not_picked":["Anger","Sword Boomerang"],"picked":"Warcry","floor":8},{"not_picked":["Fiend Fire","Inflame"],"picked":"Pommel Strike","floor":11},{"not_picked":["Shrug It Off","Cleave+1"],"picked":"Uppercut+1","floor":12},{"not_picked":["Entrench","Perfected Strike+1","Havoc"],"picked":"SKIP","floor":12},{"not_picked":["Blood for Blood+1","Thunderclap+1"],"picked":"Pommel Strike+1","floor":14},{"not_picked":["Thunderclap+1","Iron Wave+1"],"picked":"Corruption","floor":14},{"not_picked":["Exhume","Brutality"],"picked":"Impervious","floor":16},{"not_picked":["Flex+1","Hemokinesis+1"],"picked":"Sword Boomerang+1","floor":18},{"not_picked":["Pommel Strike+1","Warcry","Clothesline+1"],"picked":"SKIP","floor":18},{"not_picked":["Dual Wield","Inflame","Wild Strike+1"],"picked":"SKIP","floor":19},{"not_picked":["Twin Strike+1","Spot Weakness","Brutality"],"picked":"SKIP","floor":19}],"player_experience":689928,"relics_obtained":[{"floor":6,"key":"Strawberry"},{"floor":8,"key":"The Courier"},{"floor":9,"key":"Whetstone"},{"floor":11,"key":"Molten Egg 2"}],"event_choices":[{"damage_healed":0,"gold_gain":100,"player_choice":"Pray","damage_taken":0,"max_hp_gain":0,"max_hp_loss":0,"event_name":"Golden Shrine","floor":3,"gold_loss":0},{"cards_removed":["Strike_R"],"damage_healed":0,"gold_gain":0,"player_choice":"Forget","damage_taken":0,"max_hp_gain":0,"max_hp_loss":0,"event_name":"Living Wall","floor":13,"gold_loss":0}],"is_beta":false,"boss_relics":[{"not_picked":["Philosopher\u0027s Stone","Fusion Hammer"],"picked":"Black Star"}],"items_purged_floors":[],"is_endless":false,"potions_floor_spawned":[1,5,6,8,16,18],"killed_by":"3 Cultists","ascension_level":12}