{"gold_per_floor":[209,221,28,43,118,152,165,165,214,214,228,11,43,61,61,163,163,179,179,179,166,181,181,181,210,264,264,299,75,89,100,100,196,196,212,223,223,242,242,242,273,273,273,273,290,318,101,119,119,119],"floor_reached":50,"playtime":3736,"items_purged":[],"score":631,"play_id":"1a834f42-a024-408a-9451-188237156c8a","local_time":"20190706184920","is_ascension_mode":true,"campfire_choices":[{"floor":8,"key":"REST"},{"floor":10,"key":"REST"},{"data":"Limit Break","floor":15,"key":"SMITH"},{"floor":23,"key":"REST"},{"floor":27,"key":"REST"},{"floor":32,"key":"REST"},{"floor":40,"key":"REST"},{"floor":42,"key":"REST"},{"floor":44,"key":"REST"},{"floor":49,"key":"REST"}],"neow_cost":"NONE","seed_source_timestamp":752409195463059,"circlet_count":0,"master_deck":["Strike_R","Strike_R","Strike_R","Strike_R","Defend_R","Defend_R","Defend_R","Defend_R","Bash","Shockwave","Ghostly Armor","Anger","Cleave","Flex","Headbutt","Whirlwind","Limit Break+1","Flex","Demon Form","Cleave","Seeing Red","Cleave","Clothesline","Sentinel","Heavy Blade+1","Impervious","Spot Weakness","Thunderclap","Rampage","Limit Break","Perfected Strike","Armaments+1","Battle Trance+1","Dramatic Entrance","Clothesline+1","Headbutt","Spot Weakness","Power Through+1"],"relics":["Burning Blood","Blood Vial","Bottled Lightning","Red Skull","Bag of Marbles","PreservedInsect","Runic Cube","Gambling Chip","Bronze Scales","Centennial Puzzle","Vajra","White Beast Statue","Shovel","Mango","Boot","Ancient Tea Set"],"potions_floor_usage":[16,16,30,38,38,41,50],"damage_taken":[{"damage":5,"enemies":"Cultist","floor":1,"turns":4},{"damage":8,"enemies":"Jaw Worm","floor":2,"turns":4},{"damage":6,"enemies":"2 Louse","floor":4,"turns":3},{"damage":52,"enemies":"Lagavulin","floor":6,"turns":7},{"damage":6,"enemies":"Looter","floor":7,"turns":4},{"damage":0,"enemies":"3 Louse","floor":11,"turns":1},{"damage":16,"enemies":"3 Sentries","floor":13,"turns":6},{"damage":6,"enemies":"Red Slaver","floor":14,"turns":3},{"damage":49,"enemies":"Hexaghost","floor":16,"turns":10},{"damage":38,"enemies":"Spheric Guardian","floor":18,"turns":6},{"damage":18,"enemies":"2 Thieves","floor":21,"turns":4},{"damage":20,"enemies":"Snake Plant","floor":22,"turns":4},{"damage":23,"enemies":"Slavers","floor":25,"turns":2},{"damage":27,"enemies":"Book of Stabbing","floor":28,"turns":4},{"damage":10,"enemies":"Sentry and Sphere","floor":30,"turns":4},{"damage":10,"enemies":"Centurion and Healer","floor":31,"turns":4},{"damage":90,"enemies":"Automaton","floor":33,"turns":8},{"damage":21,"enemies":"3 Shapes","floor":35,"turns":4},{"damage":29,"enemies":"3 Darklings","floor":36,"turns":3},{"damage":43,"enemies":"Writhing Mass","floor":38,"turns":5},{"damage":47,"enemies":"Giant Head","floor":41,"turns":6},{"damage":37,"enemies":"Maw","floor":45,"turns":7},{"damage":24,"enemies":"Nemesis","floor":46,"turns":7},{"damage":22,"enemies":"Sphere and 2 Shapes","floor":48,"turns":3},{"damage":56,"enemies":"Time Eater","floor":50,"turns":5}],"seed_played":"-4290335175542347520","potions_obtained":[{"floor":6,"key":"Fire Potion"},{"floor":11,"key":"Fire Potion"},{"floor":14,"key":"Ancient Potion"},{"floor":16,"key":"Ancient Potion"},{"floor":30,"key":"FairyPotion"},{"floor":33,"key":"BloodPotion"},{"floor":35,"key":"Dexterity Potion"},{"floor":41,"key":"Strength Potion"},{"floor":45,"key":"AttackPotion"},{"floor":46,"key":"AttackPotion"},{"floor":48,"key":"EntropicBrew"}],"is_trial":false,"path_per_floor":["M","M","$","M","?","E","M","R","T","R","M","$","E","M","R","B",null,"M","?","?","M","M","R","?","E","T","R","E","$","M","M","R","B",null,"M","M","$","M","?","R","E","R","T","R","M","E","$","M","R","B"],"character_chosen":"IRONCLAD","items_purchased":["Anger","Blood Vial","Bag of Marbles","Whirlwind","Vajra","Spot Weakness","Ancient Tea Set","Spot Weakness"],"campfire_rested":9,"item_purchase_floors":[3,3,12,12,29,29,47,47],"current_hp_per_floor":[80,78,78,80,69,25,27,51,51,75,80,80,70,72,72,31,80,48,48,48,38,26,50,50,35,35,59,40,40,38,36,60,14,80,65,44,44,29,29,53,14,38,52,80,51,35,35,21,49,0],"gold":119,"neow_bonus":"HUNDRED_GOLD","is_prod":false,"is_daily":false,"chose_seed":false,"campfire_upgraded":1,"win_rate":0,"timestamp":1562435360,"path_taken":["M","M","?","M","?","E","M","R","T","R","M","$","E","M","R","BOSS","M","?","?","M","M","R","?","E","T","R","E","$","M","M","R","BOSS","M","M","$","M","?","R","E","R","T","R","M","E","$","M","R","BOSS"],"build_version":"2019-07-05","purchased_purges":0,"victory":false,"max_hp_per_floor":[80,80,80,80,80,80,80,80,80,80,80,80,80,80,80,80,80,80,80,80,80,80,80,80,80,80,80,80,80,80,80,80,80,80,80,80,80,80,80,80,80,80,94,94,94,94,94,94,94,94],"card_choices":[{"not_picked":["Sword Boomerang","Clothesline"],"picked":"Shockwave","floor":1},{"not_picked":["Clash","Perfected Strike"],"picked":"Ghostly Armor","floor":2},{"not_picked":["Iron Wave","Evolve"],"picked":"Cleave","floor":4},{"not_picked":["Fire Breathing","Dropkick"],"picked":"Flex","floor":6},{"not_picked":["Bloodletting","Warcry","Wild Strike"],"picked":"SKIP","floor":7},{"not_picked":["Bloodletting","Twin Strike"],"picked":"Headbutt","floor":11},{"not_picked":["Anger","Whirlwind"],"picked":"Limit Break","floor":13},{"not_picked":["Clothesline","Corruption"],"picked":"Flex","floor":14},{"not_picked":["Fiend Fire","Impervious"],"picked":"Demon Form","floor":16},{"not_picked":["Evolve+1","Iron Wave"],"picked":"Cleave","floor":18},{"not_picked":["True Grit+1","Shrug It Off"],"picked":"Cleave","floor":21},{"not_picked":["Burning Pact","Wild Strike"],"picked":"Clothesline","floor":22},{"not_picked":["Anger","Shrug It Off"],"picked":"Heavy Blade+1","floor":25},{"not_picked":["Twin Strike","Pummel"],"picked":"Impervious","floor":28},{"not_picked":["Combust","Warcry"],"picked":"Thunderclap","floor":30},{"not_picked":["Burning Pact","Searing Blow"],"picked":"Rampage","floor":31},{"not_picked":["Brutality","Demon Form"],"picked":"Limit Break","floor":33},{"not_picked":["Body Slam","Havoc"],"picked":"Perfected Strike","floor":35},{"not_picked":["Sword Boomerang","Ghostly Armor+1"],"picked":"Armaments+1","floor":36},{"not_picked":["Cleave+1","Bludgeon"],"picked":"Battle Trance+1","floor":38},{"not_picked":["Metamorphosis","Good Instincts"],"picked":"Dramatic Entrance","floor":39},{"not_picked":["Wild Strike","Berserk","Cleave"],"picked":"SKIP","floor":41},{"not_picked":["Warcry+1","Wild Strike"],"picked":"Clothesline+1","floor":45},{"not_picked":["Twin Strike+1","Bloodletting+1"],"picked":"Headbutt","floor":46},{"not_picked":["Burning Pact","Pommel Strike+1"],"picked":"Power Through+1","floor":48}],"player_experience":37189,"relics_obtained":[{"floor":6,"key":"Bottled Lightning"},{"floor":9,"key":"Red Skull"},{"floor":13,"key":"PreservedInsect"},{"floor":25,"key":"Gambling Chip"},{"floor":26,"key":"Bronze Scales"},{"floor":28,"key":"Centennial Puzzle"},{"floor":41,"key":"Shovel"},{"floor":43,"key":"Mango"},{"floor":46,"key":"Boot"}],"event_choices":[{"damage_healed":0,"gold_gain":75,"player_choice":"Gather Gold","damage_taken":11,"max_hp_gain":0,"max_hp_loss":0,"event_name":"World of Goop","floor":5,"gold_loss":0},{"damage_healed":0,"gold_gain":0,"player_choice":"Ignored","damage_taken":0,"max_hp_gain":0,"max_hp_loss":0,"event_name":"Ghosts","floor":19,"gold_loss":0},{"damage_healed":0,"gold_gain":0,"player_choice":"Read","damage_taken":0,"max_hp_gain":0,"max_hp_loss":0,"event_name":"The Library","floor":20,"gold_loss":0,"cards_obtained":["Seeing Red"]},{"damage_healed":0,"gold_gain":0,"cards_transformed":["Strike_R"],"player_choice":"Transformed","damage_taken":0,"max_hp_gain":0,"max_hp_loss":0,"event_name":"Transmorgrifier","floor":24,"gold_loss":0,"cards_obtained":["Sentinel"]},{"damage_healed":0,"gold_gain":0,"player_choice":"Memory 1","damage_taken":0,"max_hp_gain":0,"max_hp_loss":0,"event_name":"SensoryStone","floor":39,"gold_loss":0}],"is_beta":false,"boss_relics":[{"not_picked":["Ectoplasm","Astrolabe"],"picked":"Runic Cube"},{"not_picked":["Velvet Choker","Empty Cage"],"picked":"White Beast Statue"}],"items_purged_floors":[],"is_endless":false,"potions_floor_spawned":[6,11,14,16,21,30,33,35,36,38,41,45,46,48],"killed_by":"Time Eater","ascension_level":1}