{"gold_per_floor":[112,126,201,219,233,245,274,76,76,76,86,36,56,71,71,71],"floor_reached":16,"playtime":1057,"items_purged":["Strike_R","Strike_R"],"score":111,"play_id":"fd17dc26-6b36-47f2-ab76-2826c99ae0ac","local_time":"20181221062030","is_ascension_mode":true,"campfire_choices":[{"data":"True Grit","floor":15,"key":"SMITH"}],"neow_cost":"TEN_PERCENT_HP_LOSS","seed_source_timestamp":161315949082595,"circlet_count":0,"master_deck":["Strike_R","Defend_R","Defend_R","Defend_R","Defend_R","Bash","Iron Wave","Headbutt","Dual Wield","Searing Blow","Headbutt","Rampage","True Grit+1","Bandage Up"],"relics":["Burning Blood","Smiling Mask","Pear"],"potions_floor_usage":[2,7,13,16,16],"damage_taken":[{"damage":0,"enemies":"Small Slimes","floor":1,"turns":3},{"damage":1,"enemies":"Cultist","floor":2,"turns":3},{"damage":4,"enemies":"2 Louse","floor":4,"turns":3},{"damage":15,"enemies":"Looter","floor":5,"turns":3},{"damage":17,"enemies":"3 Louse","floor":6,"turns":4},{"damage":32,"enemies":"Lagavulin","floor":7,"turns":8},{"damage":5,"enemies":"Blue Slaver","floor":11,"turns":3},{"damage":10,"enemies":"Large Slime","floor":13,"turns":5},{"damage":9,"enemies":"2 Fungi Beasts","floor":14,"turns":4},{"damage":45,"enemies":"Slime Boss","floor":16,"turns":8}],"seed_played":"-1741509458871327457","potions_obtained":[{"floor":1,"key":"FearPotion"},{"floor":2,"key":"Explosive Potion"},{"floor":5,"key":"Block Potion"},{"floor":11,"key":"SteroidPotion"},{"floor":13,"key":"SteroidPotion"}],"is_trial":false,"path_per_floor":["M","M","?","M","M","M","E","$","T","?","M","$","M","M","R","B"],"character_chosen":"IRONCLAD","items_purchased":["True Grit","Bandage Up"],"campfire_rested":0,"item_purchase_floors":[8,8],"current_hp_per_floor":[72,72,65,67,58,47,21,21,31,31,36,36,36,37,37,0],"gold":71,"neow_bonus":"REMOVE_TWO","is_prod":false,"is_daily":false,"chose_seed":false,"campfire_upgraded":1,"win_rate":0,"timestamp":1545398430,"path_taken":["M","M","?","M","?","M","E","$","T","?","M","$","M","M","R","BOSS"],"build_version":"2018-12-20","purchased_purges":2,"victory":false,"max_hp_per_floor":[72,72,72,72,72,72,72,72,82,82,82,82,82,82,82,82],"card_choices":[{"not_picked":["Wild Strike","Infernal Blade"],"picked":"Iron Wave","floor":1},{"not_picked":["Shrug It Off","Seeing Red"],"picked":"Headbutt","floor":2},{"not_picked":["Corruption","Sword Boomerang"],"picked":"Dual Wield","floor":4},{"not_picked":["True Grit","Pummel"],"picked":"Searing Blow","floor":5},{"not_picked":["Iron Wave","Blood for Blood"],"picked":"Headbutt","floor":6},{"not_picked":["Flex","Perfected Strike"],"picked":"Rampage","floor":7},{"not_picked":["Headbutt","Infernal Blade","Armaments"],"picked":"SKIP","floor":11},{"not_picked":["Fiend Fire","Clash","Infernal Blade"],"picked":"SKIP","floor":13},{"not_picked":["Havoc","Clothesline","True Grit"],"picked":"SKIP","floor":14}],"player_experience":151833,"relics_obtained":[{"floor":7,"key":"Smiling Mask"},{"floor":9,"key":"Pear"}],"event_choices":[{"damage_healed":0,"gold_gain":75,"player_choice":"Touch","damage_taken":7,"max_hp_gain":0,"max_hp_loss":0,"event_name":"FaceTrader","floor":3,"gold_loss":0},{"damage_healed":0,"gold_gain":0,"player_choice":"Searched \u00270\u0027 times","damage_taken":0,"max_hp_gain":0,"max_hp_loss":0,"event_name":"Dead Adventurer","floor":10,"gold_loss":0}],"is_beta":false,"boss_relics":[],"items_purged_floors":[8,12],"is_endless":false,"potions_floor_spawned":[1,2,5,11,13],"killed_by":"Slime Boss","ascension_level":1}