{"gold_per_floor":[113,129,79,79,4,4,24,24,78,96,112,112,168,188,188,287,287,307,230,200,79,29,55,5,21,21,21,32,32,46,66,66,165,165,184,134,152,1151,1151,1177,1177,1209,1209,1209,1209,1209,1228,1254,1254,1254,1254,1254,133,168,168],"floor_reached":55,"playtime":3654,"items_purged":["Strike_R","Pain","Regret","Injury","Strike_R","Strike_R","Defend_R"],"score":883,"play_id":"055d2fbe-add3-42ca-8a15-3d6d16eebcb6","local_time":"20181221111336","is_ascension_mode":true,"campfire_choices":[{"data":"Spot Weakness","floor":6,"key":"SMITH"},{"data":"Heavy Blade","floor":8,"key":"SMITH"},{"data":"True Grit","floor":15,"key":"SMITH"},{"data":"Limit Break","floor":27,"key":"SMITH"},{"data":"Whirlwind","floor":29,"key":"SMITH"},{"floor":32,"key":"REST"},{"floor":41,"key":"RECALL"},{"data":"Barricade","floor":44,"key":"SMITH"},{"data":"Shrug It Off","floor":49,"key":"SMITH"},{"data":"Double Tap","floor":52,"key":"SMITH"}],"neow_cost":"NONE","seed_source_timestamp":176304409223481,"circlet_count":0,"master_deck":["Defend_R","Defend_R","Defend_R","Bash","Spot Weakness+1","Heavy Blade+1","True Grit+1","Spot Weakness","Headbutt","Limit Break+1","Shrug It Off+1","Shrug It Off","Metallicize","Sentinel","Battle Trance+1","Whirlwind+1","Sentinel","Barricade+1","Double Tap+1","Entrench","Madness","Madness","Metallicize","Impervious","Spot Weakness","Heavy Blade","Headbutt","Sadistic Nature","Dramatic Entrance","Flame Barrier+1"],"relics":["Burning Blood","NeowsBlessing","Smiling Mask","Tiny Chest","Calling Bell","Omamori","Self Forming Clay","Incense Burner","Kunai","Happy Flower","Coffee Dripper","Lantern","Meat on the Bone","Mummified Hand","Shuriken","Oddly Smooth Stone","Bag of Preparation"],"potions_floor_usage":[10,10,16,16,16,16,16,16,23,23,31,40,40,42,45,54,54,55],"damage_taken":[{"damage":0,"enemies":"Cultist","floor":1,"turns":1},{"damage":0,"enemies":"Small Slimes","floor":2,"turns":1},{"damage":0,"enemies":"2 Louse","floor":7,"turns":1},{"damage":4,"enemies":"Red Slaver","floor":10,"turns":4},{"damage":8,"enemies":"3 Louse","floor":11,"turns":3},{"damage":28,"enemies":"3 Sentries","floor":13,"turns":7},{"damage":17,"enemies":"Exordium Thugs","floor":14,"turns":3},{"damage":34,"enemies":"Hexaghost","floor":16,"turns":5},{"damage":15,"enemies":"Shell Parasite","floor":18,"turns":5},{"damage":2,"enemies":"Book of Stabbing","floor":23,"turns":2},{"damage":7,"enemies":"Chosen","floor":25,"turns":6},{"damage":9,"enemies":"3 Cultists","floor":28,"turns":6},{"damage":51,"enemies":"Centurion and Healer","floor":30,"turns":12},{"damage":21,"enemies":"Sentry and Sphere","floor":31,"turns":4},{"damage":27,"enemies":"Collector","floor":33,"turns":8},{"damage":17,"enemies":"3 Shapes","floor":35,"turns":4},{"damage":12,"enemies":"Orb Walker","floor":37,"turns":6},{"damage":40,"enemies":"Nemesis","floor":40,"turns":13},{"damage":13,"enemies":"Giant Head","floor":42,"turns":9},{"damage":0,"enemies":"Jaw Worm Horde","floor":45,"turns":2},{"damage":7,"enemies":"4 Shapes","floor":47,"turns":1},{"damage":21,"enemies":"Reptomancer","floor":48,"turns":6},{"damage":48,"enemies":"Awakened One","floor":50,"turns":9},{"damage":34,"enemies":"Shield and Spear","floor":54,"turns":18},{"damage":54,"enemies":"The Heart","floor":55,"turns":5}],"seed_played":"6568487140960022326","potions_obtained":[{"floor":1,"key":"SmokeBomb"},{"floor":4,"key":"LiquidBronze"},{"floor":4,"key":"EntropicBrew"},{"floor":4,"key":"EntropicBrew"},{"floor":11,"key":"PowerPotion"},{"floor":18,"key":"SkillPotion"},{"floor":20,"key":"SmokeBomb"},{"floor":20,"key":"SteroidPotion"},{"floor":23,"key":"LiquidBronze"},{"floor":35,"key":"Regen Potion"},{"floor":37,"key":"BloodPotion"},{"floor":40,"key":"LiquidBronze"}],"is_trial":false,"path_per_floor":["M","M","?","?","$","R","M","R","T","M","M","?","E","M","R","B",null,"M","$","?","$","$","E","$","M","T","R","M","R","M","M","R","B",null,"M","$","M","?","?","E","R","E","T","R","M","?","M","E","R","B",null,"R","$","E","B"],"character_chosen":"IRONCLAD","items_purchased":["Shrug It Off","Metallicize","Shuriken","PowerPotion","AttackPotion","FearPotion","Oddly Smooth Stone","Impervious","Spot Weakness","Heavy Blade","Headbutt","Sadistic Nature","Dramatic Entrance"],"campfire_rested":1,"item_purchase_floors":[19,21,53,53,53,53,53,53,53,53,53,53,53],"current_hp_per_floor":[80,80,80,80,80,80,80,80,80,80,78,71,49,38,38,18,80,71,71,71,71,71,75,75,74,74,74,71,71,26,11,35,14,80,69,69,63,63,53,42,42,35,35,35,53,53,52,49,49,19,80,80,80,52,0],"gold":168,"neow_bonus":"THREE_ENEMY_KILL","is_prod":false,"is_daily":false,"chose_seed":false,"campfire_upgraded":8,"win_rate":0,"timestamp":1545416016,"path_taken":["M","?","?","?","$","R","M","R","T","M","?","?","E","M","R","BOSS","M","$","?","?","$","E","$","M","T","R","M","R","M","M","R","BOSS","M","$","M","?","?","E","R","E","T","R","M","?","M","E","R","BOSS","R","$","E","BOSS"],"build_version":"2018-12-20","purchased_purges":7,"victory":false,"max_hp_per_floor":[80,80,80,80,80,80,80,80,80,80,80,80,80,80,80,80,80,80,80,80,80,80,80,80,80,80,80,80,80,80,80,80,80,80,80,80,80,80,80,80,80,80,80,80,80,80,80,80,80,80,80,80,80,80,80],"card_choices":[{"not_picked":["Carnage","Clash","Fire Breathing"],"picked":"SKIP","floor":1},{"not_picked":["Iron Wave","Battle Trance"],"picked":"Spot Weakness","floor":2},{"not_picked":["Flex","Bloodletting"],"picked":"Heavy Blade","floor":7},{"not_picked":["Twin Strike","Pommel Strike"],"picked":"True Grit","floor":10},{"not_picked":["Twin Strike","Pommel Strike"],"picked":"Spot Weakness","floor":11},{"not_picked":["Rage","Combust","Body Slam"],"picked":"SKIP","floor":13},{"not_picked":["Thunderclap","Cleave"],"picked":"Headbutt","floor":14},{"not_picked":["Juggernaut","Bludgeon"],"picked":"Limit Break","floor":16},{"not_picked":["Armaments","Bloodletting"],"picked":"Shrug It Off","floor":18},{"not_picked":["Armaments","Warcry+1"],"picked":"Sentinel","floor":23},{"not_picked":["Warcry+1","Flex"],"picked":"Battle Trance+1","floor":25},{"not_picked":["Flex","Twin Strike"],"picked":"Whirlwind","floor":28},{"not_picked":["Sever Soul","Clothesline"],"picked":"Sentinel","floor":30},{"not_picked":["Shrug It Off+1","Headbutt"],"picked":"Barricade","floor":31},{"not_picked":["Bludgeon","Offering"],"picked":"Double Tap","floor":33},{"not_picked":["Combust+1","Armaments"],"picked":"Entrench","floor":35},{"not_picked":["Armaments","Cleave+1","Flex+1"],"picked":"SKIP","floor":37},{"not_picked":["Rampage+1","Sword Boomerang"],"picked":"Metallicize","floor":40},{"not_picked":["Fiend Fire","Thunderclap+1","Iron Wave"],"picked":"SKIP","floor":42},{"not_picked":["Clash","Bloodletting+1","Cleave+1"],"picked":"SKIP","floor":47},{"not_picked":["Rupture","Cleave+1","Twin Strike"],"picked":"SKIP","floor":48},{"not_picked":["Bloodletting","Disarm"],"picked":"Flame Barrier+1","floor":54}],"player_experience":166535,"relics_obtained":[{"floor":9,"key":"Smiling Mask"},{"floor":13,"key":"Tiny Chest"},{"floor":17,"key":"Omamori"},{"floor":17,"key":"Self Forming Clay"},{"floor":17,"key":"Incense Burner"},{"floor":23,"key":"Kunai"},{"floor":26,"key":"Happy Flower"},{"floor":40,"key":"Lantern"},{"floor":42,"key":"Meat on the Bone"},{"floor":48,"key":"Mummified Hand"},{"floor":54,"key":"Bag of Preparation"}],"event_choices":[{"cards_removed":["Strike_R"],"damage_healed":0,"gold_gain":0,"player_choice":"Card Removal","damage_taken":0,"max_hp_gain":0,"max_hp_loss":0,"event_name":"The Cleric","floor":3,"gold_loss":50},{"damage_healed":0,"gold_gain":0,"player_choice":"Got Potions","damage_taken":0,"max_hp_gain":0,"max_hp_loss":0,"event_name":"Lab","floor":4,"gold_loss":0},{"cards_removed":["Strike_R"],"damage_healed":0,"gold_gain":0,"player_choice":"Card Removal","damage_taken":7,"max_hp_gain":0,"max_hp_loss":0,"event_name":"Golden Wing","floor":12,"gold_loss":0},{"damage_healed":0,"gold_gain":0,"player_choice":"Bought 2 Potions","damage_taken":0,"max_hp_gain":0,"max_hp_loss":0,"event_name":"The Woman in Blue","floor":20,"gold_loss":0},{"damage_healed":0,"gold_gain":999,"player_choice":"Gold","damage_taken":0,"max_hp_gain":0,"max_hp_loss":0,"event_name":"MindBloom","floor":38,"gold_loss":0,"cards_obtained":["Normality","Normality"]},{"damage_healed":0,"gold_gain":0,"player_choice":"Embrace Madness","damage_taken":10,"max_hp_gain":0,"max_hp_loss":0,"event_name":"Winding Halls","floor":39,"gold_loss":0,"cards_obtained":["Madness","Madness"]},{"damage_healed":0,"gold_gain":0,"player_choice":"Ignored","damage_taken":0,"max_hp_gain":0,"max_hp_loss":0,"event_name":"Tomb of Lord Red Mask","floor":46,"gold_loss":0}],"is_beta":false,"boss_relics":[{"not_picked":["Velvet Choker","Runic Dome"],"picked":"Calling Bell"},{"not_picked":["Lizard Tail","Empty Cage"],"picked":"Coffee Dripper"}],"items_purged_floors":[5,19,21,22,24,36,53],"is_endless":false,"potions_floor_spawned":[1,11,14,18,23,35,37,40],"killed_by":"The Heart","ascension_level":2}