{"gold_per_floor":[119,119,21,21,34,34,69,88,88,100,428,428,453,464,464,565,565,579,559,559],"floor_reached":20,"playtime":1020,"items_purged":[],"score":310,"play_id":"3d7bce14-85a7-4ef8-9120-7435312f9d48","local_time":"20190407114508","is_ascension_mode":true,"campfire_choices":[{"data":"Rampage","floor":6,"key":"SMITH"},{"data":"Barricade","floor":12,"key":"SMITH"},{"floor":15,"key":"REST"}],"neow_cost":"NONE","seed_source_timestamp":105607983655632,"circlet_count":0,"master_deck":["AscendersBane","Strike_R","Strike_R","Strike_R","Strike_R","Defend_R+1","Defend_R+1","Defend_R","Bash","Rampage+1","Twin Strike","Disarm","Barricade+1","Sever Soul","Shrug It Off","Entrench","True Grit","Berserk","Body Slam","Armaments","True Grit","Demon Form","Evolve"],"relics":["Burning Blood","Singing Bowl","Art of War","Old Coin","Shovel","Orrery"],"potions_floor_usage":[11,19,20],"damage_taken":[{"damage":6,"enemies":"Jaw Worm","floor":1,"turns":5},{"damage":0,"enemies":"Cultist","floor":5,"turns":3},{"damage":20,"enemies":"Lagavulin","floor":7,"turns":6},{"damage":5,"enemies":"Small Slimes","floor":8,"turns":4},{"damage":12,"enemies":"Exordium Wildlife","floor":10,"turns":4},{"damage":44,"enemies":"3 Sentries","floor":11,"turns":10},{"damage":4,"enemies":"Lagavulin","floor":13,"turns":9},{"damage":9,"enemies":"Blue Slaver","floor":14,"turns":6},{"damage":10,"enemies":"The Guardian","floor":16,"turns":15},{"damage":32,"enemies":"Spheric Guardian","floor":18,"turns":8},{"damage":28,"enemies":"2 Thieves","floor":19,"turns":4},{"damage":22,"enemies":"Masked Bandits","floor":20,"turns":2}],"seed_played":"2887260744038052037","potions_obtained":[{"floor":5,"key":"EssenceOfSteel"},{"floor":11,"key":"Dexterity Potion"},{"floor":14,"key":"AttackPotion"},{"floor":16,"key":"Swift Potion"}],"is_trial":false,"path_per_floor":["M","?","$","?","M","R","E","M","T","M","E","R","E","M","R","B",null,"M","M","?"],"character_chosen":"IRONCLAD","items_purchased":["FairyPotion"],"campfire_rested":1,"item_purchase_floors":[3],"current_hp_per_floor":[72,72,72,56,62,62,48,49,49,45,7,7,9,14,38,34,70,44,22,0],"gold":559,"neow_bonus":"REMOVE_CARD","is_prod":false,"is_daily":false,"chose_seed":false,"campfire_upgraded":2,"win_rate":0,"timestamp":1554662708,"path_taken":["M","?","$","?","M","R","E","?","T","?","E","R","E","M","R","BOSS","M","?","?"],"build_version":"2019-01-23","purchased_purges":0,"victory":false,"max_hp_per_floor":[80,80,80,80,80,80,80,80,80,82,82,82,82,82,82,82,82,82,82,82],"card_choices":[{"not_picked":["Shrug It Off","Anger"],"picked":"Rampage","floor":1},{"not_picked":["Iron Wave","Combust"],"picked":"Disarm","floor":5},{"not_picked":["Pummel","Shrug It Off"],"picked":"Barricade","floor":7},{"not_picked":["Clothesline","Wild Strike"],"picked":"Sever Soul","floor":8},{"not_picked":["Anger","Clothesline","Flex"],"picked":"Singing Bowl","floor":10},{"not_picked":["Flex","Iron Wave"],"picked":"Shrug It Off","floor":11},{"not_picked":["Metallicize","Perfected Strike"],"picked":"Entrench","floor":13},{"not_picked":["Power Through","Havoc"],"picked":"True Grit","floor":14},{"not_picked":["Offering","Juggernaut"],"picked":"Berserk","floor":16},{"not_picked":["Sword Boomerang","Shrug It Off"],"picked":"Body Slam","floor":17},{"not_picked":["Wild Strike","Shrug It Off"],"picked":"Armaments","floor":17},{"not_picked":["Sword Boomerang","Armaments"],"picked":"True Grit","floor":17},{"not_picked":["Anger","Sever Soul"],"picked":"Demon Form","floor":18},{"not_picked":["Clash","Sever Soul"],"picked":"Evolve","floor":19}],"player_experience":628598,"relics_obtained":[{"floor":7,"key":"Singing Bowl"},{"floor":9,"key":"Art of War"},{"floor":11,"key":"Old Coin"},{"floor":13,"key":"Shovel"}],"event_choices":[{"damage_healed":0,"gold_gain":0,"cards_transformed":["Strike_R"],"player_choice":"Transformed","damage_taken":0,"max_hp_gain":0,"max_hp_loss":0,"event_name":"Transmorgrifier","floor":2,"gold_loss":0,"cards_obtained":["Twin Strike"]},{"damage_healed":0,"gold_gain":0,"player_choice":"Entered Light","damage_taken":16,"max_hp_gain":0,"max_hp_loss":0,"event_name":"Shining Light","floor":4,"gold_loss":0,"cards_upgraded":["Defend_R","Defend_R"]},{"damage_healed":0,"gold_gain":0,"player_choice":"Fought Bandits","damage_taken":0,"max_hp_gain":0,"max_hp_loss":0,"event_name":"Masked Bandits","floor":20,"gold_loss":0}],"is_beta":false,"boss_relics":[{"not_picked":["White Beast Statue","Ectoplasm"],"picked":"Orrery"}],"items_purged_floors":[],"is_endless":false,"potions_floor_spawned":[5,10,11,14,16,18],"killed_by":"Masked Bandits","ascension_level":12}