{"gold_per_floor":[119,133,144,163,163,197,28,61,87,87],"floor_reached":10,"playtime":1252,"items_purged":["Strike_G"],"score":124,"play_id":"07de3ae8-4104-4e45-a134-f4a72e0b3778","local_time":"20190302235619","is_ascension_mode":true,"campfire_choices":[],"neow_cost":"NONE","seed_source_timestamp":104474994489816,"circlet_count":0,"master_deck":["Defend_G","Defend_G","Defend_G","Defend_G","Defend_G","Strike_G","Strike_G","Strike_G","Survivor","Neutralize","Deadly Poison","Cloak And Dagger","Backflip","Infinite Blades","Backflip","Catalyst","Footwork","Crippling Poison","Glass Knife","Deadly Poison","Well Laid Plans"],"relics":["Orrery","Bag of Preparation","Oddly Smooth Stone"],"potions_floor_usage":[3,4,4,6,8],"damage_taken":[{"damage":0,"enemies":"Cultist","floor":1,"turns":4},{"damage":1,"enemies":"Small Slimes","floor":2,"turns":4},{"damage":2,"enemies":"2 Louse","floor":3,"turns":3},{"damage":14,"enemies":"Lots of Slimes","floor":4,"turns":6},{"damage":5,"enemies":"Lagavulin","floor":6,"turns":5},{"damage":14,"enemies":"3 Sentries","floor":8,"turns":8},{"damage":58,"enemies":"Gremlin Nob","floor":10,"turns":4}],"seed_played":"2599494570704925544","potions_obtained":[{"floor":2,"key":"EntropicBrew"},{"floor":4,"key":"SkillPotion"}],"is_trial":false,"path_per_floor":["M","M","M","M","?","E","$","E","T","E"],"character_chosen":"THE_SILENT","items_purchased":["Deadly Poison","Well Laid Plans"],"campfire_rested":0,"item_purchase_floors":[7,7],"current_hp_per_floor":[70,69,67,53,53,48,48,34,34,0],"gold":87,"neow_bonus":"BOSS_RELIC","is_prod":false,"is_daily":false,"chose_seed":false,"campfire_upgraded":0,"win_rate":0,"timestamp":1551596179,"path_taken":["M","M","?","M","?","E","$","E","T","E"],"build_version":"2019-01-23","purchased_purges":1,"victory":false,"max_hp_per_floor":[70,70,70,70,70,70,70,70,70,70],"card_choices":[{"not_picked":["Dagger Throw","Infinite Blades"],"picked":"Deadly Poison","floor":0},{"not_picked":["Prepared","Deflect"],"picked":"Cloak And Dagger","floor":0},{"not_picked":["Choke","Prepared"],"picked":"Backflip","floor":0},{"not_picked":["Poisoned Stab","Choke"],"picked":"Infinite Blades","floor":0},{"not_picked":["Bouncing Flask","Deflect"],"picked":"Backflip","floor":0},{"not_picked":["Flechettes","Poisoned Stab"],"picked":"Catalyst","floor":1},{"not_picked":["Deflect","Sucker Punch","Blade Dance"],"picked":"SKIP","floor":2},{"not_picked":["Backstab","Blade Dance"],"picked":"Footwork","floor":3},{"not_picked":["Blade Dance","Deflect"],"picked":"Crippling Poison","floor":4},{"not_picked":["Sucker Punch","Accuracy"],"picked":"Glass Knife","floor":6},{"not_picked":["Eviscerate","Deadly Poison","Choke"],"picked":"SKIP","floor":8}],"player_experience":449096,"relics_obtained":[{"floor":6,"key":"Bag of Preparation"},{"floor":8,"key":"Oddly Smooth Stone"}],"event_choices":[{"cards_removed":["Strike_G"],"damage_healed":0,"gold_gain":0,"player_choice":"Forget","damage_taken":0,"max_hp_gain":0,"max_hp_loss":0,"event_name":"Living Wall","floor":5,"gold_loss":0}],"is_beta":false,"boss_relics":[],"items_purged_floors":[7],"is_endless":false,"potions_floor_spawned":[2,4],"killed_by":"Gremlin Nob","ascension_level":4}