{"gold_per_floor":[114,133,144,163,163,163,178,195,195,207,226,241,266,266,266,362,362,287,287],"floor_reached":19,"playtime":1546,"items_purged":[],"score":234,"play_id":"3c80fbbc-6173-414b-957e-67b6eb7ee740","local_time":"20190724190441","is_ascension_mode":true,"campfire_choices":[{"data":"Searing Blow","floor":6,"key":"SMITH"},{"floor":15,"key":"REST"}],"neow_cost":"NONE","seed_source_timestamp":192157787030298,"circlet_count":0,"master_deck":["Strike_R","Strike_R","Defend_R","Defend_R","Defend_R","Bash","Searing Blow+1","Sword Boomerang","Feel No Pain","Entrench","Dual Wield","True Grit","Warcry","Berserk","Headbutt","Disarm","Demon Form","Limit Break+1","Fiend Fire+1","Rage+1","Second Wind+1"],"relics":["Burning Blood","Vajra","Ancient Tea Set","Anchor","Astrolabe"],"potions_floor_usage":[3,7,10,13,18],"damage_taken":[{"damage":0,"enemies":"Small Slimes","floor":1,"turns":3},{"damage":6,"enemies":"Cultist","floor":2,"turns":4},{"damage":9,"enemies":"Jaw Worm","floor":3,"turns":4},{"damage":9,"enemies":"Red Slaver","floor":4,"turns":4},{"damage":15,"enemies":"Blue Slaver","floor":7,"turns":5},{"damage":25,"enemies":"3 Louse","floor":8,"turns":5},{"damage":9,"enemies":"Red Slaver","floor":10,"turns":2},{"damage":0,"enemies":"2 Fungi Beasts","floor":11,"turns":3},{"damage":9,"enemies":"Blue Slaver","floor":12,"turns":5},{"damage":43,"enemies":"3 Sentries","floor":13,"turns":8},{"damage":45,"enemies":"Slime Boss","floor":16,"turns":10},{"damage":13,"enemies":"2 Thieves","floor":18,"turns":5},{"damage":31,"enemies":"3 Byrds","floor":19,"turns":4}],"seed_played":"-4090259565105507036","potions_obtained":[{"floor":1,"key":"SkillPotion"},{"floor":2,"key":"Fruit Juice"},{"floor":8,"key":"Explosive Potion"},{"floor":12,"key":"Swift Potion"},{"floor":16,"key":"SkillPotion"}],"is_trial":false,"path_per_floor":["M","M","M","M","?","R","M","M","T","M","M","M","E","?","R","B",null,"M","M"],"character_chosen":"IRONCLAD","items_purchased":[],"campfire_rested":1,"item_purchase_floors":[],"current_hp_per_floor":[86,86,88,85,85,85,76,57,57,54,60,57,20,20,47,8,72,65,34],"gold":287,"neow_bonus":"TEN_PERCENT_HP_BONUS","is_prod":false,"is_daily":false,"chose_seed":false,"campfire_upgraded":1,"win_rate":0,"timestamp":1563991481,"path_taken":["M","M","M","M","?","R","?","M","T","M","M","M","E","?","R","BOSS","M","M"],"build_version":"2019-07-05","purchased_purges":0,"victory":false,"max_hp_per_floor":[88,88,93,93,93,93,93,93,93,93,93,93,93,93,93,93,93,93,93],"card_choices":[{"not_picked":["True Grit","Thunderclap"],"picked":"Searing Blow","floor":1},{"not_picked":["Flame Barrier","Clothesline"],"picked":"Sword Boomerang","floor":2},{"not_picked":["Juggernaut","Perfected Strike"],"picked":"Feel No Pain","floor":3},{"not_picked":["Sword Boomerang","Wild Strike"],"picked":"Entrench","floor":4},{"not_picked":["Havoc","Perfected Strike"],"picked":"Dual Wield","floor":7},{"not_picked":["Heavy Blade","Inflame"],"picked":"True Grit","floor":8},{"not_picked":["Armaments","Blood for Blood"],"picked":"Warcry","floor":10},{"not_picked":["Cleave","Fire Breathing"],"picked":"Berserk","floor":11},{"not_picked":["Rupture","Cleave"],"picked":"Headbutt","floor":12},{"not_picked":["Perfected Strike","Fire Breathing"],"picked":"Disarm","floor":13},{"not_picked":["Limit Break","Fiend Fire"],"picked":"Demon Form","floor":16},{"not_picked":["Corruption","Heavy Blade"],"picked":"Second Wind+1","floor":18}],"player_experience":157376,"relics_obtained":[{"floor":9,"key":"Vajra"},{"floor":13,"key":"Ancient Tea Set"},{"floor":14,"key":"Anchor"}],"event_choices":[{"cards_removed":["Strike_R"],"damage_healed":0,"gold_gain":0,"player_choice":"Offered Basic","damage_taken":0,"max_hp_gain":0,"max_hp_loss":0,"event_name":"Bonfire Elementals","floor":5,"gold_loss":0},{"damage_healed":0,"gold_gain":0,"player_choice":"Relic","damage_taken":0,"max_hp_gain":0,"max_hp_loss":0,"event_name":"Wheel of Change","floor":14,"gold_loss":0}],"is_beta":false,"boss_relics":[{"not_picked":["White Beast Statue","Eternal Feather"],"picked":"Astrolabe"}],"items_purged_floors":[],"is_endless":false,"potions_floor_spawned":[1,2,8,12,16],"killed_by":"3 Byrds","ascension_level":7}