{"gold_per_floor":[110,130,143,143,153,183,201,220,220,220,231,246,15,27,27,128,128,145,145,164,15,15,48,48,74,100,131,131,150,181,106,106,208,208,222,238,86,186,186,216,216,544,544,556,556,574,592,86,86,86],"floor_reached":51,"playtime":3174,"items_purged":["Clumsy"],"score":988,"play_id":"c19797af-3c2b-472a-8bc2-edf20e4c5c54","local_time":"20190709210027","is_ascension_mode":true,"campfire_choices":[{"floor":10,"key":"REST"},{"data":"Shockwave","floor":15,"key":"SMITH"},{"floor":24,"key":"REST"},{"floor":32,"key":"REST"},{"floor":41,"key":"REST"},{"data":"Normality","floor":45,"key":"PURGE"},{"floor":49,"key":"REST"}],"neow_cost":"NONE","seed_source_timestamp":842149814281324,"circlet_count":0,"master_deck":["Strike_R","Strike_R","Strike_R","Strike_R","Defend_R","Defend_R","Defend_R","Defend_R","Bash","Battle Trance","Pommel Strike","Perfected Strike","Fiend Fire","Shrug It Off","Shockwave+1","Pummel","Anger","Blood for Blood","Rage","Twin Strike","Barricade+1","Whirlwind+1","Battle Trance","Seeing Red+1","Rampage+1","Wild Strike+1","Perfected Strike+1","Double Tap","Injury","Searing Blow+1","Pummel+1","Headbutt+1","Spot Weakness+1","Shrug It Off+1","Twin Strike+1","Armaments+1","Parasite","Spot Weakness","Apotheosis"],"relics":["Burning Blood","Sundial","Oddly Smooth Stone","Ornamental Fan","Brimstone","Black Star","Happy Flower","Bag of Preparation","Ancient Tea Set","Bronze Scales","WingedGreaves","PreservedInsect","Darkstone Periapt","Potion Belt","Paper Frog","Thread and Needle","Calling Bell","Pen Nib","Dodecahedron","Peace Pipe","Lantern","Incense Burner","Question Card","Blue Candle","Old Coin","Bird Faced Urn","Singing Bowl","Gremlin Horn"],"potions_floor_usage":[8,23,23,23,27,29,35,44,44,50,50],"damage_taken":[{"damage":5,"enemies":"Cultist","floor":1,"turns":4},{"damage":4,"enemies":"2 Louse","floor":2,"turns":4},{"damage":6,"enemies":"Jaw Worm","floor":3,"turns":4},{"damage":16,"enemies":"Exordium Wildlife","floor":5,"turns":4},{"damage":53,"enemies":"Lagavulin","floor":6,"turns":7},{"damage":3,"enemies":"2 Fungi Beasts","floor":7,"turns":3},{"damage":0,"enemies":"Exordium Thugs","floor":8,"turns":2},{"damage":1,"enemies":"Blue Slaver","floor":11,"turns":3},{"damage":1,"enemies":"Gremlin Gang","floor":12,"turns":4},{"damage":0,"enemies":"Exordium Wildlife","floor":14,"turns":2},{"damage":24,"enemies":"The Guardian","floor":16,"turns":6},{"damage":11,"enemies":"3 Byrds","floor":18,"turns":5},{"damage":14,"enemies":"Chosen","floor":20,"turns":3},{"damage":40,"enemies":"Book of Stabbing","floor":23,"turns":5},{"damage":6,"enemies":"Slavers","floor":25,"turns":3},{"damage":28,"enemies":"Book of Stabbing","floor":27,"turns":3},{"damage":3,"enemies":"Centurion and Healer","floor":29,"turns":4},{"damage":29,"enemies":"Slavers","floor":30,"turns":3},{"damage":40,"enemies":"Champ","floor":33,"turns":7},{"damage":5,"enemies":"Orb Walker","floor":35,"turns":3},{"damage":0,"enemies":"3 Shapes","floor":36,"turns":2},{"damage":0,"enemies":"Mind Bloom Boss Battle","floor":38,"turns":4},{"damage":31,"enemies":"Nemesis","floor":40,"turns":3},{"damage":6,"enemies":"Reptomancer","floor":42,"turns":3},{"damage":32,"enemies":"Jaw Worm Horde","floor":44,"turns":3},{"damage":3,"enemies":"3 Darklings","floor":46,"turns":2},{"damage":0,"enemies":"Writhing Mass","floor":47,"turns":3},{"damage":93,"enemies":"Awakened One","floor":50,"turns":9}],"seed_played":"5276385344411355804","potions_obtained":[{"floor":1,"key":"AttackPotion"},{"floor":5,"key":"SkillPotion"},{"floor":6,"key":"Ancient Potion"},{"floor":8,"key":"AttackPotion"},{"floor":19,"key":"Explosive Potion"},{"floor":19,"key":"SpeedPotion"},{"floor":25,"key":"GamblersBrew"},{"floor":27,"key":"LiquidBronze"},{"floor":33,"key":"Weak Potion"},{"floor":35,"key":"PowerPotion"},{"floor":36,"key":"SpeedPotion"},{"floor":40,"key":"EssenceOfSteel"},{"floor":47,"key":"AttackPotion"}],"is_trial":false,"path_per_floor":["M","M","M","T","M","E","M","M","T","R","M","M","$","M","R","B",null,"M","?","M","$","$","E","R","E","T","E","?","M","E","?","R","B",null,"M","M","$","?","?","E","R","E","T","M","R","M","M","$","R","B",null],"character_chosen":"IRONCLAD","items_purchased":["Brimstone","Rage","Happy Flower","Lantern","Apotheosis","Gremlin Horn"],"campfire_rested":5,"item_purchase_floors":[13,13,21,37,48,48],"current_hp_per_floor":[88,88,88,88,78,31,34,40,40,66,71,76,76,82,82,64,88,83,83,75,75,75,41,67,67,67,45,45,48,25,25,51,17,106,106,106,106,106,106,81,106,106,106,80,80,83,97,97,112,29],"gold":86,"neow_bonus":"TEN_PERCENT_HP_BONUS","is_prod":false,"is_daily":false,"chose_seed":false,"campfire_upgraded":1,"win_rate":0,"timestamp":1562702427,"path_taken":["M","M","M","?","M","E","M","M","T","R","M","M","$","M","R","BOSS","M","?","?","?","$","E","R","E","T","E","?","?","E","?","R","BOSS","M","M","$","?","?","E","R","E","T","M","R","M","?","$","R","BOSS"],"build_version":"2019-07-05","purchased_purges":1,"victory":true,"max_hp_per_floor":[88,88,88,88,88,88,88,88,88,88,88,88,88,88,88,88,88,88,88,88,88,88,88,88,88,88,88,88,88,88,88,88,88,106,106,106,106,106,106,106,106,106,106,106,106,106,112,112,112,112],"card_choices":[{"not_picked":["Ghostly Armor","Iron Wave"],"picked":"Battle Trance","floor":1},{"not_picked":["Burning Pact","Anger"],"picked":"Pommel Strike","floor":2},{"not_picked":["Feel No Pain","Sword Boomerang"],"picked":"Perfected Strike","floor":3},{"not_picked":["Headbutt","Reckless Charge"],"picked":"Fiend Fire","floor":5},{"not_picked":["Second Wind","Infernal Blade"],"picked":"Shrug It Off","floor":6},{"not_picked":["Heavy Blade","Perfected Strike"],"picked":"Shockwave","floor":7},{"not_picked":["Armaments","True Grit"],"picked":"Pummel","floor":8},{"not_picked":["Perfected Strike","Warcry"],"picked":"Anger","floor":11},{"not_picked":["Havoc","Headbutt"],"picked":"Blood for Blood","floor":12},{"not_picked":["Rupture","Havoc"],"picked":"Twin Strike","floor":14},{"not_picked":["Berserk","Impervious"],"picked":"Barricade","floor":16},{"not_picked":["Flex","Twin Strike"],"picked":"Whirlwind+1","floor":18},{"not_picked":["Body Slam","Carnage+1"],"picked":"Battle Trance","floor":20},{"not_picked":["Hemokinesis","Reckless Charge"],"picked":"Seeing Red+1","floor":23},{"not_picked":["Clothesline","Flame Barrier"],"picked":"Rampage+1","floor":25},{"not_picked":["Burning Pact","Iron Wave"],"picked":"Wild Strike+1","floor":27},{"not_picked":["Brutality","Twin Strike","Entrench"],"picked":"SKIP","floor":29},{"not_picked":["Sword Boomerang","Body Slam"],"picked":"Perfected Strike+1","floor":30},{"not_picked":["Barricade","Offering"],"picked":"Double Tap","floor":33},{"not_picked":["Perfected Strike+1","Warcry"],"picked":"Searing Blow+1","floor":35},{"not_picked":["Armaments+1","Sword Boomerang+1"],"picked":"Pummel+1","floor":36},{"not_picked":["Searing Blow+1","Infernal Blade+1"],"picked":"Headbutt+1","floor":38},{"not_picked":["Iron Wave+1","Clash"],"picked":"Spot Weakness+1","floor":40},{"not_picked":["Rampage+1","Spot Weakness","Warcry+1"],"picked":"Shrug It Off+1","floor":42},{"not_picked":["Wild Strike+1","Combust+1","Reckless Charge+1"],"picked":"Twin Strike+1","floor":44},{"not_picked":["Warcry+1","Combust","Sentinel"],"picked":"Armaments+1","floor":46},{"not_picked":["Wild Strike+1","Thunderclap+1","Pommel Strike"],"picked":"Spot Weakness","floor":47}],"player_experience":84357,"relics_obtained":[{"floor":4,"key":"Sundial"},{"floor":6,"key":"Oddly Smooth Stone"},{"floor":9,"key":"Ornamental Fan"},{"floor":23,"key":"Bag of Preparation"},{"floor":23,"key":"Ancient Tea Set"},{"floor":25,"key":"Bronze Scales"},{"floor":25,"key":"WingedGreaves"},{"floor":26,"key":"PreservedInsect"},{"floor":27,"key":"Darkstone Periapt"},{"floor":27,"key":"Potion Belt"},{"floor":30,"key":"Paper Frog"},{"floor":30,"key":"Thread and Needle"},{"floor":34,"key":"Pen Nib"},{"floor":34,"key":"Dodecahedron"},{"floor":34,"key":"Peace Pipe"},{"floor":38,"key":"Incense Burner"},{"floor":40,"key":"Question Card"},{"floor":40,"key":"Blue Candle"},{"floor":42,"key":"Old Coin"},{"floor":42,"key":"Bird Faced Urn"},{"floor":43,"key":"Singing Bowl"}],"event_choices":[{"damage_healed":0,"gold_gain":0,"player_choice":"Got Potions","damage_taken":0,"max_hp_gain":0,"max_hp_loss":0,"event_name":"Lab","floor":19,"gold_loss":0},{"damage_healed":0,"gold_gain":0,"player_choice":"Ignored","damage_taken":0,"max_hp_gain":0,"max_hp_loss":0,"event_name":"Vampires","floor":28,"gold_loss":0},{"cards_removed":["Strike_R"],"damage_healed":0,"gold_gain":0,"player_choice":"Gave Gold","damage_taken":0,"max_hp_gain":0,"max_hp_loss":0,"event_name":"Beggar","floor":31,"gold_loss":75},{"damage_healed":0,"gold_gain":0,"player_choice":"Fight","damage_taken":0,"max_hp_gain":0,"max_hp_loss":0,"event_name":"MindBloom","floor":38,"gold_loss":0},{"damage_healed":0,"gold_gain":0,"player_choice":"Upgraded","damage_taken":0,"max_hp_gain":0,"max_hp_loss":0,"event_name":"Upgrade Shrine","floor":39,"gold_loss":0,"cards_upgraded":["Barricade"]}],"is_beta":false,"boss_relics":[{"not_picked":["Lizard Tail","Runic Pyramid"],"picked":"Black Star"},{"not_picked":["Sozu","Empty Cage"],"picked":"Calling Bell"}],"items_purged_floors":[48],"is_endless":false,"potions_floor_spawned":[1,5,6,8,11,16,20,25,27,33,35,36,40,47],"ascension_level":2}