{"gold_per_floor":[113,38,53,27,27,27,46,46,46,46,46,65,86,120,120,249,249,270,185,60,60,84,123,123,141,141,153],"floor_reached":27,"playtime":2027,"items_purged":["Strike_B","Strike_B"],"score":256,"play_id":"971edcac-3979-4ccc-b4cd-8c698d493a50","local_time":"20181209113905","is_ascension_mode":false,"campfire_choices":[{"data":"Loop","floor":6,"key":"SMITH"},{"data":"Conserve Battery","floor":8,"key":"SMITH"},{"data":"Dualcast","floor":11,"key":"SMITH"},{"data":"Machine Learning","floor":15,"key":"SMITH"},{"data":"Bite","floor":24,"key":"SMITH"}],"neow_cost":"NONE","seed_source_timestamp":403278996635503,"circlet_count":0,"master_deck":["Defend_B","Defend_B","Defend_B","Defend_B","Zap","Dualcast+1","Cold Snap","Loop+1","Leap","Conserve Battery+1","Gash","Static Discharge","Machine Learning+1","Electrodynamics","Static Discharge","Conserve Battery+1","Bite+1","Bite","Bite","Bite","Bite","Leap+1","Gash","Genetic Algorithm+1"],"relics":["Cracked Core","NeowsBlessing","Golden Idol","Toxic Egg 2","Inserter","Happy Flower","Ginger","MawBank"],"potions_floor_usage":[16,16,23,25,25],"damage_taken":[{"damage":0,"enemies":"Small Slimes","floor":1,"turns":1},{"damage":0,"enemies":"2 Louse","floor":3,"turns":1},{"damage":0,"enemies":"Cultist","floor":7,"turns":1},{"damage":15,"enemies":"Gremlin Gang","floor":12,"turns":5},{"damage":5,"enemies":"Exordium Thugs","floor":13,"turns":5},{"damage":15,"enemies":"3 Sentries","floor":14,"turns":6},{"damage":7,"enemies":"Hexaghost","floor":16,"turns":7},{"damage":3,"enemies":"Shell Parasite","floor":18,"turns":6},{"damage":26,"enemies":"3 Byrds","floor":22,"turns":4},{"damage":24,"enemies":"Slavers","floor":23,"turns":4},{"damage":10,"enemies":"Snecko","floor":25,"turns":5},{"damage":28,"enemies":"Snake Plant","floor":27,"turns":4}],"seed_played":"-7504046918973394405","potions_obtained":[{"floor":7,"key":"LiquidBronze"},{"floor":12,"key":"Poison Potion"},{"floor":16,"key":"GamblersBrew"},{"floor":18,"key":"Explosive Potion"},{"floor":23,"key":"GamblersBrew"}],"is_trial":false,"path_per_floor":["M","$","M","$","?","R","M","R","T","?","R","M","M","E","R","B",null,"M","?","$","?","M","E","R","M","T","M"],"character_chosen":"DEFECT","items_purchased":["Leap","Conserve Battery+1"],"campfire_rested":0,"item_purchase_floors":[4,20],"current_hp_per_floor":[75,75,75,75,57,57,57,57,57,57,57,42,37,22,22,15,75,72,72,72,52,28,8,8,14,14,0],"gold":153,"neow_bonus":"THREE_ENEMY_KILL","is_prod":false,"is_daily":false,"chose_seed":false,"campfire_upgraded":5,"win_rate":0.0,"timestamp":1544380745,"path_taken":["M","$","M","$","?","R","M","R","T","?","R","?","?","E","R","BOSS","M","?","$","?","M","E","R","M","T","M"],"build_version":"2018-12-06","purchased_purges":2,"victory":false,"max_hp_per_floor":[75,75,75,75,75,75,75,75,75,75,75,75,75,75,75,75,75,75,75,75,52,52,52,52,52,52,52],"card_choices":[{"not_picked":["Hologram","Steam Power"],"picked":"Cold Snap","floor":1},{"not_picked":["Static Discharge","Leap"],"picked":"Loop","floor":3},{"not_picked":["Stack","Force Field"],"picked":"Conserve Battery","floor":7},{"not_picked":["Sweeping Beam","Steam Power"],"picked":"Gash","floor":12},{"not_picked":["Streamline","Compile Driver"],"picked":"Static Discharge","floor":13},{"not_picked":["Compile Driver","Chill"],"picked":"Machine Learning","floor":14},{"not_picked":["Multi-Cast+1","All For One"],"picked":"Electrodynamics","floor":16},{"not_picked":["Steam+1","Cold Snap+1"],"picked":"Static Discharge","floor":18},{"not_picked":["Conserve Battery+1","Compile Driver"],"picked":"Leap+1","floor":22},{"not_picked":["Aggregate+1","Leap+1"],"picked":"Gash","floor":23},{"not_picked":["Heatsinks","Stack+1"],"picked":"Genetic Algorithm+1","floor":25}],"player_experience":16973,"relics_obtained":[{"floor":14,"key":"Toxic Egg 2"},{"floor":23,"key":"Ginger"},{"floor":26,"key":"MawBank"}],"event_choices":[{"damage_healed":0,"gold_gain":0,"player_choice":"Take Damage","damage_taken":18,"relics_obtained":["Golden Idol"],"max_hp_gain":0,"max_hp_loss":0,"event_name":"Golden Idol","floor":5,"gold_loss":0},{"cards_removed":["Strike_B"],"damage_healed":0,"gold_gain":0,"player_choice":"Purged","damage_taken":0,"max_hp_gain":0,"max_hp_loss":0,"event_name":"Purifier","floor":10,"gold_loss":0},{"damage_healed":0,"gold_gain":0,"player_choice":"Obtained Relic","damage_taken":0,"relics_obtained":["Happy Flower"],"max_hp_gain":0,"max_hp_loss":0,"event_name":"Addict","floor":19,"gold_loss":85},{"damage_healed":0,"gold_gain":0,"player_choice":"Became a vampire","damage_taken":0,"max_hp_gain":0,"max_hp_loss":23,"event_name":"Vampires","floor":21,"gold_loss":0,"cards_obtained":["Bite","Bite","Bite","Bite","Bite"]}],"is_beta":false,"boss_relics":[{"not_picked":["White Beast Statue","Busted Crown"],"picked":"Inserter"}],"items_purged_floors":[2,20],"is_endless":false,"potions_floor_spawned":[7,12,16,18,23],"killed_by":"Snake Plant","ascension_level":0}