{"gold_per_floor":[114,114,289,307,386,418,418,443,443,443,443,24,55,74,74,175,175,187,207,207,219,219,219,234,265,265,294,294,308,328,361,361,458,458,474,474,474,489,501,526,540,572,572,605,627,654,679,691],"floor_reached":48,"playtime":4087,"items_purged":[],"score":1222,"play_id":"6604295d-051b-4a36-9ae3-49338c922d02","local_time":"20190405213410","is_ascension_mode":true,"campfire_choices":[{"data":"Shockwave","floor":7.0,"key":"SMITH"},{"data":"Bash","floor":11.0,"key":"SMITH"},{"data":"Rampage","floor":15.0,"key":"SMITH"},{"data":"Shrug It Off","floor":23.0,"key":"SMITH"},{"data":"Pommel Strike","floor":28.0,"key":"SMITH"},{"data":"Body Slam","floor":32.0,"key":"SMITH"}],"neow_cost":"NONE","seed_source_timestamp":430764013108474,"circlet_count":0,"master_deck":["AscendersBane","Defend_R+1","Defend_R","Defend_R+1","Bash+1","Shockwave+1","Shrug It Off+1","Rage","Metallicize+1","Armaments+1","Rampage+1","PanicButton+1","Sword Boomerang","Power Through+1","Juggernaut+1","Disarm+1","Bite","Bite","Bite","Bite","Bite","Sword Boomerang","Ghostly+1","Ghostly+1","Ghostly+1","Ghostly+1","Ghostly+1","Battle Trance+1","Pommel Strike+1","Warcry+1","Body Slam+1","Bludgeon","Clothesline+1","Impervious+1","Madness+1","Madness+1","Ghostly+1","Pommel Strike+1","Evolve+1","Warcry+1","Spot Weakness+1","Limit Break+1","Shrug It Off+1","Heavy Blade"],"special_seed":0,"relics":["Black Blood","NeowsBlessing","Frozen Egg 2","Mercury Hourglass","Strawberry","Matryoshka","Spirit Poop","Toxic Egg 2","Boot","Turnip","War Paint","Dodecahedron","Torii","Pear","Coffee Dripper","Shovel","Art of War","Bag of Preparation","Meat on the Bone","MawBank"],"potions_floor_usage":[33,40,46],"damage_taken":[{"damage":0.0,"enemies":"Jaw Worm","floor":1.0,"turns":1.0},{"damage":0.0,"enemies":"2 Louse","floor":4.0,"turns":1.0},{"damage":0.0,"enemies":"3 Sentries","floor":6.0,"turns":2.0},{"damage":33.0,"enemies":"Gremlin Nob","floor":8.0,"turns":5.0},{"damage":14.0,"enemies":"Lagavulin","floor":13.0,"turns":7.0},{"damage":0.0,"enemies":"Small Slimes","floor":14.0,"turns":3.0},{"damage":22.0,"enemies":"Slime Boss","floor":16.0,"turns":10.0},{"damage":0.0,"enemies":"3 Byrds","floor":18.0,"turns":3.0},{"damage":23.0,"enemies":"Shell Parasite","floor":19.0,"turns":6.0},{"damage":26.0,"enemies":"Chosen and Byrds","floor":21.0,"turns":6.0},{"damage":10.0,"enemies":"Cultist and Chosen","floor":24.0,"turns":8.0},{"damage":7.0,"enemies":"Slavers","floor":25.0,"turns":7.0},{"damage":0.0,"enemies":"Book of Stabbing","floor":27.0,"turns":7.0},{"damage":0.0,"enemies":"Sentry and Sphere","floor":29.0,"turns":6.0},{"damage":14.0,"enemies":"Shelled Parasite and Fungi","floor":30.0,"turns":8.0},{"damage":0.0,"enemies":"Gremlin Leader","floor":31.0,"turns":7.0},{"damage":18,"enemies":"Automaton","floor":33,"turns":11},{"damage":0,"enemies":"Orb Walker","floor":35,"turns":4},{"damage":18,"enemies":"3 Darklings","floor":38,"turns":4},{"damage":11,"enemies":"4 Shapes","floor":39,"turns":8},{"damage":10,"enemies":"Reptomancer","floor":40,"turns":7},{"damage":1,"enemies":"Transient","floor":41,"turns":5},{"damage":0,"enemies":"Giant Head","floor":42,"turns":9},{"damage":16,"enemies":"Reptomancer","floor":44,"turns":7},{"damage":0,"enemies":"Sphere and 2 Shapes","floor":45,"turns":6},{"damage":21,"enemies":"4 Shapes","floor":46,"turns":6},{"damage":16,"enemies":"Writhing Mass","floor":47,"turns":11},{"damage":33,"enemies":"Nemesis","floor":48,"turns":2}],"seed_played":"-2641088696484678535","potions_obtained":[{"floor":1.0,"key":"Explosive Potion"},{"floor":4.0,"key":"LiquidBronze"},{"floor":18.0,"key":"EssenceOfSteel"},{"floor":24.0,"key":"SkillPotion"},{"floor":27.0,"key":"Strength Potion"},{"floor":33,"key":"Explosive Potion"},{"floor":40,"key":"Explosive Potion"},{"floor":41,"key":"SteroidPotion"},{"floor":44,"key":"Swift Potion"}],"is_trial":false,"path_per_floor":["M","?","?","M","T","E","R","E","T","?","R","$","E","M","R","B",null,"M","M","?","M","?","R","M","E","T","E","R","M","M","E","R","B",null,"M","?","?","M","M","E","M","E","T","E","M","M","M","E"],"character_chosen":"IRONCLAD","items_purchased":["Toxic Egg 2","Armaments+1","Rampage","PanicButton+1"],"campfire_rested":0,"item_purchase_floors":[12,12,12,12],"current_hp_per_floor":[78,71,71,77,77,80,80,60,60,60,60,60,52,58,58,42,76,86,73,60,51,30,30,30,30,30,30,30,30,30,40,40,38,40,40,35,35,33,39,40,40,40,40,38,40,31,31,0],"gold":691,"neow_bonus":"THREE_ENEMY_KILL","is_prod":false,"is_daily":false,"chose_seed":false,"campfire_upgraded":6,"win_rate":0,"timestamp":1554525250,"path_taken":["M","?","?","?","?","E","R","E","T","?","R","$","E","M","R","BOSS","M","?","?","M","?","R","M","E","T","E","R","M","M","E","R","BOSS","M","?","?","M","M","E","M","E","T","E","M","M","?","E"],"build_version":"2019-01-23","purchased_purges":0,"victory":false,"max_hp_per_floor":[80,80,80,80,80,80,80,87,87,87,87,87,87,87,87,87,87,87,87,60,60,30,30,30,30,30,30,30,30,30,40,40,40,40,40,40,40,40,40,40,40,40,40,40,40,40,40,40],"card_choices":[{"not_picked":["Burning Pact","Wild Strike"],"picked":"Shockwave","floor":1.0},{"not_picked":["Wild Strike","Cleave"],"picked":"Shrug It Off","floor":4.0},{"not_picked":["Heavy Blade","Pommel Strike"],"picked":"Rage","floor":6.0},{"not_picked":["Spot Weakness","Armaments"],"picked":"Metallicize+1","floor":8.0},{"not_picked":["Anger","Immolate"],"picked":"Sword Boomerang","floor":13.0},{"not_picked":["Warcry+1","Thunderclap"],"picked":"Power Through+1","floor":14.0},{"not_picked":["Berserk+1","Immolate"],"picked":"Juggernaut+1","floor":16.0},{"not_picked":["Carnage","Wild Strike","Twin Strike"],"picked":"SKIP","floor":18.0},{"not_picked":["Flex+1","Clothesline"],"picked":"Disarm+1","floor":19.0},{"not_picked":["Perfected Strike","Searing Blow"],"picked":"Sword Boomerang","floor":21.0},{"not_picked":["Cleave","Combust+1"],"picked":"Battle Trance+1","floor":24.0},{"not_picked":["Reckless Charge","Rampage"],"picked":"Pommel Strike","floor":25.0},{"not_picked":["Infernal Blade+1","Iron Wave"],"picked":"Warcry+1","floor":27.0},{"not_picked":["Wild Strike","Searing Blow"],"picked":"Body Slam","floor":29.0},{"not_picked":["Cleave","Anger"],"picked":"Bludgeon","floor":30.0},{"not_picked":["Bloodletting+1","Battle Trance+1"],"picked":"Clothesline+1","floor":31.0},{"not_picked":["Berserk+1","Reaper"],"picked":"Impervious+1","floor":33},{"not_picked":["Perfected Strike","Sword Boomerang+1","Clothesline+1"],"picked":"SKIP","floor":35},{"not_picked":["Seeing Red+1","Perfected Strike+1"],"picked":"Pommel Strike+1","floor":38},{"not_picked":["Havoc+1","Headbutt"],"picked":"Evolve+1","floor":39},{"not_picked":["Berserk+1","Armaments+1","Anger+1"],"picked":"SKIP","floor":40},{"not_picked":["Cleave+1","Power Through+1"],"picked":"Warcry+1","floor":41},{"not_picked":["Pommel Strike+1","Bloodletting+1"],"picked":"Spot Weakness+1","floor":42},{"not_picked":["Perfected Strike+1","Wild Strike+1"],"picked":"Limit Break+1","floor":44},{"not_picked":["Thunderclap","Rampage"],"picked":"Shrug It Off+1","floor":45},{"not_picked":["Clothesline","Flex+1","Battle Trance+1"],"picked":"SKIP","floor":46},{"not_picked":["Wild Strike","Shrug It Off+1"],"picked":"Heavy Blade","floor":47}],"player_experience":607093,"relics_obtained":[{"floor":5.0,"key":"Frozen Egg 2"},{"floor":6.0,"key":"Mercury Hourglass"},{"floor":8.0,"key":"Strawberry"},{"floor":9.0,"key":"Matryoshka"},{"floor":13.0,"key":"Boot"},{"floor":25.0,"key":"Turnip"},{"floor":26.0,"key":"War Paint"},{"floor":26.0,"key":"Dodecahedron"},{"floor":27.0,"key":"Torii"},{"floor":31.0,"key":"Pear"},{"floor":40,"key":"Shovel"},{"floor":42,"key":"Art of War"},{"floor":43,"key":"Bag of Preparation"},{"floor":43,"key":"Meat on the Bone"},{"floor":44,"key":"MawBank"}],"event_choices":[{"cards_removed":["Defend_R"],"damage_healed":0.0,"max_hp_gain":0.0,"max_hp_loss":0.0,"gold_gain":0.0,"event_name":"Golden Wing","player_choice":"Card Removal","floor":2.0,"gold_loss":0.0,"damage_taken":7.0},{"damage_healed":0.0,"max_hp_gain":0.0,"max_hp_loss":0.0,"gold_gain":175.0,"event_name":"Liars Game","player_choice":"AGREE","floor":3.0,"gold_loss":0.0,"damage_taken":0.0,"cards_obtained":["Doubt"]},{"cards_removed":["Doubt"],"damage_healed":0.0,"max_hp_gain":0.0,"max_hp_loss":0.0,"gold_gain":0.0,"event_name":"Bonfire Elementals","player_choice":"Offered Curse","floor":10.0,"gold_loss":0.0,"damage_taken":0.0,"relics_obtained":["Spirit Poop"]},{"damage_healed":0.0,"max_hp_gain":0.0,"max_hp_loss":27.0,"gold_gain":0.0,"event_name":"Vampires","player_choice":"Became a vampire","floor":20.0,"gold_loss":0.0,"damage_taken":0.0,"cards_obtained":["Bite","Bite","Bite","Bite","Bite"]},{"damage_healed":0.0,"max_hp_gain":0.0,"max_hp_loss":30.0,"gold_gain":0.0,"event_name":"Ghosts","player_choice":"Became a Ghost","floor":22.0,"gold_loss":0.0,"damage_taken":0.0,"cards_obtained":["Ghostly","Ghostly","Ghostly","Ghostly","Ghostly"]},{"damage_healed":0,"gold_gain":0,"player_choice":"Embrace Madness","damage_taken":5,"max_hp_gain":0,"max_hp_loss":0,"event_name":"Winding Halls","floor":36,"gold_loss":0,"cards_obtained":["Madness","Madness"]},{"damage_healed":0,"gold_gain":0,"player_choice":"Copied","damage_taken":0,"max_hp_gain":0,"max_hp_loss":0,"event_name":"Duplicator","floor":37,"gold_loss":0,"cards_obtained":["Ghostly"]}],"is_beta":false,"boss_relics":[{"not_picked":["Snecko Eye","Astrolabe"],"picked":"Black Blood"},{"not_picked":["Busted Crown","Philosopher\u0027s Stone"],"picked":"Coffee Dripper"}],"items_purged_floors":[],"is_endless":false,"potions_floor_spawned":[1,4,18,24,27,33,40,41,44,45],"killed_by":"Nemesis","ascension_level":12}