{"gold_per_floor":[219,239,250,250,250,277,277,307,332,359,389,401,425,437,449,558,870,897,1008,544,564,582,582,593,624,675,695,695,695],"floor_reached":29,"playtime":1791,"items_purged":["Writhe"],"score":321,"play_id":"086deffd-cc37-4de3-b17d-65b53ba4cbf6","local_time":"20190711205434","is_ascension_mode":true,"campfire_choices":[{"floor":7,"key":"REST"},{"floor":15,"key":"REST"},{"floor":23,"key":"REST"},{"floor":28,"key":"REST"}],"neow_cost":"NONE","seed_source_timestamp":3479278255075,"circlet_count":0,"master_deck":["Strike_R+1","Strike_R","Strike_R","Strike_R","Strike_R","Defend_R","Defend_R","Defend_R","Defend_R+1","Bash","Cleave","Corruption","Uppercut+1","Disarm","Rupture","Pummel","Blood for Blood","Second Wind","Parasite","Limit Break","Clumsy","Injury","Shrug It Off+1","Infernal Blade+1","Armaments+1","Pummel","Battle Trance+1","Headbutt+1","Pommel Strike","Twin Strike","Power Through+1"],"relics":["Burning Blood","Lantern","PreservedInsect","MawBank","Calling Bell","Red Skull","Toxic Egg 2","Old Coin","Letter Opener","Question Card","Anchor"],"potions_floor_usage":[16,24,29],"damage_taken":[{"damage":6,"enemies":"Cultist","floor":1,"turns":4},{"damage":0,"enemies":"Small Slimes","floor":2,"turns":2},{"damage":4,"enemies":"2 Louse","floor":3,"turns":3},{"damage":37,"enemies":"Lagavulin","floor":6,"turns":8},{"damage":37,"enemies":"3 Sentries","floor":8,"turns":7},{"damage":2,"enemies":"Looter","floor":10,"turns":3},{"damage":5,"enemies":"Exordium Wildlife","floor":11,"turns":3},{"damage":13,"enemies":"Blue Slaver","floor":13,"turns":4},{"damage":43,"enemies":"The Guardian","floor":16,"turns":11},{"damage":46,"enemies":"3 Byrds","floor":18,"turns":8},{"damage":27,"enemies":"Shell Parasite","floor":21,"turns":5},{"damage":13,"enemies":"Centurion and Healer","floor":22,"turns":4},{"damage":11,"enemies":"Chosen and Byrds","floor":24,"turns":5},{"damage":25,"enemies":"Book of Stabbing","floor":25,"turns":4},{"damage":10,"enemies":"Cultist and Chosen","floor":27,"turns":5},{"damage":35,"enemies":"Masked Bandits","floor":29,"turns":3}],"seed_played":"-8035942697338051209","potions_obtained":[{"floor":8,"key":"FearPotion"},{"floor":10,"key":"SpeedPotion"},{"floor":11,"key":"Swift Potion"},{"floor":16,"key":"Ancient Potion"},{"floor":22,"key":"Fire Potion"},{"floor":25,"key":"Weak Potion"}],"is_trial":false,"path_per_floor":["M","M","M","?","?","E","R","E","T","M","M","?","M","?","R","B",null,"M","?","$","M","M","R","M","E","T","M","R","?"],"character_chosen":"IRONCLAD","items_purchased":["Letter Opener","Infernal Blade+1","Armaments+1","Pummel"],"campfire_rested":4,"item_purchase_floors":[20,20,20,20],"current_hp_per_floor":[80,80,80,80,64,33,57,26,26,30,31,31,24,44,68,31,80,40,40,40,19,12,36,31,12,12,8,32,0],"gold":695,"neow_bonus":"HUNDRED_GOLD","is_prod":false,"is_daily":false,"chose_seed":false,"campfire_upgraded":0,"win_rate":0,"timestamp":1562874874,"path_taken":["M","M","M","?","?","E","R","E","T","M","M","?","?","?","R","BOSS","M","?","$","M","M","R","M","E","T","M","R","?"],"build_version":"2019-07-05","purchased_purges":1,"victory":false,"max_hp_per_floor":[80,80,80,80,80,80,80,80,80,80,80,80,80,80,80,80,80,80,80,80,80,80,80,80,80,80,80,80,80],"card_choices":[{"not_picked":["Iron Wave","Sword Boomerang"],"picked":"Cleave","floor":1},{"not_picked":["Sever Soul","Shrug It Off"],"picked":"Corruption","floor":2},{"not_picked":["Corruption","Sword Boomerang"],"picked":"Uppercut","floor":3},{"not_picked":["Sword Boomerang","Flame Barrier"],"picked":"Disarm","floor":6},{"not_picked":["Combust","Clothesline"],"picked":"Rupture","floor":8},{"not_picked":["Flex","Dropkick"],"picked":"Pummel","floor":10},{"not_picked":["Cleave","Carnage"],"picked":"Blood for Blood","floor":11},{"not_picked":["Twin Strike","Clothesline"],"picked":"Second Wind","floor":13},{"not_picked":["Barricade","Bludgeon"],"picked":"Limit Break","floor":16},{"not_picked":["Rupture","Hemokinesis"],"picked":"Shrug It Off+1","floor":18},{"not_picked":["Thunderclap","Wild Strike"],"picked":"Battle Trance+1","floor":21},{"not_picked":["Whirlwind","Body Slam"],"picked":"Headbutt+1","floor":22},{"not_picked":["Intimidate+1","Clash"],"picked":"Pommel Strike","floor":24},{"not_picked":["Wild Strike","Berserk"],"picked":"Twin Strike","floor":25},{"not_picked":["Dropkick","Clothesline","Uppercut"],"picked":"Power Through+1","floor":27}],"player_experience":95282,"relics_obtained":[{"floor":6,"key":"Lantern"},{"floor":8,"key":"PreservedInsect"},{"floor":9,"key":"MawBank"},{"floor":17,"key":"Red Skull"},{"floor":17,"key":"Toxic Egg 2"},{"floor":17,"key":"Old Coin"},{"floor":25,"key":"Question Card"},{"floor":26,"key":"Anchor"}],"event_choices":[{"damage_healed":0,"gold_gain":0,"player_choice":"Grow","damage_taken":0,"max_hp_gain":0,"max_hp_loss":0,"event_name":"Living Wall","floor":4,"gold_loss":0,"cards_upgraded":["Uppercut"]},{"damage_healed":0,"gold_gain":0,"player_choice":"Entered Light","damage_taken":16,"max_hp_gain":0,"max_hp_loss":0,"event_name":"Shining Light","floor":5,"gold_loss":0,"cards_upgraded":["Strike_R","Defend_R"]},{"damage_healed":0,"gold_gain":0,"player_choice":"Bought 0 Potions","damage_taken":0,"max_hp_gain":0,"max_hp_loss":0,"event_name":"The Woman in Blue","floor":12,"gold_loss":0},{"damage_healed":20,"gold_gain":0,"player_choice":"Healed and dodged fight","damage_taken":0,"max_hp_gain":0,"max_hp_loss":0,"event_name":"Mushrooms","floor":14,"gold_loss":0,"cards_obtained":["Parasite"]},{"damage_healed":0,"gold_gain":99,"player_choice":"Stole From Cult","damage_taken":0,"max_hp_gain":0,"max_hp_loss":0,"event_name":"Nest","floor":19,"gold_loss":0},{"damage_healed":0,"gold_gain":0,"player_choice":"Fought Bandits","damage_taken":0,"max_hp_gain":0,"max_hp_loss":0,"event_name":"Masked Bandits","floor":29,"gold_loss":0}],"is_beta":false,"boss_relics":[{"not_picked":["Velvet Choker","Philosopher\u0027s Stone"],"picked":"Calling Bell"}],"items_purged_floors":[20],"is_endless":false,"potions_floor_spawned":[8,10,11,13,16,18,22,25],"killed_by":"Masked Bandits","ascension_level":3}