{"gold_per_floor":[112,131,22,22,22,22,55,55,55,55,90,109,7,18,18,122,122,142,92,92,92],"floor_reached":21,"playtime":1277,"items_purged":["Defend_B","Strike_B","Capacitor+1"],"score":242,"play_id":"449f042d-f3ad-42b0-ba12-426bcdb98290","local_time":"20190117190049","is_ascension_mode":true,"campfire_choices":[{"data":"Redo","floor":8,"key":"SMITH"},{"data":"Fusion","floor":15,"key":"SMITH"}],"neow_cost":"NONE","seed_source_timestamp":570045608143060,"circlet_count":0,"master_deck":["Strike_B","Strike_B","Defend_B","Defend_B","Defend_B","Zap","Dualcast","Conserve Battery","Self Repair+1","Redo+1","Fusion+1","Gash","Echo Form","Hologram"],"relics":["Cracked Core","NeowsBlessing","Smiling Mask","PreservedInsect","Blue Candle","Turnip","Inserter"],"potions_floor_usage":[11,12,16,18,21],"damage_taken":[{"damage":0,"enemies":"2 Louse","floor":1,"turns":1},{"damage":0,"enemies":"Small Slimes","floor":2,"turns":1},{"damage":0,"enemies":"Lagavulin","floor":7,"turns":1},{"damage":16,"enemies":"Gremlin Nob","floor":11,"turns":3},{"damage":7,"enemies":"Jaw Worm","floor":12,"turns":4},{"damage":17,"enemies":"Looter","floor":14,"turns":3},{"damage":31,"enemies":"Slime Boss","floor":16,"turns":13},{"damage":34,"enemies":"Chosen","floor":18,"turns":9},{"damage":38,"enemies":"3 Byrds","floor":21,"turns":4}],"seed_played":"-806223225388123630","potions_obtained":[{"floor":2,"key":"GamblersBrew"},{"floor":7,"key":"Poison Potion"},{"floor":11,"key":"AttackPotion"},{"floor":16,"key":"Block Potion"},{"floor":18,"key":"SkillPotion"}],"is_trial":false,"path_per_floor":["M","M","$","?","?","$","E","R","T","T","E","M","$","M","R","B",null,"M","$","?","M"],"character_chosen":"DEFECT","items_purchased":["Capacitor","Gash"],"campfire_rested":0,"item_purchase_floors":[3,13],"current_hp_per_floor":[75,75,75,68,53,53,53,53,53,53,47,50,50,43,43,22,75,51,51,37,0],"gold":92,"neow_bonus":"THREE_ENEMY_KILL","is_prod":false,"is_daily":false,"chose_seed":false,"campfire_upgraded":2,"win_rate":0,"timestamp":1547776849,"path_taken":["M","M","$","?","?","?","E","R","T","?","E","?","?","M","R","BOSS","M","?","?","M"],"build_version":"2019-01-10","purchased_purges":3,"victory":false,"max_hp_per_floor":[75,75,75,75,75,75,75,75,75,75,75,75,75,75,75,75,75,75,75,80,80],"card_choices":[{"not_picked":["Hologram","Barrage"],"picked":"Conserve Battery","floor":1},{"not_picked":["Lockon","Steam"],"picked":"Self Repair","floor":2},{"not_picked":["Conserve Battery","Scrape"],"picked":"Redo","floor":7},{"not_picked":["Melter","Leap"],"picked":"Fusion","floor":11},{"not_picked":["Barrage","Hologram","Go for the Eyes"],"picked":"SKIP","floor":12},{"not_picked":["Loop","Compile Driver","Rebound"],"picked":"SKIP","floor":14},{"not_picked":["Multi-Cast","Biased Cognition"],"picked":"Echo Form","floor":16},{"not_picked":["Sunder","Ball Lightning"],"picked":"Hologram","floor":18}],"player_experience":307448,"relics_obtained":[{"floor":7,"key":"Smiling Mask"},{"floor":9,"key":"PreservedInsect"},{"floor":10,"key":"Blue Candle"},{"floor":11,"key":"Turnip"}],"event_choices":[{"cards_removed":["Strike_B"],"damage_healed":0,"gold_gain":0,"player_choice":"Card Removal","damage_taken":7,"max_hp_gain":0,"max_hp_loss":0,"event_name":"Golden Wing","floor":4,"gold_loss":0},{"damage_healed":0,"gold_gain":0,"player_choice":"Entered Light","damage_taken":15,"max_hp_gain":0,"max_hp_loss":0,"event_name":"Shining Light","floor":5,"gold_loss":0,"cards_upgraded":["Capacitor","Self Repair"]},{"damage_healed":0,"gold_gain":0,"player_choice":"Shed Blood","damage_taken":19,"max_hp_gain":5,"max_hp_loss":0,"event_name":"Forgotten Altar","floor":20,"gold_loss":0}],"is_beta":false,"boss_relics":[{"not_picked":["Pandora\u0027s Box","Empty Cage"],"picked":"Inserter"}],"items_purged_floors":[3,13,19],"is_endless":false,"potions_floor_spawned":[2,7,11,16,18],"killed_by":"3 Byrds","ascension_level":3}