{"path_per_floor":["M","?","?","M","?","E","M","R","T","E","R","M","M","M","R"],"character_chosen":"DEFECT","items_purchased":[],"gold_per_floor":[112,112,287,303,378,407,422,422,445,507,507,519,534,553,553,553],"floor_reached":16,"campfire_rested":2,"playtime":419,"current_hp_per_floor":[68,73,73,73,62,62,62,62,69,37,63,49,41,26,52,0],"items_purged":[],"gold":553,"score":178,"play_id":"87d5b852-8d40-4503-aca4-24b624e2217e","local_time":"20180514183138","is_prod":false,"is_daily":false,"chose_seed":false,"is_ascension_mode":true,"campfire_upgraded":1,"timestamp":1526315498,"path_taken":["M","?","?","?","?","E","M","R","T","E","R","M","?","M","R","BOSS"],"build_version":"2018-05-12v2","seed_source_timestamp":0,"purchased_purges":0,"victory":false,"master_deck":["Strike_B","Strike_B","Strike_B","Strike_B","Defend_B","Defend_B","Defend_B","Defend_B","Zap+1","Dualcast","FTL","Doubt","Lockon","Beam Cell","Go for the Eyes"],"max_hp_per_floor":[75,80,80,80,80,80,80,80,87,87,87,87,87,87,87,87],"relics":["Cracked Core","NeowsBlessing","Oddly Smooth Stone","Strawberry","Tiny Chest"],"card_choices":[{"not_picked":["Consume","Undo"],"picked":"FTL","floor":1.0},{"not_picked":["Lockon","Stack","Cold Snap"],"picked":"SKIP","floor":4.0},{"not_picked":["Stack","Cold Snap"],"picked":"Lockon","floor":4.0},{"not_picked":["Undo","BootSequence","Force Field"],"picked":"SKIP","floor":6.0},{"not_picked":["Skim","Coolheaded","Turbo"],"picked":"SKIP","floor":7.0},{"not_picked":["BootSequence","Stack"],"picked":"Beam Cell","floor":10},{"not_picked":["Hologram","Genetic Algorithm","Darkness"],"picked":"SKIP","floor":12},{"not_picked":["Ball Lightning","Skim"],"picked":"Go for the Eyes","floor":13},{"not_picked":["Aggregate","Darkness","Consume"],"picked":"SKIP","floor":14}],"player_experience":447732,"potions_floor_usage":[],"damage_taken":[{"damage":0.0,"enemies":"Jaw Worm","floor":1.0,"turns":1.0},{"damage":0.0,"enemies":"Small Slimes","floor":4.0,"turns":1.0},{"damage":0.0,"enemies":"3 Sentries","floor":6.0,"turns":1.0},{"damage":0.0,"enemies":"Cultist","floor":7.0,"turns":2.0},{"damage":32.0,"enemies":"Gremlin Nob","floor":10.0,"turns":4.0},{"damage":14,"enemies":"Gremlin Gang","floor":12,"turns":3},{"damage":8,"enemies":"Blue Slaver","floor":13,"turns":2},{"damage":15,"enemies":"Large Slime","floor":14,"turns":4},{"damage":58,"enemies":"Hexaghost","floor":16,"turns":11}],"event_choices":[{"event_name":"Big Fish","player_choice":"Donut","floor":2.0,"damage_taken":0.0},{"event_name":"Liars Game","player_choice":"agreed","floor":3.0,"damage_taken":0.0},{"event_name":"World of Goop","player_choice":"Gather Gold","floor":5.0,"damage_taken":0.0}],"boss_relics":[],"potions_floor_spawned":[1,4,10,12],"seed_played":"7703834942298090919","killed_by":"Hexaghost","ascension_level":6,"is_trial":false}