{"gold_per_floor":[13,32,43,43,43,43,55,72,121,133,133,160,85,104,104,204,204,218,118,138,13,32,32,32,56,95,107,138,150,176,219,231,243],"floor_reached":33,"playtime":2866,"items_purged":["Defend_G","Strike_G","Strike_G"],"score":282,"play_id":"1caec433-a8e6-4126-8cb1-3a609552970d","local_time":"20190104203534","is_ascension_mode":true,"campfire_choices":[{"data":"Neutralize","floor":6,"key":"SMITH"},{"data":"Backflip","floor":11,"key":"SMITH"},{"data":"Heel Hook","floor":15,"key":"SMITH"},{"data":"Night Terror","floor":23,"key":"SMITH"},{"data":"Backflip","floor":27,"key":"SMITH"},{"floor":29,"key":"REST"},{"floor":32,"key":"REST"}],"neow_cost":"NO_GOLD","seed_source_timestamp":1013956869031,"circlet_count":0,"master_deck":["Defend_G","Defend_G","Strike_G","Survivor","Neutralize+1","Dodge and Roll","Backflip+1","Poisoned Stab","Backflip+1","Heel Hook+1","Night Terror+1","Necronomicurse"],"relics":["Ring of the Snake","Potion Belt","Ninja Scroll","Empty Cage","Necronomicon","MawBank","Snake Skull","Happy Flower"],"potions_floor_usage":[12,12,16,16,31,31,33],"damage_taken":[{"damage":0,"enemies":"Small Slimes","floor":1,"turns":5},{"damage":0,"enemies":"2 Louse","floor":2,"turns":4},{"damage":1,"enemies":"Jaw Worm","floor":3,"turns":8},{"damage":0,"enemies":"Large Slime","floor":7,"turns":13},{"damage":0,"enemies":"Exordium Wildlife","floor":8,"turns":5},{"damage":1,"enemies":"2 Fungi Beasts","floor":10,"turns":7},{"damage":16,"enemies":"Lagavulin","floor":12,"turns":7},{"damage":0,"enemies":"Blue Slaver","floor":14,"turns":3},{"damage":47,"enemies":"Slime Boss","floor":16,"turns":19},{"damage":0,"enemies":"Chosen","floor":18,"turns":5},{"damage":17,"enemies":"2 Thieves","floor":20,"turns":3},{"damage":11,"enemies":"Sentry and Sphere","floor":22,"turns":6},{"damage":0,"enemies":"Chosen and Byrds","floor":28,"turns":4},{"damage":13,"enemies":"Snake Plant","floor":30,"turns":5},{"damage":20,"enemies":"Slavers","floor":31,"turns":4},{"damage":40,"enemies":"Automaton","floor":33,"turns":6}],"seed_played":"-3706613429599856898","potions_obtained":[{"floor":1,"key":"Block Potion"},{"floor":8,"key":"LiquidBronze"},{"floor":10,"key":"SpeedPotion"},{"floor":12,"key":"SteroidPotion"},{"floor":16,"key":"Fire Potion"},{"floor":30,"key":"GamblersBrew"},{"floor":31,"key":"Strength Potion"}],"is_trial":false,"path_per_floor":["M","M","M","?","?","R","M","M","T","M","R","E","$","M","R","B",null,"M","$","M","$","M","R","?","T","T","R","M","R","M","E","R","B"],"character_chosen":"THE_SILENT","items_purchased":[],"campfire_rested":2,"item_purchase_floors":[],"current_hp_per_floor":[70,70,69,69,69,69,69,69,69,68,68,52,52,52,52,5,70,70,70,53,53,42,42,26,26,26,26,26,47,34,14,35,0],"gold":243,"neow_bonus":"REMOVE_TWO","is_prod":false,"is_daily":false,"chose_seed":false,"campfire_upgraded":5,"win_rate":0,"timestamp":1546659334,"path_taken":["M","M","M","?","?","R","M","M","T","M","R","E","?","M","R","BOSS","M","$","M","$","M","R","?","?","T","R","M","R","M","E","R","BOSS"],"build_version":"2019-01-03v4","purchased_purges":3,"victory":false,"max_hp_per_floor":[70,70,70,70,70,70,70,70,70,70,70,70,70,70,70,70,70,70,70,70,70,70,70,70,70,70,70,70,70,70,70,70,70],"card_choices":[{"not_picked":["Bane","Bouncing Flask"],"picked":"Dodge and Roll","floor":1},{"not_picked":["Dagger Throw","Eviscerate","Underhanded Strike"],"picked":"SKIP","floor":2},{"not_picked":["Catalyst","Well Laid Plans","Sucker Punch"],"picked":"SKIP","floor":3},{"not_picked":["Underhanded Strike","Acrobatics","Bane"],"picked":"SKIP","floor":7},{"not_picked":["Riddle With Holes","Phantasmal Killer"],"picked":"Backflip","floor":8},{"not_picked":["PiercingWail","Acrobatics"],"picked":"Poisoned Stab","floor":10},{"not_picked":["Concentrate","Flying Knee"],"picked":"Backflip","floor":12},{"not_picked":["Well Laid Plans","Catalyst"],"picked":"Heel Hook","floor":14},{"not_picked":["After Image","Glass Knife"],"picked":"Night Terror","floor":16},{"not_picked":["Quick Slash","Crippling Poison","Reflex"],"picked":"SKIP","floor":18},{"not_picked":["Sucker Punch","Quick Slash+1","Outmaneuver"],"picked":"SKIP","floor":20},{"not_picked":["Slice","Leg Sweep","Escape Plan"],"picked":"SKIP","floor":22},{"not_picked":["Masterful Stab","Finisher","Deflect+1"],"picked":"SKIP","floor":28},{"not_picked":["Setup","Poisoned Stab","Unload"],"picked":"SKIP","floor":30},{"not_picked":["Underhanded Strike+1","Deflect","Flechettes"],"picked":"SKIP","floor":31}],"player_experience":236785,"relics_obtained":[{"floor":9,"key":"Potion Belt"},{"floor":12,"key":"Ninja Scroll"},{"floor":24,"key":"Necronomicon"},{"floor":25,"key":"MawBank"},{"floor":26,"key":"Snake Skull"},{"floor":31,"key":"Happy Flower"}],"event_choices":[{"damage_healed":0,"gold_gain":0,"player_choice":"Leave","damage_taken":0,"max_hp_gain":0,"max_hp_loss":0,"event_name":"The Cleric","floor":4,"gold_loss":0},{"damage_healed":0,"gold_gain":0,"player_choice":"Ignored","damage_taken":0,"max_hp_gain":0,"max_hp_loss":0,"event_name":"Liars Game","floor":5,"gold_loss":0},{"damage_healed":0,"gold_gain":0,"player_choice":"Obtained Book","damage_taken":16,"max_hp_gain":0,"max_hp_loss":0,"event_name":"Cursed Tome","floor":24,"gold_loss":0}],"is_beta":false,"boss_relics":[{"not_picked":["Velvet Choker","Orrery"],"picked":"Empty Cage"}],"items_purged_floors":[13,19,21],"is_endless":false,"potions_floor_spawned":[1,8,10,12,16,30,31],"killed_by":"Automaton","ascension_level":1}