{"gold_per_floor":[118,136,155,11,11,11,23,23,23,34,34,64,82,97,97,199,199,212,212,14,34,34],"floor_reached":22,"playtime":1074,"items_purged":["Strike_B","Strike_B"],"score":188,"play_id":"4ac084ac-ac2f-4670-86bc-5266bc9f929f","local_time":"20181219202004","is_ascension_mode":false,"campfire_choices":[{"data":"Capacitor","floor":6,"key":"SMITH"},{"data":"Tempest","floor":8,"key":"SMITH"},{"data":"Beam Cell","floor":11,"key":"SMITH"},{"floor":15,"key":"REST"}],"neow_cost":"NONE","seed_source_timestamp":38866242778340,"circlet_count":0,"master_deck":["Strike_B","Defend_B","Defend_B","Defend_B","Defend_B","Zap","Dualcast","Rebound","Tempest+1","Beam Cell+1","Capacitor+1","Streamline","Pain","Scrape","Rebound","Multi-Cast","Coolheaded","Conserve Battery","Ball Lightning","FTL"],"relics":["Cursed Key","Shuriken","Lantern","Nloth\u0027s Gift"],"potions_floor_usage":[13,13,14,16],"damage_taken":[{"damage":1,"enemies":"2 Louse","floor":1,"turns":2},{"damage":0,"enemies":"Cultist","floor":2,"turns":3},{"damage":3,"enemies":"Jaw Worm","floor":3,"turns":3},{"damage":12,"enemies":"Blue Slaver","floor":7,"turns":2},{"damage":16,"enemies":"Exordium Wildlife","floor":10,"turns":3},{"damage":35,"enemies":"3 Sentries","floor":12,"turns":6},{"damage":5,"enemies":"Exordium Thugs","floor":13,"turns":2},{"damage":1,"enemies":"Looter","floor":14,"turns":2},{"damage":33,"enemies":"Slime Boss","floor":16,"turns":7},{"damage":32,"enemies":"Chosen","floor":18,"turns":5},{"damage":34,"enemies":"Shell Parasite","floor":21,"turns":6},{"damage":18,"enemies":"Sentry and Sphere","floor":22,"turns":3}],"seed_played":"4135942564572639100","potions_obtained":[{"floor":7,"key":"GamblersBrew"},{"floor":12,"key":"Explosive Potion"},{"floor":13,"key":"EssenceOfSteel"},{"floor":14,"key":"Regen Potion"}],"is_trial":false,"path_per_floor":["M","M","M","$","?","R","M","R","T","M","R","E","M","M","R","B",null,"M","?","$","M","M"],"character_chosen":"DEFECT","items_purchased":["Capacitor","Conserve Battery","Ball Lightning"],"campfire_rested":1,"item_purchase_floors":[4,20,20],"current_hp_per_floor":[74,74,71,71,71,71,59,59,59,43,43,8,3,2,24,6,75,43,43,43,9,0],"gold":34,"neow_bonus":"BOSS_RELIC","is_prod":false,"is_daily":false,"chose_seed":false,"campfire_upgraded":3,"win_rate":0.0,"timestamp":1545276004,"path_taken":["M","M","M","$","?","R","M","R","T","M","R","E","?","?","R","BOSS","M","?","$","M","?"],"build_version":"2018-12-13","purchased_purges":2,"victory":false,"max_hp_per_floor":[75,75,75,75,75,75,75,75,75,75,75,75,75,75,75,75,75,75,75,75,75,75],"card_choices":[{"not_picked":["Hologram","Compile Driver"],"picked":"Rebound","floor":1},{"not_picked":["Ball Lightning","Steam"],"picked":"Tempest","floor":2},{"not_picked":["Melter","Barrage"],"picked":"Beam Cell","floor":3},{"not_picked":["Steam","Skim","Streamline"],"picked":"SKIP","floor":7},{"not_picked":["Chill","Ball Lightning","Steam"],"picked":"SKIP","floor":10},{"not_picked":["Biased Cognition","Stack"],"picked":"Scrape","floor":12},{"not_picked":["Redo","BootSequence"],"picked":"Rebound","floor":13},{"not_picked":["Ball Lightning","Coolheaded","Sweeping Beam"],"picked":"SKIP","floor":14},{"not_picked":["Machine Learning","Buffer"],"picked":"Multi-Cast","floor":16},{"not_picked":["Rebound","Redo"],"picked":"Coolheaded","floor":18},{"not_picked":["Cold Snap+1","Sweeping Beam+1"],"picked":"FTL","floor":21}],"player_experience":118954,"relics_obtained":[{"floor":9,"key":"Shuriken"},{"floor":12,"key":"Lantern"}],"event_choices":[{"damage_healed":0,"gold_gain":0,"cards_transformed":["Strike_B"],"player_choice":"Transformed","damage_taken":0,"max_hp_gain":0,"max_hp_loss":0,"event_name":"Transmorgrifier","floor":5,"gold_loss":0,"cards_obtained":["Streamline"]},{"damage_healed":0,"gold_gain":0,"player_choice":"Traded Relic","damage_taken":0,"relics_obtained":["Nloth\u0027s Gift"],"max_hp_gain":0,"max_hp_loss":0,"event_name":"N\u0027loth","floor":19,"relics_lost":["Snecko Eye"],"gold_loss":0}],"is_beta":false,"boss_relics":[{"not_picked":["Philosopher\u0027s Stone","Velvet Choker"],"picked":"Snecko Eye"}],"items_purged_floors":[4,20],"is_endless":false,"potions_floor_spawned":[7,12,13,14],"killed_by":"Sentry and Sphere","ascension_level":0}