{"gold_per_floor":[111,286,286,66,66,102,27,42,42,42,61,61,61,99,99,228,228,242,242,97,97,112,112,137,175,175,175,175,195,218,259,259,259],"floor_reached":33,"playtime":2233,"items_purged":["Doubt"],"score":316,"play_id":"d16fe390-85dc-4933-891e-4656dd41c520","local_time":"20190705184158","is_ascension_mode":false,"campfire_choices":[{"floor":13,"key":"REST"},{"floor":15,"key":"REST"},{"data":"Searing Blow+1","floor":23,"key":"SMITH"},{"floor":27,"key":"REST"},{"floor":32,"key":"REST"}],"neow_cost":"NONE","seed_source_timestamp":723634393559080,"circlet_count":0,"master_deck":["Strike_R","Strike_R","Strike_R","Strike_R","Strike_R","Defend_R","Defend_R","Defend_R","Defend_R","Bash","Blood for Blood","Feed","Heavy Blade","Clash","Searing Blow+2","Thunderclap+1","Barricade","Carnage+1","Headbutt+1","Iron Wave+1","Heavy Blade+1","Iron Wave+1","Heavy Blade+1","Whirlwind+1","Reckless Charge+1","Body Slam+1","Offering","Inflame"],"relics":["Burning Blood","Vajra","Golden Idol","Orichalcum","Shuriken","Molten Egg 2","Mummified Hand","Orrery","Oddly Smooth Stone","Omamori","Question Card","Meat on the Bone"],"potions_floor_usage":[24,25,31,31,33],"damage_taken":[{"damage":11,"enemies":"Jaw Worm","floor":1,"turns":3},{"damage":35,"enemies":"3 Sentries","floor":6,"turns":10},{"damage":4,"enemies":"Small Slimes","floor":8,"turns":3},{"damage":0,"enemies":"2 Louse","floor":11,"turns":1},{"damage":20,"enemies":"Lagavulin","floor":14,"turns":5},{"damage":2,"enemies":"Slime Boss","floor":16,"turns":7},{"damage":26,"enemies":"Shell Parasite","floor":18,"turns":5},{"damage":4,"enemies":"Chosen","floor":22,"turns":4},{"damage":32,"enemies":"Centurion and Healer","floor":24,"turns":6},{"damage":41,"enemies":"Slavers","floor":25,"turns":4},{"damage":27,"enemies":"Sentry and Sphere","floor":29,"turns":4},{"damage":9,"enemies":"Snecko","floor":30,"turns":3},{"damage":28,"enemies":"Gremlin Leader","floor":31,"turns":6},{"damage":85,"enemies":"Automaton","floor":33,"turns":6}],"seed_played":"-5280682213608391137","potions_obtained":[{"floor":6,"key":"GamblersBrew"},{"floor":14,"key":"SneckoOil"},{"floor":16,"key":"Fruit Juice"},{"floor":24,"key":"BloodPotion"},{"floor":29,"key":"SpeedPotion"},{"floor":31,"key":"Poison Potion"}],"is_trial":false,"path_per_floor":["M","?","?","$","?","E","$","M","T","$","M","?","R","E","R","B",null,"M","?","$","?","M","R","M","E","T","R","?","M","M","E","R","B"],"character_chosen":"IRONCLAD","items_purchased":["Feed","Orichalcum","Oddly Smooth Stone"],"campfire_rested":4,"item_purchase_floors":[4,4,20],"current_hp_per_floor":[75,75,55,55,55,26,26,28,28,28,37,42,68,54,80,84,88,68,68,68,68,70,70,52,41,41,69,69,48,45,23,51,0],"gold":259,"neow_bonus":"RANDOM_COMMON_RELIC","is_prod":false,"is_daily":false,"chose_seed":false,"campfire_upgraded":1,"win_rate":0.0,"timestamp":1562348518,"path_taken":["M","?","?","$","?","E","$","M","T","?","M","?","R","E","R","BOSS","M","?","$","?","?","R","M","E","T","R","?","M","M","E","R","BOSS"],"build_version":"2019-07-01","purchased_purges":1,"victory":false,"max_hp_per_floor":[80,80,80,80,80,80,80,80,80,80,83,88,88,88,88,88,88,88,88,88,88,88,88,96,96,96,96,96,96,96,96,96,96],"card_choices":[{"not_picked":["Cleave","Body Slam"],"picked":"Blood for Blood","floor":1},{"not_picked":["Burning Pact","Entrench"],"picked":"Heavy Blade","floor":6},{"not_picked":["True Grit","Armaments"],"picked":"Clash","floor":8},{"not_picked":["Sever Soul+1","Armaments"],"picked":"Searing Blow+1","floor":11},{"not_picked":["Rupture","Bloodletting"],"picked":"Thunderclap+1","floor":14},{"not_picked":["Dark Embrace","Offering"],"picked":"Barricade","floor":16},{"not_picked":["Rupture","Warcry"],"picked":"Carnage+1","floor":17},{"not_picked":["Twin Strike+1","Clothesline+1"],"picked":"Headbutt+1","floor":17},{"not_picked":["Flex","Dropkick+1"],"picked":"Iron Wave+1","floor":17},{"not_picked":["Uppercut+1","Flex"],"picked":"Heavy Blade+1","floor":17},{"not_picked":["Twin Strike+1","Shrug It Off"],"picked":"Iron Wave+1","floor":17},{"not_picked":["Second Wind","Barricade","Shrug It Off"],"picked":"SKIP","floor":18},{"not_picked":["Twin Strike+1","Body Slam+1"],"picked":"Heavy Blade+1","floor":22},{"not_picked":["Thunderclap+1","Armaments"],"picked":"Whirlwind+1","floor":24},{"not_picked":["Combust","Body Slam+1"],"picked":"Reckless Charge+1","floor":25},{"not_picked":["Cleave+1","Headbutt+1","Whirlwind+1"],"picked":"Body Slam+1","floor":29},{"not_picked":["Body Slam+1","True Grit+1","Clothesline+1"],"picked":"Offering","floor":30},{"not_picked":["Warcry","Perfected Strike+1","Shrug It Off"],"picked":"Inflame","floor":31}],"player_experience":17169,"relics_obtained":[{"floor":6,"key":"Shuriken"},{"floor":9,"key":"Molten Egg 2"},{"floor":14,"key":"Mummified Hand"},{"floor":25,"key":"Omamori"},{"floor":26,"key":"Question Card"},{"floor":31,"key":"Meat on the Bone"}],"event_choices":[{"damage_healed":0,"gold_gain":175,"player_choice":"AGREE","damage_taken":0,"max_hp_gain":0,"max_hp_loss":0,"event_name":"Liars Game","floor":2,"gold_loss":0,"cards_obtained":["Doubt"]},{"damage_healed":0,"gold_gain":0,"player_choice":"Take Damage","damage_taken":20,"relics_obtained":["Golden Idol"],"max_hp_gain":0,"max_hp_loss":0,"event_name":"Golden Idol","floor":3,"gold_loss":0},{"damage_healed":0,"gold_gain":0,"player_choice":"Ignored","damage_taken":0,"max_hp_gain":0,"max_hp_loss":0,"event_name":"Shining Light","floor":5,"gold_loss":0},{"damage_healed":0,"gold_gain":0,"player_choice":"Donut","damage_taken":0,"max_hp_gain":5,"max_hp_loss":0,"event_name":"Big Fish","floor":12,"gold_loss":0},{"damage_healed":0,"gold_gain":0,"player_choice":"Ignored","damage_taken":0,"max_hp_gain":0,"max_hp_loss":0,"event_name":"Ghosts","floor":19,"gold_loss":0},{"damage_healed":0,"gold_gain":0,"player_choice":"Ignored","damage_taken":0,"max_hp_gain":0,"max_hp_loss":0,"event_name":"Beggar","floor":21,"gold_loss":0},{"damage_healed":0,"gold_gain":0,"player_choice":"Smashed Altar","damage_taken":0,"max_hp_gain":0,"max_hp_loss":0,"event_name":"Forgotten Altar","floor":28,"gold_loss":0,"cards_obtained":["Decay"]}],"is_beta":false,"boss_relics":[{"not_picked":["Cursed Key","Black Blood"],"picked":"Orrery"}],"items_purged_floors":[7],"is_endless":false,"potions_floor_spawned":[6,14,16,22,24,29,31],"killed_by":"Automaton","ascension_level":0}