{"gold_per_floor":[115,115,190,42,59,59,94,94,164,89,89,89,99,119,119,119],"floor_reached":16,"playtime":739,"items_purged":["Regret"],"score":118,"play_id":"fdcd3720-ec50-47c1-9549-7ae818e3e6cc","local_time":"20190104225243","is_ascension_mode":true,"campfire_choices":[{"data":"Bash","floor":6,"key":"SMITH"},{"data":"Dual Wield","floor":8,"key":"SMITH"},{"data":"Inflame","floor":12,"key":"SMITH"},{"data":"Whirlwind","floor":15,"key":"SMITH"}],"neow_cost":"NONE","seed_source_timestamp":11369373464541,"circlet_count":0,"master_deck":["Strike_R","Strike_R","Strike_R","Strike_R","Strike_R","Defend_R","Defend_R","Defend_R","Bash+1","Dual Wield+1","Inflame+1","Anger","Whirlwind+1"],"relics":["Burning Blood","Ornamental Fan","PreservedInsect","Oddly Smooth Stone","Bottled Tornado"],"potions_floor_usage":[5,7,16],"damage_taken":[{"damage":19,"enemies":"Small Slimes","floor":1,"turns":4},{"damage":3,"enemies":"2 Louse","floor":5,"turns":3},{"damage":35,"enemies":"3 Sentries","floor":7,"turns":9},{"damage":0,"enemies":"Cultist","floor":13,"turns":2},{"damage":10,"enemies":"Gremlin Gang","floor":14,"turns":2},{"damage":33,"enemies":"The Guardian","floor":16,"turns":10}],"seed_played":"-5077746910416728319","potions_obtained":[{"floor":1,"key":"Block Potion"},{"floor":5,"key":"Explosive Potion"},{"floor":7,"key":"SteroidPotion"}],"is_trial":false,"path_per_floor":["M","?","?","$","M","R","E","R","T","$","?","R","M","M","R","B"],"character_chosen":"IRONCLAD","items_purchased":["PreservedInsect"],"campfire_rested":0,"item_purchase_floors":[4],"current_hp_per_floor":[67,67,56,56,59,59,30,30,30,30,30,30,36,32,32,0],"gold":119,"neow_bonus":"THREE_CARDS","is_prod":false,"is_daily":false,"chose_seed":false,"campfire_upgraded":4,"win_rate":0,"timestamp":1546667563,"path_taken":["M","?","?","$","M","R","E","R","T","$","?","R","M","?","R","BOSS"],"build_version":"2019-01-03v4","purchased_purges":1,"victory":false,"max_hp_per_floor":[80,80,80,80,80,80,80,80,80,80,80,80,80,80,80,80],"card_choices":[{"not_picked":["True Grit","Rampage"],"picked":"Dual Wield","floor":0},{"not_picked":["Perfected Strike","Burning Pact","Sentinel"],"picked":"SKIP","floor":1},{"not_picked":["Seeing Red","Cleave","Evolve"],"picked":"SKIP","floor":5},{"not_picked":["Flex","Clash"],"picked":"Inflame","floor":7},{"not_picked":["Iron Wave","Twin Strike"],"picked":"Whirlwind","floor":13},{"not_picked":["Flex","Whirlwind","Havoc"],"picked":"SKIP","floor":14}],"player_experience":247065,"relics_obtained":[{"floor":7,"key":"Oddly Smooth Stone"},{"floor":9,"key":"Bottled Tornado"}],"event_choices":[{"damage_healed":0,"gold_gain":0,"player_choice":"Box","damage_taken":0,"relics_obtained":["Ornamental Fan"],"max_hp_gain":0,"max_hp_loss":0,"event_name":"Big Fish","floor":2,"gold_loss":0,"cards_obtained":["Regret"]},{"damage_healed":0,"gold_gain":75,"player_choice":"Gather Gold","damage_taken":11,"max_hp_gain":0,"max_hp_loss":0,"event_name":"World of Goop","floor":3,"gold_loss":0},{"damage_healed":0,"gold_gain":0,"cards_transformed":["Defend_R"],"player_choice":"Transformed","damage_taken":0,"max_hp_gain":0,"max_hp_loss":0,"event_name":"Transmorgrifier","floor":11,"gold_loss":0,"cards_obtained":["Anger"]}],"is_beta":false,"boss_relics":[],"items_purged_floors":[10],"is_endless":false,"potions_floor_spawned":[1,5,7],"killed_by":"The Guardian","ascension_level":4}