{"gold_per_floor":[118,68,82,82,7,7,27,103,130,130,163,163,63,63,63,193,193,216,216,216,141,141,141],"floor_reached":23,"playtime":909,"items_purged":["Strike_R","Strike_R"],"score":220,"play_id":"b9c688ec-9b14-4dc3-94da-fa2e61465a69","local_time":"20190104234152","is_ascension_mode":true,"campfire_choices":[{"data":"Pommel Strike","floor":6,"key":"SMITH"},{"data":"Dual Wield","floor":12,"key":"SMITH"},{"floor":15,"key":"RECALL"}],"neow_cost":"NONE","seed_source_timestamp":14147447536894,"circlet_count":0,"master_deck":["Strike_R","Defend_R","Defend_R","Defend_R","Bash","Pommel Strike+1","Dual Wield+1","Double Tap"],"relics":["Burning Blood","Juzu Bracelet","Golden Idol","Gremlin Horn","Lantern","Blood Vial","Runic Cube","MutagenicStrength"],"potions_floor_usage":[16,23],"damage_taken":[{"damage":8,"enemies":"Jaw Worm","floor":1,"turns":4},{"damage":0,"enemies":"Small Slimes","floor":3,"turns":3},{"damage":1,"enemies":"Cultist","floor":7,"turns":3},{"damage":32,"enemies":"Gremlin Nob","floor":11,"turns":4},{"damage":38,"enemies":"Slime Boss","floor":16,"turns":6},{"damage":27,"enemies":"3 Byrds","floor":18,"turns":5},{"damage":72,"enemies":"Gremlin Leader","floor":23,"turns":6}],"seed_played":"8728037489786816459","potions_obtained":[{"floor":1,"key":"Swift Potion"},{"floor":3,"key":"FearPotion"},{"floor":11,"key":"Explosive Potion"}],"is_trial":false,"path_per_floor":["M","?","M","?","$","R","M","T","T","?","E","R","$","?","R","B",null,"M","?","?","?","?","E"],"character_chosen":"IRONCLAD","items_purchased":[],"campfire_rested":0,"item_purchase_floors":[],"current_hp_per_floor":[78,78,80,60,60,60,65,65,65,65,39,39,39,65,65,35,80,59,59,59,59,59,0],"gold":141,"neow_bonus":"RANDOM_COMMON_RELIC","is_prod":false,"is_daily":false,"chose_seed":false,"campfire_upgraded":2,"win_rate":0,"timestamp":1546670512,"path_taken":["M","?","M","?","$","R","M","?","T","?","E","R","$","?","R","BOSS","M","?","?","?","?","E"],"build_version":"2019-01-03v4","purchased_purges":2,"victory":false,"max_hp_per_floor":[80,80,80,80,80,80,80,80,80,80,80,80,80,80,80,80,80,80,80,80,80,80,80],"card_choices":[{"not_picked":["Wild Strike","Heavy Blade","Dropkick"],"picked":"SKIP","floor":1},{"not_picked":["Whirlwind","Clothesline"],"picked":"Pommel Strike","floor":3},{"not_picked":["Rage","Inflame"],"picked":"Dual Wield","floor":7},{"not_picked":["Heavy Blade","Battle Trance","Hemokinesis"],"picked":"SKIP","floor":11},{"not_picked":["Immolate","Demon Form"],"picked":"Double Tap","floor":16},{"not_picked":["Havoc+1","Body Slam","Pummel"],"picked":"SKIP","floor":18}],"player_experience":249813,"relics_obtained":[{"floor":8,"key":"Gremlin Horn"},{"floor":9,"key":"Lantern"},{"floor":11,"key":"Blood Vial"}],"event_choices":[{"cards_removed":["Defend_R"],"damage_healed":0,"gold_gain":0,"player_choice":"Card Removal","damage_taken":0,"max_hp_gain":0,"max_hp_loss":0,"event_name":"The Cleric","floor":2,"gold_loss":50},{"damage_healed":0,"gold_gain":0,"player_choice":"Take Damage","damage_taken":20,"relics_obtained":["Golden Idol"],"max_hp_gain":0,"max_hp_loss":0,"event_name":"Golden Idol","floor":4,"gold_loss":0},{"damage_healed":0,"gold_gain":0,"player_choice":"Ignored","damage_taken":0,"max_hp_gain":0,"max_hp_loss":0,"event_name":"Liars Game","floor":10,"gold_loss":0},{"damage_healed":26,"gold_gain":0,"player_choice":"Banana","damage_taken":0,"max_hp_gain":0,"max_hp_loss":0,"event_name":"Big Fish","floor":14,"gold_loss":0},{"cards_removed":["Strike_R"],"damage_healed":0,"gold_gain":0,"player_choice":"Elegance","damage_taken":0,"max_hp_gain":0,"max_hp_loss":0,"event_name":"Back to Basics","floor":19,"gold_loss":0},{"damage_healed":0,"gold_gain":0,"player_choice":"Inject Mutagens","damage_taken":0,"relics_obtained":["MutagenicStrength"],"max_hp_gain":0,"max_hp_loss":0,"event_name":"Drug Dealer","floor":20,"gold_loss":0},{"cards_removed":["Strike_R"],"damage_healed":0,"gold_gain":0,"player_choice":"Gave Gold","damage_taken":0,"max_hp_gain":0,"max_hp_loss":0,"event_name":"Beggar","floor":21,"gold_loss":75}],"is_beta":false,"boss_relics":[{"not_picked":["Coffee Dripper","Pandora\u0027s Box"],"picked":"Runic Cube"}],"items_purged_floors":[5,13],"is_endless":false,"potions_floor_spawned":[1,3,11],"killed_by":"Gremlin Leader","ascension_level":4}