{"gold_per_floor":[115,135,149,161,7,36,56,56,81,81,106,106,106,134,134,231,231,250,81,92,112,131,131,131],"floor_reached":24,"playtime":1774,"items_purged":[],"score":229,"play_id":"fe95a26c-8db6-42fe-92f2-8539a91d472b","local_time":"20190706193444","is_ascension_mode":true,"campfire_choices":[{"floor":8,"key":"REST"},{"floor":10,"key":"REST"},{"floor":15,"key":"REST"},{"floor":23,"key":"REST"}],"neow_cost":"NONE","seed_source_timestamp":757102604292343,"circlet_count":0,"master_deck":["Strike_R","Strike_R+1","Strike_R","Strike_R","Strike_R+1","Defend_R","Defend_R","Defend_R","Defend_R","Bash","Berserk","Seeing Red","Battle Trance","Dual Wield","Thunderclap","Headbutt","Headbutt","Cleave","Perfected Strike","Double Tap","Regret","Injury","Parasite","Armaments+1","Flex+1","Shrug It Off+1","Pommel Strike+1","Blood for Blood"],"relics":["Burning Blood","Whetstone","Blue Candle","Strawberry","Vajra","Potion Belt","Bottled Flame","Calling Bell","Centennial Puzzle","Toxic Egg 2","Torii","Pen Nib"],"potions_floor_usage":[22,24],"damage_taken":[{"damage":1,"enemies":"Jaw Worm","floor":1,"turns":3},{"damage":0,"enemies":"2 Louse","floor":2,"turns":3},{"damage":4,"enemies":"Cultist","floor":3,"turns":3},{"damage":15,"enemies":"2 Fungi Beasts","floor":4,"turns":4},{"damage":31,"enemies":"Lagavulin","floor":6,"turns":6},{"damage":20,"enemies":"Blue Slaver","floor":7,"turns":3},{"damage":33,"enemies":"Gremlin Nob","floor":11,"turns":4},{"damage":27,"enemies":"3 Sentries","floor":14,"turns":4},{"damage":11,"enemies":"Slime Boss","floor":16,"turns":6},{"damage":8,"enemies":"Chosen","floor":18,"turns":3},{"damage":27,"enemies":"2 Thieves","floor":20,"turns":3},{"damage":32,"enemies":"Centurion and Healer","floor":21,"turns":5},{"damage":30,"enemies":"Cultist and Chosen","floor":22,"turns":7},{"damage":41,"enemies":"Slavers","floor":24,"turns":3}],"seed_played":"6582906010143323459","potions_obtained":[{"floor":1,"key":"SpeedPotion"},{"floor":16,"key":"LiquidBronze"},{"floor":18,"key":"PowerPotion"},{"floor":22,"key":"Strength Potion"}],"is_trial":false,"path_per_floor":["M","M","M","M","$","E","M","R","T","R","E","?","?","E","R","B",null,"M","$","M","M","M","R","E"],"character_chosen":"IRONCLAD","items_purchased":["Whetstone","Pen Nib","Flex+1"],"campfire_rested":4,"item_purchase_floors":[5,19,19],"current_hp_per_floor":[80,80,80,71,71,46,32,56,63,87,60,60,48,27,53,48,87,85,85,64,38,14,40,0],"gold":131,"neow_bonus":"ONE_RANDOM_RARE_CARD","is_prod":false,"is_daily":false,"chose_seed":false,"campfire_upgraded":0,"win_rate":0,"timestamp":1562438084,"path_taken":["M","M","M","M","$","E","M","R","T","R","E","?","?","E","R","BOSS","M","$","M","M","M","R","E"],"build_version":"2019-07-05","purchased_purges":0,"victory":false,"max_hp_per_floor":[80,80,80,80,80,80,80,80,87,87,87,87,87,87,87,87,87,87,87,87,87,87,87,87],"card_choices":[{"not_picked":["Clash","Twin Strike"],"picked":"Seeing Red","floor":1},{"not_picked":["Anger","Twin Strike"],"picked":"Battle Trance","floor":2},{"not_picked":["Anger","Twin Strike"],"picked":"Dual Wield","floor":3},{"not_picked":["Perfected Strike","Wild Strike"],"picked":"Thunderclap","floor":4},{"not_picked":["Combust","Fire Breathing"],"picked":"Headbutt","floor":6},{"not_picked":["Rupture","True Grit"],"picked":"Headbutt","floor":7},{"not_picked":["Havoc","Headbutt"],"picked":"Cleave","floor":11},{"not_picked":["Intimidate","Sword Boomerang"],"picked":"Perfected Strike","floor":14},{"not_picked":["Bludgeon","Immolate"],"picked":"Double Tap","floor":16},{"not_picked":["Warcry+1","Wild Strike+1"],"picked":"Armaments+1","floor":18},{"not_picked":["Headbutt","Metallicize"],"picked":"Shrug It Off+1","floor":20},{"not_picked":["Hemokinesis","Inflame"],"picked":"Pommel Strike+1","floor":21},{"not_picked":["Armaments+1","Havoc+1"],"picked":"Blood for Blood","floor":22}],"player_experience":41802,"relics_obtained":[{"floor":6,"key":"Blue Candle"},{"floor":9,"key":"Strawberry"},{"floor":11,"key":"Vajra"},{"floor":14,"key":"Bottled Flame"},{"floor":17,"key":"Centennial Puzzle"},{"floor":17,"key":"Toxic Egg 2"},{"floor":17,"key":"Torii"}],"event_choices":[{"damage_healed":0,"gold_gain":0,"player_choice":"Ignored","damage_taken":0,"max_hp_gain":0,"max_hp_loss":0,"event_name":"Golden Wing","floor":12,"gold_loss":0},{"damage_healed":0,"gold_gain":0,"player_choice":"Success","damage_taken":12,"relics_obtained":["Potion Belt"],"max_hp_gain":0,"max_hp_loss":0,"event_name":"Scrap Ooze","floor":13,"gold_loss":0}],"is_beta":false,"boss_relics":[{"not_picked":["Tiny House","Snecko Eye"],"picked":"Calling Bell"}],"items_purged_floors":[],"is_endless":false,"potions_floor_spawned":[1,7,14,16,18,22],"killed_by":"Slavers","ascension_level":1}