{"gold_per_floor":[110,35,54,54,68,68,80,80,80,113,113,127,127,4,4,103,103,116,132,142,156,156,156,174,174,225,225,243,268,286,305,305,402,402,415,433,31,44,44,0,30,50,50,60,60,11,11,29,29,29],"floor_reached":51,"playtime":4729,"items_purged":["Strike_B","Strike_B","Regret"],"score":728,"play_id":"e7f311c7-a780-4a4c-9256-e2f9ce72b2e8","local_time":"20181220133309","is_ascension_mode":false,"campfire_choices":[{"data":"Zap","floor":6,"key":"SMITH"},{"data":"Defend_B","floor":8,"key":"SMITH"},{"data":"Dualcast","floor":13,"key":"SMITH"},{"data":"Conserve Battery","floor":15,"key":"SMITH"},{"data":"Coolheaded","floor":23,"key":"SMITH"},{"data":"Purity","floor":25,"key":"SMITH"},{"data":"Defend_B","floor":27,"key":"SMITH"},{"data":"Consume","floor":32,"key":"SMITH"},{"data":"Seek","floor":45,"key":"SMITH"},{"data":"Amplify","floor":47,"key":"SMITH"},{"data":"Force Field","floor":49,"key":"SMITH"}],"neow_cost":"NONE","seed_source_timestamp":97177407400818,"circlet_count":0,"master_deck":["Strike_B","Defend_B+1","Defend_B","Defend_B","Defend_B+1","Zap+1","Dualcast+1","Purity+1","Coolheaded+1","Defragment+1","Biased Cognition+1","Conserve Battery+1","Machine Learning+1","Capacitor+1","Coolheaded+1","Self Repair+1","Redo+1","Echo Form+1","Force Field+1","Seek+1","Consume+1","Capacitor+1","Amplify+1","Double Energy+1","Skim","Loop+1","Barrage+1","Multi-Cast","Parasite","Sweeping Beam","Hologram+1"],"relics":["Cracked Core","Frozen Egg 2","Letter Opener","Mummified Hand","CultistMask","Coffee Dripper","Strawberry","Thread and Needle","Nuclear Battery","Singing Bowl","Red Mask","Bottled Flame","Toxic Egg 2"],"potions_floor_usage":[16,28,28,29,30,33,41,44,44,50,50],"damage_taken":[{"damage":5,"enemies":"Small Slimes","floor":1,"turns":3},{"damage":0,"enemies":"Cultist","floor":3,"turns":4},{"damage":4,"enemies":"Jaw Worm","floor":5,"turns":3},{"damage":11,"enemies":"Blue Slaver","floor":7,"turns":3},{"damage":13,"enemies":"Lagavulin","floor":10,"turns":7},{"damage":1,"enemies":"Large Slime","floor":12,"turns":4},{"damage":7,"enemies":"Slime Boss","floor":16,"turns":10},{"damage":1,"enemies":"Spheric Guardian","floor":18,"turns":4},{"damage":5,"enemies":"Shell Parasite","floor":19,"turns":6},{"damage":10,"enemies":"Snake Plant","floor":20,"turns":4},{"damage":6,"enemies":"Shelled Parasite and Fungi","floor":21,"turns":5},{"damage":0,"enemies":"Chosen and Byrds","floor":24,"turns":6},{"damage":1,"enemies":"Cultist and Chosen","floor":28,"turns":6},{"damage":17,"enemies":"Book of Stabbing","floor":29,"turns":5},{"damage":14,"enemies":"Snake Plant","floor":30,"turns":4},{"damage":3,"enemies":"Sentry and Sphere","floor":31,"turns":4},{"damage":30,"enemies":"Collector","floor":33,"turns":9},{"damage":17,"enemies":"3 Shapes","floor":35,"turns":4},{"damage":12,"enemies":"Orb Walker","floor":36,"turns":4},{"damage":0,"enemies":"Maw","floor":38,"turns":6},{"damage":0,"enemies":"Giant Head","floor":41,"turns":7},{"damage":31,"enemies":"Jaw Worm Horde","floor":42,"turns":5},{"damage":24,"enemies":"Writhing Mass","floor":44,"turns":5},{"damage":21,"enemies":"Maw","floor":48,"turns":5},{"damage":35,"enemies":"Awakened One","floor":50,"turns":11}],"seed_played":"-8762519169312835785","potions_obtained":[{"floor":3,"key":"SteroidPotion"},{"floor":7,"key":"Weak Potion"},{"floor":19,"key":"AttackPotion"},{"floor":24,"key":"SteroidPotion"},{"floor":29,"key":"LiquidBronze"},{"floor":31,"key":"EssenceOfSteel"},{"floor":35,"key":"Swift Potion"},{"floor":36,"key":"SkillPotion"},{"floor":42,"key":"Poison Potion"},{"floor":44,"key":"Strength Potion"},{"floor":48,"key":"Dexterity Potion"}],"is_trial":false,"path_per_floor":["M","$","M","?","M","R","M","R","T","E","?","M","R","$","R","B",null,"M","M","M","M","?","R","M","R","T","R","M","E","M","M","R","B",null,"M","M","$","M","?","?","E","M","T","M","R","$","R","M","R","B",null],"character_chosen":"DEFECT","items_purchased":["Conserve Battery","Singing Bowl","Skim","Sweeping Beam"],"campfire_rested":0,"item_purchase_floors":[14,37,37,46],"current_hp_per_floor":[70,70,70,70,66,66,55,55,55,42,42,41,41,41,41,34,75,74,69,59,63,63,63,73,73,80,80,82,75,81,82,82,62,82,82,82,82,82,82,82,82,71,71,49,49,49,49,48,48,23],"gold":29,"neow_bonus":"RANDOM_COLORLESS","is_prod":false,"is_daily":false,"chose_seed":false,"campfire_upgraded":11,"win_rate":0.0,"timestamp":1545337989,"path_taken":["M","$","M","?","M","R","M","R","T","E","?","M","R","$","R","BOSS","M","?","?","M","?","R","M","R","T","R","M","E","M","M","R","BOSS","M","M","$","M","?","?","E","M","T","M","R","$","R","M","R","BOSS"],"build_version":"2018-12-13","purchased_purges":3,"victory":true,"max_hp_per_floor":[75,75,75,75,75,75,75,75,75,75,75,75,75,75,75,75,75,75,75,75,75,75,75,75,75,82,82,82,82,82,82,82,82,82,82,82,82,82,82,82,82,82,82,84,84,84,84,84,84,84],"card_choices":[{"not_picked":["Tempest","Cold Snap"],"picked":"Coolheaded","floor":1},{"not_picked":["Cold Snap","Capacitor","Steam Power"],"picked":"SKIP","floor":3},{"not_picked":["Rebound","Gash"],"picked":"Defragment+1","floor":5},{"not_picked":["Fusion","Compile Driver","Ball Lightning"],"picked":"SKIP","floor":7},{"not_picked":["Compile Driver","Chill"],"picked":"Biased Cognition+1","floor":10},{"not_picked":["BootSequence","Barrage","Beam Cell"],"picked":"SKIP","floor":12},{"not_picked":["Reboot","Amplify"],"picked":"Machine Learning+1","floor":16},{"not_picked":["Skim+1","Ball Lightning"],"picked":"Capacitor+1","floor":18},{"not_picked":["Aggregate","Reprogram"],"picked":"Coolheaded+1","floor":19},{"not_picked":["Auto Shields","Hologram"],"picked":"Self Repair+1","floor":20},{"not_picked":["Darkness","Compile Driver"],"picked":"Redo+1","floor":21},{"not_picked":["Gash","Sweeping Beam","Darkness"],"picked":"SKIP","floor":24},{"not_picked":["Reinforced Body","Ball Lightning"],"picked":"Force Field","floor":28},{"not_picked":["Doom and Gloom","Rebound+1"],"picked":"Seek","floor":29},{"not_picked":["Leap","Barrage"],"picked":"Consume","floor":30},{"not_picked":["Beam Cell+1","Aggregate+1"],"picked":"Capacitor+1","floor":31},{"not_picked":["Biased Cognition+1","Fission"],"picked":"Amplify","floor":33},{"not_picked":["Capacitor+1","Ball Lightning+1"],"picked":"Double Energy+1","floor":35},{"not_picked":["Compile Driver","Redo","Sweeping Beam"],"picked":"SKIP","floor":36},{"not_picked":["Glacier+1","Redo+1"],"picked":"Loop+1","floor":38},{"not_picked":["Coolheaded","Genetic Algorithm"],"picked":"Barrage+1","floor":41},{"not_picked":["Ball Lightning+1","Reinforced Body+1"],"picked":"Multi-Cast","floor":42},{"not_picked":["Steam+1","Cold Snap+1","Aggregate+1"],"picked":"Singing Bowl","floor":44},{"not_picked":["Sweeping Beam+1","Defragment+1"],"picked":"Hologram+1","floor":48}],"player_experience":120028,"relics_obtained":[{"floor":9,"key":"Letter Opener"},{"floor":10,"key":"Mummified Hand"},{"floor":26,"key":"Strawberry"},{"floor":29,"key":"Thread and Needle"},{"floor":41,"key":"Bottled Flame"},{"floor":43,"key":"Toxic Egg 2"}],"event_choices":[{"damage_healed":0,"gold_gain":0,"player_choice":"Box","damage_taken":0,"relics_obtained":["Frozen Egg 2"],"max_hp_gain":0,"max_hp_loss":0,"event_name":"Big Fish","floor":4,"gold_loss":0,"cards_obtained":["Regret"]},{"damage_healed":0,"gold_gain":0,"player_choice":"Trade","damage_taken":0,"relics_obtained":["CultistMask"],"max_hp_gain":0,"max_hp_loss":0,"event_name":"FaceTrader","floor":11,"gold_loss":0},{"damage_healed":0,"gold_gain":0,"player_choice":"Read","damage_taken":0,"max_hp_gain":0,"max_hp_loss":0,"event_name":"The Library","floor":22,"gold_loss":0,"cards_obtained":["Echo Form"]},{"cards_removed":["Strike_B"],"damage_healed":0,"gold_gain":0,"player_choice":"Removed Attack","damage_taken":0,"max_hp_gain":0,"max_hp_loss":0,"event_name":"Falling","floor":39,"gold_loss":0},{"damage_healed":0,"gold_gain":0,"player_choice":"Paid","damage_taken":0,"relics_obtained":["Red Mask"],"max_hp_gain":0,"max_hp_loss":0,"event_name":"Tomb of Lord Red Mask","floor":40,"gold_loss":44}],"is_beta":false,"boss_relics":[{"not_picked":["Black Star","Orrery"],"picked":"Coffee Dripper"},{"not_picked":["Runic Dome","Cursed Key"],"picked":"Nuclear Battery"}],"items_purged_floors":[2,14,37],"is_endless":false,"potions_floor_spawned":[3,7,19,24,29,31,35,36,42,44,48],"ascension_level":0}