{"gold_per_floor":[109,119,137,152,152,152,177,177,247,266,289,289,303,36,36,135,135],"floor_reached":17,"playtime":869,"items_purged":[],"score":173,"play_id":"381a4da1-5ecd-404a-9292-04acb6d3f012","local_time":"20190813132211","is_ascension_mode":true,"campfire_choices":[{"floor":6,"key":"REST"},{"data":"Shrug It Off","floor":12,"key":"SMITH"},{"data":"Metallicize","floor":15,"key":"SMITH"}],"neow_cost":"NONE","seed_source_timestamp":306011632432401,"circlet_count":0,"master_deck":["Strike_R","Strike_R","Strike_R","Strike_R","Strike_R","Defend_R+1","Defend_R","Defend_R+1","Defend_R","Bash","Impervious","Shrug It Off+1","Cleave","Bludgeon","Offering","Parasite","Metallicize+1","Hemokinesis","Fiend Fire"],"relics":["Burning Blood","Dead Branch","Dodecahedron","Anchor","War Paint"],"potions_floor_usage":[13,16],"damage_taken":[{"damage":9,"enemies":"2 Louse","floor":1,"turns":3},{"damage":0,"enemies":"Jaw Worm","floor":2,"turns":6},{"damage":5,"enemies":"Cultist","floor":3,"turns":5},{"damage":39,"enemies":"Exordium Thugs","floor":4,"turns":7},{"damage":28,"enemies":"Gremlin Nob","floor":7,"turns":4},{"damage":14,"enemies":"3 Louse","floor":10,"turns":4},{"damage":2,"enemies":"Lots of Slimes","floor":13,"turns":5},{"damage":58,"enemies":"Hexaghost","floor":16,"turns":14}],"seed_played":"6021319846591479023","potions_obtained":[{"floor":4,"key":"Strength Potion"},{"floor":10,"key":"Block Potion"}],"is_trial":false,"path_per_floor":["M","M","M","M","?","R","E","?","T","M","T","R","M","$","R","B",null],"character_chosen":"IRONCLAD","items_purchased":["War Paint","Hemokinesis","AttackPotion"],"campfire_rested":1,"item_purchase_floors":[14,14,14],"current_hp_per_floor":[77,80,80,47,47,71,49,69,69,61,61,61,65,65,65,13,13],"gold":135,"neow_bonus":"ONE_RANDOM_RARE_CARD","is_prod":false,"is_daily":false,"chose_seed":false,"campfire_upgraded":2,"win_rate":0,"timestamp":1565716931,"path_taken":["M","M","M","M","?","R","E","?","T","M","?","R","M","$","R","BOSS"],"build_version":"2019-07-17","purchased_purges":0,"victory":false,"max_hp_per_floor":[80,80,80,80,80,80,80,80,80,80,80,80,80,80,80,80,80],"card_choices":[{"not_picked":["Sword Boomerang","Perfected Strike"],"picked":"Shrug It Off","floor":1},{"not_picked":["Headbutt","Blood for Blood"],"picked":"Cleave","floor":2},{"not_picked":["Havoc","Flex","Twin Strike"],"picked":"SKIP","floor":3},{"not_picked":["Warcry","Clash"],"picked":"Bludgeon","floor":4},{"not_picked":["Rage","Hemokinesis"],"picked":"Offering","floor":7},{"not_picked":["Bloodletting","Inflame"],"picked":"Metallicize","floor":10},{"not_picked":["True Grit","Twin Strike","Bloodletting"],"picked":"SKIP","floor":13},{"not_picked":["Limit Break","Reaper"],"picked":"Fiend Fire","floor":16}],"player_experience":98703,"relics_obtained":[{"floor":7,"key":"Dead Branch"},{"floor":9,"key":"Dodecahedron"},{"floor":11,"key":"Anchor"}],"event_choices":[{"damage_healed":0,"gold_gain":0,"player_choice":"Ignored","damage_taken":0,"max_hp_gain":0,"max_hp_loss":0,"event_name":"Liars Game","floor":5,"gold_loss":0},{"damage_healed":20,"gold_gain":0,"player_choice":"Healed and dodged fight","damage_taken":0,"max_hp_gain":0,"max_hp_loss":0,"event_name":"Mushrooms","floor":8,"gold_loss":0,"cards_obtained":["Parasite"]}],"is_beta":false,"boss_relics":[],"items_purged_floors":[],"is_endless":false,"potions_floor_spawned":[4,10],"ascension_level":2}