{"gold_per_floor":[111,121,74,90,90,90,15,15,42,42,42,58,133,151,151,247,247,261,277,277,143,153,153,153],"floor_reached":24,"playtime":1410,"items_purged":["Defend_R","Strike_R"],"score":285,"play_id":"9d5d13b7-e3c9-44a7-a4c7-ef45db34eec3","local_time":"20190811182723","is_ascension_mode":true,"campfire_choices":[{"floor":6,"key":"REST"},{"data":"Armaments","floor":8,"key":"SMITH"},{"data":"Rupture","floor":11,"key":"SMITH"},{"floor":15,"key":"REST"},{"floor":23,"key":"REST"}],"neow_cost":"CURSE","seed_source_timestamp":81585354286763,"circlet_count":0,"master_deck":["Strike_R","Strike_R","Strike_R","Strike_R","Defend_R","Defend_R","Defend_R","Bash+1","Pain","Searing Blow+1","Rupture+1","Armaments+1","Clash","Clothesline","Twin Strike","Brutality","Burning Pact+1","Decay","Blood for Blood","Wild Strike+1"],"relics":["Burning Blood","Bottled Lightning","Whetstone","Busted Crown"],"potions_floor_usage":[14,22,24,24],"damage_taken":[{"damage":25,"enemies":"Cultist","floor":1,"turns":5},{"damage":17,"enemies":"Small Slimes","floor":2,"turns":4},{"damage":19,"enemies":"Jaw Worm","floor":4,"turns":5},{"damage":19,"enemies":"Looter","floor":12,"turns":3},{"damage":14,"enemies":"2 Fungi Beasts","floor":14,"turns":4},{"damage":68,"enemies":"Slime Boss","floor":16,"turns":11},{"damage":30,"enemies":"Shell Parasite","floor":18,"turns":5},{"damage":31,"enemies":"Spheric Guardian","floor":19,"turns":4},{"damage":21,"enemies":"Snake Plant","floor":22,"turns":3},{"damage":49,"enemies":"Gremlin Leader","floor":24,"turns":4}],"seed_played":"-4214415794127714886","potions_obtained":[{"floor":1,"key":"SpeedPotion"},{"floor":12,"key":"Regen Potion"},{"floor":16,"key":"SteroidPotion"},{"floor":22,"key":"Energy Potion"}],"is_trial":false,"path_per_floor":["M","M","$","M","T","R","$","R","T","?","R","M","?","M","R","B",null,"M","M","?","$","M","R","E"],"character_chosen":"IRONCLAD","items_purchased":["Armaments","Blood for Blood"],"campfire_rested":3,"item_purchase_floors":[3,21],"current_hp_per_floor":[69,58,58,45,45,73,73,73,73,73,73,60,49,53,81,19,77,53,28,28,28,13,41,0],"gold":153,"neow_bonus":"TWENTY_PERCENT_HP_BONUS","is_prod":false,"is_daily":false,"chose_seed":false,"campfire_upgraded":2,"win_rate":0,"timestamp":1565544443,"path_taken":["M","?","$","M","?","R","?","R","T","?","R","?","?","M","R","BOSS","M","M","?","$","M","R","E"],"build_version":"2019-07-17","purchased_purges":2,"victory":false,"max_hp_per_floor":[96,96,96,96,96,96,96,96,96,96,96,96,96,96,96,96,96,96,96,96,96,96,96,96],"card_choices":[{"not_picked":["Evolve","Flex"],"picked":"Searing Blow","floor":1},{"not_picked":["Wild Strike","Pommel Strike"],"picked":"Rupture","floor":2},{"not_picked":["Perfected Strike","Dropkick"],"picked":"Clash","floor":4},{"not_picked":["Shockwave","Havoc"],"picked":"Clothesline","floor":12},{"not_picked":["Heavy Blade","Clash"],"picked":"Twin Strike","floor":14},{"not_picked":["Impervious","Fiend Fire"],"picked":"Brutality","floor":16},{"not_picked":["Havoc"],"picked":"SKIP","floor":18},{"not_picked":[],"picked":"Burning Pact+1","floor":19},{"not_picked":[],"picked":"Wild Strike+1","floor":22}],"player_experience":184732,"relics_obtained":[{"floor":5,"key":"Bottled Lightning"},{"floor":9,"key":"Whetstone"}],"event_choices":[{"damage_healed":0,"gold_gain":0,"player_choice":"0 cards matched","damage_taken":0,"max_hp_gain":0,"max_hp_loss":0,"event_name":"Match and Keep!","floor":10,"gold_loss":0,"cards_obtained":[]},{"damage_healed":0,"gold_gain":75,"player_choice":"Gather Gold","damage_taken":11,"max_hp_gain":0,"max_hp_loss":0,"event_name":"World of Goop","floor":13,"gold_loss":0},{"damage_healed":0,"gold_gain":0,"player_choice":"Smashed Altar","damage_taken":0,"max_hp_gain":0,"max_hp_loss":0,"event_name":"Forgotten Altar","floor":20,"gold_loss":0,"cards_obtained":["Decay"]}],"is_beta":false,"boss_relics":[{"not_picked":["Mark of Pain","Black Star"],"picked":"Busted Crown"}],"items_purged_floors":[7,21],"is_endless":false,"potions_floor_spawned":[1,12,16,22],"killed_by":"Gremlin Leader","ascension_level":8}