{"gold_per_floor":[118,136,136,37,37,72,72,115,162,162,198,214,239,255,255,386,386,411,411,431,63,63,94,94,112,112,112,139,151,19,19,19,118,118,138,153,153,169,214,214,239,249,249,267,267],"floor_reached":45,"playtime":3088,"items_purged":[],"score":895,"play_id":"db033fac-33dc-477f-9a4f-a3ece4ab10b8","local_time":"20190410221526","is_ascension_mode":true,"campfire_choices":[{"data":"Armaments","floor":7,"key":"SMITH"},{"data":"Rampage","floor":10,"key":"SMITH"},{"floor":15,"key":"REST"},{"floor":24,"key":"REST"},{"floor":32,"key":"REST"},{"floor":40,"key":"REST"}],"neow_cost":"NONE","seed_source_timestamp":40483078740480,"circlet_count":0,"master_deck":["AscendersBane","Defend_R","Defend_R","Defend_R","Defend_R","Bash","Pummel","Body Slam","Armaments+1","Metallicize","Rampage+1","Pommel Strike","Uppercut","Rage","Spot Weakness","Limit Break","Offering","Uppercut+1","Apotheosis","Bite","Bite","Bite","Bite","Bite","Juggernaut","Heavy Blade","Battle Trance","Inflame+1","Reaper","Shockwave","True Grit","Pommel Strike","Rage+1","Entrench","Fiend Fire"],"relics":["Burning Blood","NeowsBlessing","Bloody Idol","Anchor","Torii","Lantern","Potion Belt","Mark of Pain","Frozen Eye","Matryoshka","Frozen Egg 2","Question Card","Happy Flower","Bottled Flame","Gremlin Horn","Runic Pyramid","Champion Belt","Paper Frog","Dodecahedron"],"potions_floor_usage":[8,16,20,28,28,33,39,41,41,42],"damage_taken":[{"damage":0,"enemies":"2 Louse","floor":1,"turns":1},{"damage":0,"enemies":"Jaw Worm","floor":2,"turns":1},{"damage":0,"enemies":"Lagavulin","floor":6,"turns":1},{"damage":28,"enemies":"Gremlin Nob","floor":8,"turns":5},{"damage":33,"enemies":"3 Sentries","floor":11,"turns":9},{"damage":1,"enemies":"Cultist","floor":12,"turns":3},{"damage":0,"enemies":"Looter","floor":13,"turns":4},{"damage":0,"enemies":"Blue Slaver","floor":14,"turns":3},{"damage":38,"enemies":"The Guardian","floor":16,"turns":13},{"damage":9,"enemies":"3 Byrds","floor":18,"turns":6},{"damage":13,"enemies":"2 Thieves","floor":20,"turns":5},{"damage":45,"enemies":"Book of Stabbing","floor":23,"turns":5},{"damage":19,"enemies":"Cultist and Chosen","floor":25,"turns":5},{"damage":49,"enemies":"Gremlin Leader","floor":28,"turns":8},{"damage":13,"enemies":"Snake Plant","floor":29,"turns":3},{"damage":33,"enemies":"Champ","floor":33,"turns":7},{"damage":9,"enemies":"3 Shapes","floor":35,"turns":4},{"damage":33,"enemies":"3 Darklings","floor":36,"turns":6},{"damage":37,"enemies":"Spire Growth","floor":38,"turns":5},{"damage":40,"enemies":"2 Orb Walkers","floor":39,"turns":5},{"damage":46,"enemies":"Giant Head","floor":41,"turns":7},{"damage":49,"enemies":"Jaw Worm Horde","floor":42,"turns":5},{"damage":27,"enemies":"Maw","floor":44,"turns":6},{"damage":69,"enemies":"Nemesis","floor":45,"turns":8}],"seed_played":"4906339804898967962","potions_obtained":[{"floor":1,"key":"Poison Potion"},{"floor":11,"key":"SkillPotion"},{"floor":13,"key":"Regen Potion"},{"floor":16,"key":"Strength Potion"},{"floor":18,"key":"Dexterity Potion"},{"floor":33,"key":"Explosive Potion"},{"floor":35,"key":"EssenceOfSteel"},{"floor":38,"key":"SteroidPotion"},{"floor":39,"key":"Energy Potion"},{"floor":42,"key":"SpeedPotion"}],"is_trial":false,"path_per_floor":["M","M","?","$","?","E","R","E","T","R","E","M","M","M","R","B",null,"M","?","M","$","?","E","R","M","T","T","E","M","$","$","R","B",null,"M","M","?","M","?","R","E","M","T","M","E"],"character_chosen":"IRONCLAD","items_purchased":["Armaments","Metallicize","Apotheosis","Frozen Eye","Inflame+1","SkillPotion"],"campfire_rested":4,"item_purchase_floors":[4,4,21,21,30,30],"current_hp_per_floor":[78,80,60,60,53,59,59,37,37,37,10,15,21,27,51,34,69,66,66,69,69,56,28,44,45,45,45,31,34,34,34,50,43,53,56,48,48,36,25,41,43,33,33,49,0],"gold":267,"neow_bonus":"THREE_ENEMY_KILL","is_prod":false,"is_daily":false,"chose_seed":false,"campfire_upgraded":2,"win_rate":0,"timestamp":1554959726,"path_taken":["M","M","?","$","?","E","R","E","T","R","E","M","M","M","R","BOSS","M","?","M","$","?","E","R","M","T","?","E","?","?","$","R","BOSS","M","M","?","M","?","R","E","M","T","M","E"],"build_version":"2019-01-23","purchased_purges":0,"victory":false,"max_hp_per_floor":[80,80,80,80,80,80,80,80,80,80,80,80,80,80,80,80,80,80,80,80,80,56,56,56,56,56,56,56,56,56,56,56,56,56,56,56,56,56,56,56,56,56,56,56,56],"card_choices":[{"not_picked":["Perfected Strike","Flex"],"picked":"Pummel","floor":1},{"not_picked":["Shrug It Off","Juggernaut"],"picked":"Body Slam","floor":2},{"not_picked":["Wild Strike","Cleave"],"picked":"Rampage","floor":6},{"not_picked":["Intimidate","Clothesline"],"picked":"Pommel Strike","floor":8},{"not_picked":["Feel No Pain","Warcry"],"picked":"Uppercut","floor":11},{"not_picked":["Clothesline","Blood for Blood"],"picked":"Rage","floor":12},{"not_picked":["Cleave","Clothesline"],"picked":"Spot Weakness","floor":13},{"not_picked":["Infernal Blade","Flex"],"picked":"Limit Break","floor":14},{"not_picked":["Double Tap","Barricade"],"picked":"Offering","floor":16},{"not_picked":["Sword Boomerang","Fire Breathing","Reckless Charge"],"picked":"SKIP","floor":18},{"not_picked":["Wild Strike","Hemokinesis"],"picked":"Uppercut+1","floor":20},{"not_picked":["Sword Boomerang","Clothesline+1"],"picked":"Juggernaut","floor":23},{"not_picked":["Cleave","Havoc","Corruption"],"picked":"SKIP","floor":25},{"not_picked":["Rupture+1","Twin Strike","Pommel Strike"],"picked":"Heavy Blade","floor":28},{"not_picked":["Body Slam","Heavy Blade","Limit Break"],"picked":"Battle Trance","floor":29},{"not_picked":["Double Tap","Limit Break","Dark Embrace+1"],"picked":"Reaper","floor":33},{"not_picked":["Headbutt","Wild Strike","Searing Blow+1"],"picked":"Shockwave","floor":35},{"not_picked":["Iron Wave+1","Whirlwind","Warcry"],"picked":"True Grit","floor":36},{"not_picked":["Wild Strike+1","Rupture+1","Heavy Blade+1"],"picked":"Pommel Strike","floor":38},{"not_picked":["Fire Breathing+1","Perfected Strike+1","Searing Blow"],"picked":"Rage+1","floor":39},{"not_picked":["Thunderclap","Uppercut","Spot Weakness+1"],"picked":"Entrench","floor":41},{"not_picked":["Rupture+1","Warcry","Cleave+1","Uppercut"],"picked":"SKIP","floor":42},{"not_picked":["Ghostly Armor","Dropkick","Havoc"],"picked":"Fiend Fire","floor":44}],"player_experience":637838,"relics_obtained":[{"floor":6,"key":"Anchor"},{"floor":8,"key":"Torii"},{"floor":9,"key":"Lantern"},{"floor":11,"key":"Potion Belt"},{"floor":23,"key":"Matryoshka"},{"floor":26,"key":"Frozen Egg 2"},{"floor":26,"key":"Question Card"},{"floor":27,"key":"Happy Flower"},{"floor":27,"key":"Bottled Flame"},{"floor":28,"key":"Gremlin Horn"},{"floor":39,"key":"Champion Belt"},{"floor":41,"key":"Paper Frog"},{"floor":43,"key":"Dodecahedron"}],"event_choices":[{"damage_healed":0,"gold_gain":0,"player_choice":"Take Damage","damage_taken":20,"relics_obtained":["Golden Idol"],"max_hp_gain":0,"max_hp_loss":0,"event_name":"Golden Idol","floor":3,"gold_loss":0},{"cards_removed":["Strike_R"],"damage_healed":0,"gold_gain":0,"player_choice":"Card Removal","damage_taken":7,"max_hp_gain":0,"max_hp_loss":0,"event_name":"Golden Wing","floor":5,"gold_loss":0},{"damage_healed":0,"gold_gain":0,"player_choice":"Gave Idol","damage_taken":0,"relics_obtained":["Bloody Idol"],"max_hp_gain":0,"max_hp_loss":0,"event_name":"Forgotten Altar","floor":19,"relics_lost":["Golden Idol"],"gold_loss":0},{"damage_healed":0,"gold_gain":0,"player_choice":"Became a vampire","damage_taken":0,"max_hp_gain":0,"max_hp_loss":24,"event_name":"Vampires","floor":22,"gold_loss":0,"cards_obtained":["Bite","Bite","Bite","Bite","Bite"]},{"damage_healed":0,"gold_gain":0,"player_choice":"Ignored","damage_taken":0,"max_hp_gain":0,"max_hp_loss":0,"event_name":"Tomb of Lord Red Mask","floor":37,"gold_loss":0},{"damage_healed":0,"gold_gain":0,"player_choice":"Fight","damage_taken":0,"max_hp_gain":0,"max_hp_loss":0,"event_name":"Mysterious Sphere","floor":39,"gold_loss":0}],"is_beta":false,"boss_relics":[{"not_picked":["Philosopher\u0027s Stone","Orrery"],"picked":"Mark of Pain"},{"not_picked":["Runic Cube","Fusion Hammer"],"picked":"Runic Pyramid"}],"items_purged_floors":[],"is_endless":false,"potions_floor_spawned":[1,11,13,16,18,33,35,38,39,42],"killed_by":"Nemesis","ascension_level":12}