{"gold_per_floor":[118,128,148,223,234,261,261,122,122,141,141,141,16,26,26,26],"floor_reached":16,"playtime":866,"items_purged":["Strike_R"],"score":158,"play_id":"bb7d1631-3768-49b7-af6e-32d02383f0c6","local_time":"20190402203710","is_ascension_mode":true,"campfire_choices":[{"floor":7,"key":"REST"},{"data":"True Grit","floor":11,"key":"SMITH"},{"data":"Armaments","floor":15,"key":"SMITH"}],"neow_cost":"NONE","seed_source_timestamp":215353635490157,"circlet_count":0,"master_deck":["AscendersBane","Strike_R","Strike_R","Strike_R","Defend_R","Defend_R","Defend_R","Defend_R","Bash","Dual Wield","Flame Barrier","Whirlwind","Brutality","Entrench","Metallicize","True Grit+1","Pummel","Armaments+1","Body Slam"],"relics":["Burning Blood","Bag of Preparation","Ornamental Fan"],"potions_floor_usage":[6,6,10,16],"damage_taken":[{"damage":3,"enemies":"2 Louse","floor":1,"turns":3},{"damage":6,"enemies":"Cultist","floor":2,"turns":3},{"damage":12,"enemies":"Small Slimes","floor":3,"turns":4},{"damage":15,"enemies":"Red Slaver","floor":5,"turns":4},{"damage":48,"enemies":"Lagavulin","floor":6,"turns":9},{"damage":9,"enemies":"Gremlin Gang","floor":10,"turns":3},{"damage":24,"enemies":"Large Slime","floor":14,"turns":9},{"damage":26,"enemies":"Hexaghost","floor":16,"turns":14}],"seed_played":"-4458286283006893867","potions_obtained":[{"floor":2,"key":"SpeedPotion"},{"floor":5,"key":"EssenceOfSteel"},{"floor":6,"key":"AttackPotion"},{"floor":14,"key":"Explosive Potion"}],"is_trial":false,"path_per_floor":["M","M","M","?","M","E","R","$","T","M","R","?","$","M","R","B"],"character_chosen":"IRONCLAD","items_purchased":["Metallicize","LiquidBronze","Armaments"],"campfire_rested":1,"item_purchase_floors":[8,8,13],"current_hp_per_floor":[83,83,77,69,60,18,44,44,44,41,41,41,41,23,23,0],"gold":26,"neow_bonus":"TEN_PERCENT_HP_BONUS","is_prod":false,"is_daily":false,"chose_seed":false,"campfire_upgraded":2,"win_rate":0,"timestamp":1554262630,"path_taken":["M","M","M","?","M","E","R","?","T","M","R","?","$","M","R","BOSS"],"build_version":"2019-01-23","purchased_purges":1,"victory":false,"max_hp_per_floor":[88,88,88,88,88,88,88,88,88,88,88,88,88,88,88,88],"card_choices":[{"not_picked":["Armaments","Anger"],"picked":"Dual Wield","floor":1},{"not_picked":["Seeing Red","Perfected Strike"],"picked":"Flame Barrier","floor":2},{"not_picked":["Anger","Thunderclap"],"picked":"Whirlwind","floor":3},{"not_picked":["Havoc","Warcry"],"picked":"Brutality","floor":5},{"not_picked":["Dual Wield","Feel No Pain"],"picked":"Entrench","floor":6},{"not_picked":["Battle Trance","Shockwave"],"picked":"True Grit","floor":10},{"not_picked":["Twin Strike","Anger"],"picked":"Body Slam","floor":14}],"player_experience":592946,"relics_obtained":[{"floor":6,"key":"Bag of Preparation"},{"floor":9,"key":"Ornamental Fan"}],"event_choices":[{"damage_healed":0,"gold_gain":75,"player_choice":"Touch","damage_taken":8,"max_hp_gain":0,"max_hp_loss":0,"event_name":"FaceTrader","floor":4,"gold_loss":0},{"damage_healed":0,"gold_gain":0,"cards_transformed":["Strike_R"],"player_choice":"Transformed","damage_taken":0,"max_hp_gain":0,"max_hp_loss":0,"event_name":"Transmorgrifier","floor":12,"gold_loss":0,"cards_obtained":["Pummel"]}],"is_beta":false,"boss_relics":[],"items_purged_floors":[13],"is_endless":false,"potions_floor_spawned":[2,5,6,14],"killed_by":"Hexaghost","ascension_level":11}