{"gold_per_floor":[119,97,117,127,140,140,150,150,150,162,122,122,144,121,121,223,223,240,240,240,226,255,255,274,274,301,313,330,330],"floor_reached":29,"playtime":3719,"items_purged":[],"score":269,"play_id":"42a3f821-d9e0-49c8-8f57-d3ea812bb3a3","local_time":"20190804123528","is_ascension_mode":false,"campfire_choices":[{"data":"Backstab","floor":6,"key":"SMITH"},{"data":"Skewer","floor":8,"key":"SMITH"},{"data":"Predator","floor":15,"key":"SMITH"},{"floor":23,"key":"REST"},{"data":"Ghostly","floor":25,"key":"SMITH"}],"neow_cost":"NONE","seed_source_timestamp":2048041644313325,"circlet_count":0,"master_deck":["Strike_G","Strike_G","Strike_G","Strike_G","Strike_G","Defend_G","Defend_G","Defend_G","Defend_G","Defend_G","Survivor","Neutralize","Blade Dance","Prepared","Backstab+1","Distraction","Night Terror","Skewer+1","Backflip","Bouncing Flask","Predator+1","Tactician","Envenom","Dagger Throw","Ghostly+1","Ghostly","Ghostly","Ghostly","Ghostly","Writhe","Flechettes","Dash+1","Predator","Dagger Spray+1","Noxious Fumes+1"],"relics":["Ring of the Snake","Gremlin Horn","MawBank","Eternal Feather","Lantern","Red Mask","Bag of Preparation"],"potions_floor_usage":[13,16,16,22,27,28,29],"damage_taken":[{"damage":0,"enemies":"Cultist","floor":1,"turns":5},{"damage":0,"enemies":"Jaw Worm","floor":3,"turns":5},{"damage":0,"enemies":"Small Slimes","floor":4,"turns":4},{"damage":5,"enemies":"Exordium Wildlife","floor":5,"turns":4},{"damage":0,"enemies":"2 Fungi Beasts","floor":7,"turns":3},{"damage":8,"enemies":"Red Slaver","floor":10,"turns":5},{"damage":0,"enemies":"Large Slime","floor":13,"turns":4},{"damage":27,"enemies":"Slime Boss","floor":16,"turns":9},{"damage":70,"enemies":"Spheric Guardian","floor":18,"turns":13},{"damage":5,"enemies":"2 Thieves","floor":21,"turns":4},{"damage":1,"enemies":"Masked Bandits","floor":22,"turns":5},{"damage":3,"enemies":"Snake Plant","floor":24,"turns":6},{"damage":31,"enemies":"Sentry and Sphere","floor":27,"turns":10},{"damage":0,"enemies":"Snecko","floor":28,"turns":3},{"damage":7,"enemies":"3 Cultists","floor":29,"turns":2}],"seed_played":"-5037444100655562547","potions_obtained":[{"floor":5,"key":"LiquidBronze"},{"floor":7,"key":"SteroidPotion"},{"floor":10,"key":"Block Potion"},{"floor":13,"key":"Swift Potion"},{"floor":18,"key":"LiquidBronze"},{"floor":24,"key":"Fire Potion"},{"floor":28,"key":"FearPotion"}],"is_trial":false,"path_per_floor":["M","$","M","M","M","R","M","R","T","M","$","T","M","$","R","B",null,"M","?","?","M","?","R","M","R","T","M","M","M"],"character_chosen":"THE_SILENT","items_purchased":["Prepared","Bouncing Flask","Tactician"],"campfire_rested":1,"item_purchase_floors":[2,11,14],"current_hp_per_floor":[77,77,77,77,72,72,72,72,72,64,64,64,64,64,64,37,77,7,7,7,2,1,30,27,38,38,7,7,0],"gold":330,"neow_bonus":"TEN_PERCENT_HP_BONUS","is_prod":false,"is_daily":false,"chose_seed":false,"campfire_upgraded":4,"win_rate":0.0,"timestamp":1564940128,"path_taken":["M","$","?","?","M","R","M","R","T","M","$","?","?","?","R","BOSS","M","?","?","M","?","R","M","R","T","M","?","M"],"build_version":"2019-07-17","purchased_purges":0,"victory":false,"max_hp_per_floor":[77,77,77,77,77,77,77,77,77,77,77,77,77,77,77,77,77,77,38,38,38,38,38,38,38,38,38,38,38],"card_choices":[{"not_picked":["Dagger Spray","Well Laid Plans"],"picked":"Blade Dance","floor":1},{"not_picked":["Dagger Spray","Expertise"],"picked":"Backstab","floor":3},{"not_picked":["Deadly Poison","Expertise"],"picked":"Distraction","floor":4},{"not_picked":["Outmaneuver","Blade Dance"],"picked":"Night Terror","floor":5},{"not_picked":["Blade Dance","Masterful Stab"],"picked":"Skewer","floor":7},{"not_picked":["Acrobatics","Dodge and Roll"],"picked":"Backflip","floor":10},{"not_picked":["Flechettes","Prepared"],"picked":"Predator","floor":13},{"not_picked":["Malaise","Burst"],"picked":"Envenom","floor":16},{"not_picked":["Deadly Poison","Underhanded Strike"],"picked":"Dagger Throw","floor":18},{"not_picked":["Blur","Outmaneuver"],"picked":"Flechettes","floor":21},{"not_picked":["Blur+1","Bouncing Flask+1"],"picked":"Dash+1","floor":22},{"not_picked":["Sucker Punch","Quick Slash"],"picked":"Predator","floor":24},{"not_picked":["Dodge and Roll","Bouncing Flask"],"picked":"Dagger Spray+1","floor":27},{"not_picked":["Underhanded Strike+1","Distraction"],"picked":"Noxious Fumes+1","floor":28}],"player_experience":8579,"relics_obtained":[{"floor":9,"key":"Gremlin Horn"},{"floor":12,"key":"MawBank"},{"floor":22,"key":"Red Mask"},{"floor":26,"key":"Bag of Preparation"}],"event_choices":[{"damage_healed":0,"gold_gain":0,"player_choice":"Became a Ghost","damage_taken":0,"max_hp_gain":0,"max_hp_loss":39,"event_name":"Ghosts","floor":19,"gold_loss":0,"cards_obtained":["Ghostly","Ghostly","Ghostly","Ghostly","Ghostly"]},{"damage_healed":0,"gold_gain":0,"player_choice":"Opened","damage_taken":0,"relics_obtained":["Lantern"],"max_hp_gain":0,"max_hp_loss":0,"event_name":"The Mausoleum","floor":20,"gold_loss":0,"cards_obtained":["Writhe"]},{"damage_healed":0,"gold_gain":0,"player_choice":"Fought Bandits","damage_taken":0,"max_hp_gain":0,"max_hp_loss":0,"event_name":"Masked Bandits","floor":22,"gold_loss":0}],"is_beta":false,"boss_relics":[{"not_picked":["Busted Crown","Lizard Tail"],"picked":"Eternal Feather"}],"items_purged_floors":[],"is_endless":false,"potions_floor_spawned":[5,7,10,13,18,24,28],"killed_by":"3 Cultists","ascension_level":0}