{"gold_per_floor":[111,36,52,52,52,52,127,127,127,138,172,172,188,41,41,145,145,156,168,168,168,168,168,180,10,10,27,58,74,91,41,41,41],"floor_reached":33,"playtime":2963,"items_purged":["Strike_R","Bash","Defend_R","Writhe"],"score":290,"play_id":"048cc31c-072e-4af1-aa43-9563f8b3803f","local_time":"20181209155733","is_ascension_mode":false,"campfire_choices":[{"data":"Demon Form","floor":6,"key":"SMITH"},{"data":"Burning Pact","floor":8,"key":"SMITH"},{"data":"Battle Trance","floor":12,"key":"SMITH"},{"data":"True Grit","floor":15,"key":"SMITH"},{"data":"Feel No Pain","floor":23,"key":"SMITH"},{"data":"Warcry","floor":32,"key":"SMITH"}],"neow_cost":"NONE","seed_source_timestamp":417850984386635,"circlet_count":0,"master_deck":["Defend_R","Defend_R","Demon Form+1","Battle Trance+1","Burning Pact+1","Heavy Blade+1","Burning Pact","True Grit+1","Juggernaut","Disarm+1","Infernal Blade+1","Combust+1","Feel No Pain+1","Bite+1","Bite+1","Bite+1","Bite+1","Bite+1","Warcry+1","Bloodletting+1"],"relics":["Burning Blood","Dream Catcher","Molten Egg 2","Gremlin Horn","Astrolabe","Omamori","WarpedTongs","Smiling Mask","Bag of Preparation"],"potions_floor_usage":[19,28,28,28,29],"damage_taken":[{"damage":11,"enemies":"Jaw Worm","floor":1,"turns":3},{"damage":0,"enemies":"Small Slimes","floor":3,"turns":5},{"damage":2,"enemies":"2 Louse","floor":10,"turns":4},{"damage":16,"enemies":"Lagavulin","floor":11,"turns":7},{"damage":24,"enemies":"Exordium Thugs","floor":13,"turns":5},{"damage":18,"enemies":"Hexaghost","floor":16,"turns":7},{"damage":18,"enemies":"Spheric Guardian","floor":18,"turns":4},{"damage":16,"enemies":"3 Byrds","floor":19,"turns":7},{"damage":21,"enemies":"Centurion and Healer","floor":24,"turns":5},{"damage":37,"enemies":"Cultist and Chosen","floor":27,"turns":5},{"damage":57,"enemies":"Slavers","floor":28,"turns":7},{"damage":46,"enemies":"Shelled Parasite and Fungi","floor":29,"turns":9},{"damage":3,"enemies":"Snecko","floor":30,"turns":5},{"damage":61,"enemies":"Collector","floor":33,"turns":6}],"seed_played":"-2994358977546194738","potions_obtained":[{"floor":3,"key":"Strength Potion"},{"floor":11,"key":"SkillPotion"},{"floor":18,"key":"Dexterity Potion"},{"floor":24,"key":"SpeedPotion"},{"floor":28,"key":"Poison Potion"}],"is_trial":false,"path_per_floor":["M","$","M","?","?","R","?","R","T","M","E","R","M","$","R","B",null,"M","M","?","?","?","R","M","$","T","M","E","M","M","$","R","B"],"character_chosen":"IRONCLAD","items_purchased":["True Grit","Warcry"],"campfire_rested":0,"item_purchase_floors":[14,25],"current_hp_per_floor":[75,75,80,73,70,70,59,59,59,63,53,53,35,35,35,23,80,68,58,56,56,56,56,56,56,56,34,16,15,33,33,33,0],"gold":41,"neow_bonus":"ONE_RANDOM_RARE_CARD","is_prod":false,"is_daily":false,"chose_seed":false,"campfire_upgraded":6,"win_rate":0.0,"timestamp":1544396253,"path_taken":["M","$","M","?","?","R","?","R","T","M","E","R","?","$","R","BOSS","M","M","?","?","?","R","?","$","T","M","E","M","M","$","R","BOSS"],"build_version":"2018-12-06","purchased_purges":4,"victory":false,"max_hp_per_floor":[80,80,80,80,80,80,80,80,80,80,80,80,80,80,80,80,80,80,80,56,56,56,56,56,56,56,56,56,56,56,56,56,56],"card_choices":[{"not_picked":["Twin Strike","Anger"],"picked":"Battle Trance","floor":1},{"not_picked":["Flex","Shrug It Off"],"picked":"Burning Pact","floor":3},{"not_picked":["True Grit","Inflame","Fiend Fire+1"],"picked":"SKIP","floor":10},{"not_picked":["Blood for Blood+1","Whirlwind+1"],"picked":"Heavy Blade+1","floor":11},{"not_picked":["Body Slam+1","Shockwave"],"picked":"Burning Pact","floor":13},{"not_picked":["Brutality","Impervious"],"picked":"Juggernaut","floor":16},{"not_picked":["Seeing Red","Twin Strike+1","Armaments"],"picked":"SKIP","floor":18},{"not_picked":["Flex","Disarm"],"picked":"Feel No Pain","floor":19},{"not_picked":["Pummel+1","Flex","Warcry"],"picked":"SKIP","floor":24},{"not_picked":["Clothesline+1","Armaments","Dropkick+1"],"picked":"SKIP","floor":27},{"not_picked":["Flex","Clash+1","Perfected Strike+1"],"picked":"SKIP","floor":28},{"not_picked":["Rage","Clash+1"],"picked":"Bloodletting+1","floor":29},{"not_picked":["Clothesline+1","Shrug It Off","Brutality"],"picked":"SKIP","floor":30}],"player_experience":31313,"relics_obtained":[{"floor":9,"key":"Molten Egg 2"},{"floor":11,"key":"Gremlin Horn"},{"floor":26,"key":"Smiling Mask"},{"floor":28,"key":"Bag of Preparation"}],"event_choices":[{"cards_removed":["Defend_R"],"damage_healed":0,"gold_gain":0,"player_choice":"Card Removal","damage_taken":7,"max_hp_gain":0,"max_hp_loss":0,"event_name":"Golden Wing","floor":4,"gold_loss":0},{"damage_healed":0,"gold_gain":0,"player_choice":"Success","damage_taken":3,"relics_obtained":["Dream Catcher"],"max_hp_gain":0,"max_hp_loss":0,"event_name":"Scrap Ooze","floor":5,"gold_loss":0},{"damage_healed":0,"gold_gain":75,"player_choice":"Gather Gold","damage_taken":11,"max_hp_gain":0,"max_hp_loss":0,"event_name":"World of Goop","floor":7,"gold_loss":0},{"damage_healed":0,"gold_gain":0,"player_choice":"Became a vampire","damage_taken":0,"max_hp_gain":0,"max_hp_loss":24,"event_name":"Vampires","floor":20,"gold_loss":0,"cards_obtained":["Bite","Bite","Bite","Bite","Bite"]},{"damage_healed":0,"gold_gain":0,"player_choice":"Opened","damage_taken":0,"relics_obtained":["Omamori"],"max_hp_gain":0,"max_hp_loss":0,"event_name":"The Mausoleum","floor":21,"gold_loss":0,"cards_obtained":["Writhe"]},{"damage_healed":0,"gold_gain":0,"player_choice":"Rummage","damage_taken":0,"relics_obtained":["WarpedTongs"],"max_hp_gain":0,"max_hp_loss":0,"event_name":"Accursed Blacksmith","floor":22,"gold_loss":0,"cards_obtained":["Pain"]}],"is_beta":false,"boss_relics":[{"not_picked":["Snecko Eye","Tiny House"],"picked":"Astrolabe"}],"items_purged_floors":[2,14,25,31],"is_endless":false,"potions_floor_spawned":[3,11,18,24,28],"killed_by":"Collector","ascension_level":0}