{"gold_per_floor":[119,194,205,218,9,34,34,34,334,334,368,387,387,416,416,516,516,528,542,552,552,58,58,70,70,70,100,100,114,114,130,130,230,230,247,266,85,85,85],"floor_reached":39,"playtime":3448,"items_purged":["Strike_R"],"score":682,"play_id":"ffe2cd90-774e-4e12-81e3-953e5c2d29af","local_time":"20190811143233","is_ascension_mode":true,"campfire_choices":[{"floor":7,"key":"REST"},{"data":"Armaments","floor":10,"key":"SMITH"},{"floor":13,"key":"REST"},{"data":"Spot Weakness","floor":15,"key":"SMITH"},{"data":"Bash","floor":23,"key":"SMITH"},{"data":"Heavy Blade","floor":25,"key":"SMITH"},{"data":"Battle Trance","floor":28,"key":"SMITH"},{"data":"Berserk","floor":30,"key":"SMITH"},{"data":"Disarm","floor":32,"key":"SMITH"}],"neow_cost":"NONE","seed_source_timestamp":65478506217662,"circlet_count":0,"master_deck":["Strike_R","Strike_R","Strike_R","Strike_R","Defend_R","Defend_R","Defend_R","Defend_R","Bash+1","Armaments+1","Shrug It Off","Disarm","Disarm+1","Spot Weakness+1","Battle Trance+1","Whirlwind","Limit Break","Pommel Strike+1","Cleave+1","Heavy Blade+1","Reaper","Shrug It Off","Iron Wave+1","Anger","Berserk+1","Twin Strike+1","Fiend Fire","Clothesline+1","True Grit+1","Inflame","Sword Boomerang"],"relics":["Burning Blood","DollysMirror","StoneCalendar","Old Coin","Boot","FossilizedHelix","Sozu","Mango","Kunai","Question Card","Mark of Pain"],"potions_floor_usage":[6,14,16,24],"damage_taken":[{"damage":0,"enemies":"Small Slimes","floor":1,"turns":4},{"damage":4,"enemies":"Jaw Worm","floor":3,"turns":4},{"damage":1,"enemies":"Cultist","floor":4,"turns":4},{"damage":34,"enemies":"Lagavulin","floor":6,"turns":9},{"damage":38,"enemies":"Gremlin Nob","floor":11,"turns":5},{"damage":2,"enemies":"Red Slaver","floor":12,"turns":6},{"damage":20,"enemies":"3 Sentries","floor":14,"turns":4},{"damage":0,"enemies":"Slime Boss","floor":16,"turns":8},{"damage":0,"enemies":"3 Byrds","floor":18,"turns":4},{"damage":7,"enemies":"Chosen","floor":19,"turns":7},{"damage":12,"enemies":"Snake Plant","floor":20,"turns":4},{"damage":14,"enemies":"3 Cultists","floor":24,"turns":6},{"damage":37,"enemies":"Gremlin Leader","floor":27,"turns":8},{"damage":13,"enemies":"Centurion and Healer","floor":29,"turns":6},{"damage":0,"enemies":"Cultist and Chosen","floor":31,"turns":4},{"damage":45,"enemies":"Champ","floor":33,"turns":9},{"damage":26,"enemies":"3 Darklings","floor":35,"turns":5},{"damage":13,"enemies":"3 Shapes","floor":36,"turns":8},{"damage":101,"enemies":"Donu and Deca","floor":39,"turns":6}],"seed_played":"1567782319148183396","potions_obtained":[{"floor":1,"key":"Dexterity Potion"},{"floor":11,"key":"Explosive Potion"},{"floor":14,"key":"Dexterity Potion"},{"floor":16,"key":"Block Potion"}],"is_trial":false,"path_per_floor":["M","?","M","M","$","E","R","?","T","R","E","M","R","E","R","B",null,"M","M","M","?","$","R","M","R","T","E","R","M","R","M","R","B",null,"M","M","$","?","B"],"character_chosen":"IRONCLAD","items_purchased":["DollysMirror","Mango","Reaper","Shrug It Off","Inflame","Sword Boomerang"],"campfire_rested":2,"item_purchase_floors":[5,22,22,22,37,37],"current_hp_per_floor":[86,75,77,82,82,54,80,80,80,80,48,52,78,64,64,70,84,88,87,81,88,102,102,102,102,102,71,71,74,74,89,89,68,94,90,83,83,83,0],"gold":85,"neow_bonus":"TEN_PERCENT_HP_BONUS","is_prod":false,"is_daily":false,"chose_seed":false,"campfire_upgraded":7,"win_rate":0,"timestamp":1565530353,"path_taken":["M","?","M","M","?","E","R","?","T","R","E","M","R","E","R","BOSS","M","M","M","?","$","R","?","R","T","E","R","M","R","M","R","BOSS","M","M","$","?","BOSS"],"build_version":"2019-07-17","purchased_purges":1,"victory":false,"max_hp_per_floor":[88,88,88,88,88,88,88,88,88,88,88,88,88,88,88,88,88,88,88,88,88,102,102,102,102,102,102,102,102,102,102,102,102,102,102,102,102,102,102],"card_choices":[{"not_picked":["Rupture","Havoc"],"picked":"Armaments","floor":1},{"not_picked":["Reckless Charge","Thunderclap"],"picked":"Shrug It Off","floor":3},{"not_picked":["Reckless Charge","Perfected Strike"],"picked":"Disarm","floor":4},{"not_picked":["Power Through","Body Slam"],"picked":"Spot Weakness","floor":6},{"not_picked":["Fire Breathing","Evolve"],"picked":"Battle Trance","floor":11},{"not_picked":["Warcry","Corruption"],"picked":"Whirlwind","floor":12},{"not_picked":["Feel No Pain","Wild Strike","Cleave"],"picked":"SKIP","floor":14},{"not_picked":["Exhume","Berserk"],"picked":"Limit Break","floor":16},{"not_picked":["Warcry","Clothesline"],"picked":"Pommel Strike+1","floor":18},{"not_picked":["Rampage","Havoc"],"picked":"Cleave+1","floor":19},{"not_picked":["True Grit","Anger"],"picked":"Heavy Blade","floor":20},{"not_picked":["Disarm","Clash"],"picked":"Iron Wave+1","floor":24},{"not_picked":["Pommel Strike","Iron Wave"],"picked":"Anger","floor":27},{"not_picked":["Body Slam","Perfected Strike","Combust"],"picked":"Berserk","floor":29},{"not_picked":["Clash","Thunderclap+1","Intimidate+1"],"picked":"Twin Strike+1","floor":31},{"not_picked":["Offering","Dark Embrace","Bludgeon"],"picked":"Fiend Fire","floor":33},{"not_picked":["Clash+1","Feel No Pain","Sword Boomerang"],"picked":"Clothesline+1","floor":35},{"not_picked":["Infernal Blade+1","Sentinel","Pommel Strike"],"picked":"True Grit+1","floor":36}],"player_experience":181284,"relics_obtained":[{"floor":6,"key":"StoneCalendar"},{"floor":9,"key":"Old Coin"},{"floor":11,"key":"Boot"},{"floor":14,"key":"FossilizedHelix"},{"floor":26,"key":"Kunai"},{"floor":27,"key":"Question Card"}],"event_choices":[{"damage_healed":0,"gold_gain":75,"player_choice":"Gather Gold","damage_taken":11,"max_hp_gain":0,"max_hp_loss":0,"event_name":"World of Goop","floor":2,"gold_loss":0},{"damage_healed":0,"gold_gain":0,"player_choice":"Ignored","damage_taken":0,"max_hp_gain":0,"max_hp_loss":0,"event_name":"WeMeetAgain","floor":8,"gold_loss":0},{"damage_healed":7,"gold_gain":0,"player_choice":"Full Heal","damage_taken":0,"max_hp_gain":0,"max_hp_loss":0,"event_name":"Wheel of Change","floor":21,"gold_loss":0},{"damage_healed":0,"gold_gain":0,"player_choice":"Took Portal","damage_taken":0,"max_hp_gain":0,"max_hp_loss":0,"event_name":"SecretPortal","floor":38,"gold_loss":0}],"is_beta":false,"boss_relics":[{"not_picked":["Cursed Key","Black Blood"],"picked":"Sozu"},{"not_picked":["Orrery","Philosopher\u0027s Stone"],"picked":"Mark of Pain"}],"items_purged_floors":[37],"is_endless":false,"potions_floor_spawned":[1,11,14,16,19,20,31,36],"killed_by":"Donu and Deca","ascension_level":8}