{"gold_per_floor":[113,113,113,131,56,56,86,101,126,201,201,211,230,230,230,230],"floor_reached":16,"playtime":650,"items_purged":["Strike_R"],"score":125,"play_id":"b3c4a289-1d98-4d71-84f5-b73e576aa155","local_time":"20190124182719","is_ascension_mode":true,"campfire_choices":[{"data":"Rampage","floor":6,"key":"SMITH"},{"floor":15,"key":"REST"}],"neow_cost":"TEN_PERCENT_HP_LOSS","seed_source_timestamp":1173505285964199,"circlet_count":0,"master_deck":["Strike_R","Defend_R","Defend_R","Defend_R","Defend_R","Bash","Offering","Rampage+1","Cleave","Dual Wield"],"relics":["Burning Blood","Red Skull","Golden Idol"],"potions_floor_usage":[16],"damage_taken":[{"damage":8,"enemies":"2 Louse","floor":1,"turns":3},{"damage":1,"enemies":"Cultist","floor":4,"turns":4},{"damage":41,"enemies":"3 Sentries","floor":7,"turns":9},{"damage":2,"enemies":"Jaw Worm","floor":8,"turns":3},{"damage":0,"enemies":"3 Louse","floor":12,"turns":1},{"damage":6,"enemies":"Blue Slaver","floor":13,"turns":4},{"damage":51,"enemies":"Hexaghost","floor":16,"turns":9}],"seed_played":"-538992209078766530","potions_obtained":[{"floor":8,"key":"Swift Potion"}],"is_trial":false,"path_per_floor":["M","?","?","M","$","R","E","M","T","?","?","M","M","?","R","B"],"character_chosen":"IRONCLAD","items_purchased":[],"campfire_rested":1,"item_purchase_floors":[],"current_hp_per_floor":[70,70,70,72,72,72,37,41,41,30,23,29,29,29,49,0],"gold":230,"neow_bonus":"THREE_RARE_CARDS","is_prod":false,"is_daily":false,"chose_seed":false,"campfire_upgraded":1,"win_rate":0,"timestamp":1548379639,"path_taken":["M","?","?","?","$","R","E","M","T","?","?","M","M","?","R","BOSS"],"build_version":"2019-01-23","purchased_purges":1,"victory":false,"max_hp_per_floor":[72,72,72,72,72,72,72,72,72,72,72,72,72,67,67,67],"card_choices":[{"not_picked":["Impervious","Reaper"],"picked":"Offering","floor":0},{"not_picked":["Iron Wave","Body Slam"],"picked":"Rampage","floor":1},{"not_picked":["Shrug It Off","Anger","Disarm"],"picked":"SKIP","floor":4},{"not_picked":["Havoc","Pommel Strike","Clash"],"picked":"SKIP","floor":7},{"not_picked":["True Grit","Spot Weakness"],"picked":"Dual Wield","floor":8},{"not_picked":["Perfected Strike","Fire Breathing","Flex"],"picked":"SKIP","floor":12},{"not_picked":["Infernal Blade","Clash","Flex"],"picked":"SKIP","floor":13}],"player_experience":314337,"relics_obtained":[{"floor":7,"key":"Red Skull"}],"event_choices":[{"cards_removed":["Strike_R"],"damage_healed":0,"gold_gain":0,"player_choice":"Forget","damage_taken":0,"max_hp_gain":0,"max_hp_loss":0,"event_name":"Living Wall","floor":2,"gold_loss":0},{"damage_healed":0,"gold_gain":0,"cards_transformed":["Strike_R"],"player_choice":"Transformed","damage_taken":0,"max_hp_gain":0,"max_hp_loss":0,"event_name":"Transmorgrifier","floor":3,"gold_loss":0,"cards_obtained":["Cleave"]},{"damage_healed":0,"gold_gain":75,"player_choice":"Gather Gold","damage_taken":11,"max_hp_gain":0,"max_hp_loss":0,"event_name":"World of Goop","floor":10,"gold_loss":0},{"cards_removed":["Strike_R"],"damage_healed":0,"gold_gain":0,"player_choice":"Card Removal","damage_taken":7,"max_hp_gain":0,"max_hp_loss":0,"event_name":"Golden Wing","floor":11,"gold_loss":0},{"damage_healed":0,"gold_gain":0,"player_choice":"Lose Max HP","damage_taken":0,"relics_obtained":["Golden Idol"],"max_hp_gain":0,"max_hp_loss":5,"event_name":"Golden Idol","floor":14,"gold_loss":0}],"is_beta":false,"boss_relics":[],"items_purged_floors":[5],"is_endless":false,"potions_floor_spawned":[8],"killed_by":"Hexaghost","ascension_level":5}