{"gold_per_floor":[118,137,87,87,97,127,127,52,52,127,157,157,186,186,186,285,335,347,363,363,185,185],"floor_reached":22,"playtime":956,"items_purged":["Strike_R","Defend_R"],"score":250,"play_id":"c75ec396-95d2-43cc-80c4-baa355a52533","local_time":"20190110000417","is_ascension_mode":true,"campfire_choices":[{"data":"Bash","floor":7,"key":"SMITH"},{"floor":12,"key":"REST"},{"floor":15,"key":"REST"}],"neow_cost":"NONE","seed_source_timestamp":18596991713202,"circlet_count":0,"master_deck":["Strike_R","Strike_R","Strike_R","Defend_R+1","Bash+1","Inflame+1","Whirlwind","Dual Wield","Rage"],"relics":["Burning Blood","Incense Burner","Prayer Wheel","Centennial Puzzle","Tiny House"],"potions_floor_usage":[6,13,18,22],"damage_taken":[{"damage":7,"enemies":"Jaw Worm","floor":1,"turns":4},{"damage":5,"enemies":"Small Slimes","floor":2,"turns":4},{"damage":0,"enemies":"Cultist","floor":5,"turns":2},{"damage":40,"enemies":"Lagavulin","floor":6,"turns":5},{"damage":29,"enemies":"Gremlin Nob","floor":11,"turns":4},{"damage":35,"enemies":"Lagavulin","floor":13,"turns":5},{"damage":27,"enemies":"Slime Boss","floor":16,"turns":8},{"damage":21,"enemies":"Spheric Guardian","floor":18,"turns":4},{"damage":36,"enemies":"3 Byrds","floor":19,"turns":5},{"damage":24,"enemies":"Snecko","floor":22,"turns":5}],"seed_played":"8035751260171236002","potions_obtained":[{"floor":1,"key":"SteroidPotion"},{"floor":11,"key":"Fire Potion"},{"floor":16,"key":"Block Potion"},{"floor":17,"key":"PowerPotion"}],"is_trial":false,"path_per_floor":["M","M","?","?","M","E","R","$","T","?","E","R","E","?","R","B",null,"M","M","?","$","M"],"character_chosen":"IRONCLAD","items_purchased":["Rage"],"campfire_rested":2,"item_purchase_floors":[21],"current_hp_per_floor":[79,80,80,80,80,46,46,46,46,35,12,36,7,7,31,10,68,53,23,23,23,0],"gold":185,"neow_bonus":"REMOVE_CARD","is_prod":false,"is_daily":false,"chose_seed":false,"campfire_upgraded":1,"win_rate":0,"timestamp":1547103857,"path_taken":["M","M","?","?","?","E","R","$","T","?","E","R","E","?","R","BOSS","M","M","?","?","M"],"build_version":"2019-01-03v4","purchased_purges":2,"victory":false,"max_hp_per_floor":[80,80,80,80,80,80,80,80,80,80,80,80,80,80,80,80,85,85,85,85,85,85],"card_choices":[{"not_picked":["Sentinel","Iron Wave","Havoc"],"picked":"SKIP","floor":1},{"not_picked":["Burning Pact","Sword Boomerang"],"picked":"Inflame","floor":2},{"not_picked":["Havoc","Anger","Warcry"],"picked":"SKIP","floor":5},{"not_picked":["Fire Breathing","Anger","Power Through"],"picked":"SKIP","floor":6},{"not_picked":["Pommel Strike","Body Slam"],"picked":"Whirlwind","floor":11},{"not_picked":["Bludgeon","Inflame","Clash"],"picked":"SKIP","floor":13},{"not_picked":["Brutality","Burning Pact"],"picked":"Dual Wield","floor":18},{"not_picked":["Flex+1","Twin Strike","Perfected Strike+1"],"picked":"SKIP","floor":18},{"not_picked":["Shockwave","Anger","Reckless Charge+1"],"picked":"SKIP","floor":19},{"not_picked":["Wild Strike","Whirlwind","Anger"],"picked":"SKIP","floor":19}],"player_experience":281798,"relics_obtained":[{"floor":6,"key":"Incense Burner"},{"floor":11,"key":"Prayer Wheel"},{"floor":13,"key":"Centennial Puzzle"}],"event_choices":[{"cards_removed":["Defend_R"],"damage_healed":0,"gold_gain":0,"player_choice":"Card Removal","damage_taken":0,"max_hp_gain":0,"max_hp_loss":0,"event_name":"The Cleric","floor":3,"gold_loss":50},{"damage_healed":0,"gold_gain":0,"player_choice":"Upgraded","damage_taken":0,"max_hp_gain":0,"max_hp_loss":0,"event_name":"Upgrade Shrine","floor":4,"gold_loss":0,"cards_upgraded":["Inflame"]},{"damage_healed":0,"gold_gain":75,"player_choice":"Gather Gold","damage_taken":11,"max_hp_gain":0,"max_hp_loss":0,"event_name":"World of Goop","floor":10,"gold_loss":0},{"damage_healed":0,"gold_gain":0,"player_choice":"Ignored","damage_taken":0,"max_hp_gain":0,"max_hp_loss":0,"event_name":"Liars Game","floor":14,"gold_loss":0},{"cards_removed":["Strike_R"],"damage_healed":0,"gold_gain":0,"player_choice":"Offered Basic","damage_taken":0,"max_hp_gain":0,"max_hp_loss":0,"event_name":"Bonfire Elementals","floor":20,"gold_loss":0}],"is_beta":false,"boss_relics":[{"not_picked":["Fusion Hammer","Calling Bell"],"picked":"Tiny House"}],"items_purged_floors":[8,21],"is_endless":false,"potions_floor_spawned":[1,11,16],"killed_by":"Snecko","ascension_level":5}