{"gold_per_floor":[119,131,144,144,144,171,171,23,49,49,11,33,33,44,44,146,146,160,160,160,178,190,190,201,201,201,201,201,217,42,42],"floor_reached":31,"playtime":2081,"items_purged":["Strike_B","Regret"],"score":270,"play_id":"fac85307-bb46-4c10-bf92-a54b9149bc20","local_time":"20181221013100","is_ascension_mode":true,"campfire_choices":[{"data":"Coolheaded","floor":7,"key":"SMITH"},{"data":"Streamline","floor":10,"key":"SMITH"},{"floor":15,"key":"REST"},{"data":"Sunder","floor":23,"key":"SMITH"},{"data":"Conserve Battery","floor":25,"key":"SMITH"},{"data":"Conserve Battery","floor":27,"key":"SMITH"}],"neow_cost":"NONE","seed_source_timestamp":142922088754852,"circlet_count":0,"master_deck":["Defend_B","Defend_B","Defend_B","Defend_B","Zap","Dualcast","Coolheaded+1","Hologram+1","Auto Shields","Streamline+1","Stack","Sunder+1","Go for the Eyes","Meteor Strike","Rebound","J.A.X.","Conserve Battery+1","Leap","Conserve Battery+1","Bite","Bite","Bite","Bite","Bite","Self Repair"],"relics":["Busted Crown","Juzu Bracelet","Bottled Lightning","Odd Mushroom","Nuclear Battery","Bird Faced Urn"],"potions_floor_usage":[12,16,21,22,31],"damage_taken":[{"damage":1,"enemies":"Jaw Worm","floor":1,"turns":3},{"damage":0,"enemies":"2 Louse","floor":2,"turns":3},{"damage":0,"enemies":"Small Slimes","floor":3,"turns":4},{"damage":31,"enemies":"Lagavulin","floor":6,"turns":10},{"damage":16,"enemies":"The Mushroom Lair","floor":12,"turns":3},{"damage":2,"enemies":"2 Fungi Beasts","floor":14,"turns":4},{"damage":13,"enemies":"Slime Boss","floor":16,"turns":10},{"damage":5,"enemies":"Spheric Guardian","floor":18,"turns":3},{"damage":5,"enemies":"Shell Parasite","floor":21,"turns":5},{"damage":32,"enemies":"3 Cultists","floor":22,"turns":8},{"damage":5,"enemies":"Snecko","floor":24,"turns":6},{"damage":22,"enemies":"Centurion and Healer","floor":29,"turns":16},{"damage":66,"enemies":"Gremlin Leader","floor":31,"turns":10}],"seed_played":"2553110697278501915","potions_obtained":[{"floor":3,"key":"Explosive Potion"},{"floor":6,"key":"EssenceOfSteel"},{"floor":12,"key":"Strength Potion"},{"floor":18,"key":"Block Potion"},{"floor":24,"key":"Explosive Potion"},{"floor":29,"key":"FocusPotion"}],"is_trial":false,"path_per_floor":["M","M","M","?","?","E","R","$","T","R","$","?","?","M","R","B",null,"M","?","?","M","M","R","M","R","T","R","?","M","$","E"],"character_chosen":"DEFECT","items_purchased":["Streamline","Stack","Sunder","Self Repair"],"campfire_rested":1,"item_purchase_floors":[8,8,11,30],"current_hp_per_floor":[74,74,74,59,59,28,28,28,28,28,28,12,5,3,25,12,75,70,70,63,58,26,26,21,21,21,21,21,39,39,0],"gold":42,"neow_bonus":"BOSS_RELIC","is_prod":false,"is_daily":false,"chose_seed":false,"campfire_upgraded":5,"win_rate":0,"timestamp":1545381060,"path_taken":["M","M","M","?","?","E","R","?","T","R","$","?","?","M","R","BOSS","M","?","?","M","M","R","M","R","T","R","?","M","$","E"],"build_version":"2018-12-20","purchased_purges":2,"victory":false,"max_hp_per_floor":[75,75,75,75,75,75,75,75,75,75,75,75,75,75,75,75,75,75,75,75,75,75,75,75,75,75,75,52,52,52,52],"card_choices":[{"not_picked":[],"picked":"Coolheaded","floor":1},{"not_picked":["Force Field"],"picked":"SKIP","floor":2},{"not_picked":[],"picked":"Hologram","floor":3},{"not_picked":[],"picked":"Auto Shields","floor":6},{"not_picked":[],"picked":"Go for the Eyes","floor":14},{"not_picked":[],"picked":"Meteor Strike","floor":16},{"not_picked":[],"picked":"Rebound","floor":18},{"not_picked":[],"picked":"Conserve Battery","floor":21},{"not_picked":[],"picked":"Leap","floor":22},{"not_picked":[],"picked":"Conserve Battery","floor":24},{"not_picked":["Leap"],"picked":"SKIP","floor":29}],"player_experience":133616,"relics_obtained":[{"floor":6,"key":"Bottled Lightning"},{"floor":12,"key":"Odd Mushroom"},{"floor":26,"key":"Bird Faced Urn"}],"event_choices":[{"damage_healed":0,"gold_gain":0,"player_choice":"Entered Light","damage_taken":15,"max_hp_gain":0,"max_hp_loss":0,"event_name":"Shining Light","floor":4,"gold_loss":0,"cards_upgraded":["Hologram","Strike_B"]},{"damage_healed":0,"gold_gain":0,"player_choice":"Box","damage_taken":0,"relics_obtained":["Juzu Bracelet"],"max_hp_gain":0,"max_hp_loss":0,"event_name":"Big Fish","floor":5,"gold_loss":0,"cards_obtained":["Regret"]},{"damage_healed":0,"gold_gain":0,"player_choice":"Fought Mushrooms","damage_taken":0,"max_hp_gain":0,"max_hp_loss":0,"event_name":"Mushrooms","floor":12,"gold_loss":0},{"damage_healed":0,"gold_gain":0,"player_choice":"Damaged","damage_taken":7,"max_hp_gain":0,"max_hp_loss":0,"event_name":"Wheel of Change","floor":13,"gold_loss":0},{"damage_healed":0,"gold_gain":0,"player_choice":"Obtain J.A.X.","damage_taken":0,"max_hp_gain":0,"max_hp_loss":0,"event_name":"Drug Dealer","floor":19,"gold_loss":0,"cards_obtained":["J.A.X."]},{"damage_healed":0,"gold_gain":0,"player_choice":"Damaged","damage_taken":7,"max_hp_gain":0,"max_hp_loss":0,"event_name":"Wheel of Change","floor":20,"gold_loss":0},{"damage_healed":0,"gold_gain":0,"player_choice":"Became a vampire","damage_taken":0,"max_hp_gain":0,"max_hp_loss":23,"event_name":"Vampires","floor":28,"gold_loss":0,"cards_obtained":["Bite","Bite","Bite","Bite","Bite"]}],"is_beta":false,"boss_relics":[{"not_picked":["Tiny House","Astrolabe"],"picked":"Nuclear Battery"}],"items_purged_floors":[8,30],"is_endless":false,"potions_floor_spawned":[3,6,12,18,24,29],"killed_by":"Gremlin Leader","ascension_level":1}