{"gold_per_floor":[367,78,78,88,107,107,87,87,112,123,123,143,143,153,153,252,252,266,266,17,17,17,17,17],"floor_reached":24,"playtime":760,"items_purged":["Strike_B","Strike_B"],"score":186,"play_id":"33170142-ef31-4703-b4d7-672843969d19","local_time":"20190509212319","is_ascension_mode":false,"campfire_choices":[{"floor":6.0,"key":"RECALL"},{"data":"Dualcast","floor":8.0,"key":"SMITH"},{"data":"Thunder Strike","floor":11.0,"key":"SMITH"},{"data":"Self Repair","floor":13.0,"key":"SMITH"},{"data":"Defend_B","floor":15.0,"key":"SMITH"},{"floor":23,"key":"REST"}],"neow_cost":"PERCENT_DAMAGE","seed_source_timestamp":0,"circlet_count":0,"master_deck":["Strike_B","Strike_B","Defend_B","Defend_B","Defend_B+1","Defend_B","Zap+1","Dualcast+1","Thunder Strike+1","Self Repair+1","Amplify","Echo Form","Doom and Gloom"],"special_seed":0,"relics":["Cracked Core","Happy Flower","Sozu","Nilry\u0027s Codex","Pen Nib"],"potions_floor_usage":[18],"damage_taken":[{"damage":1.0,"enemies":"Cultist","floor":1.0,"turns":3.0},{"damage":0.0,"enemies":"Small Slimes","floor":4.0,"turns":3.0},{"damage":0.0,"enemies":"2 Louse","floor":5.0,"turns":3.0},{"damage":24.0,"enemies":"Exordium Thugs","floor":7.0,"turns":5.0},{"damage":4.0,"enemies":"Blue Slaver","floor":10.0,"turns":4.0},{"damage":6.0,"enemies":"Red Slaver","floor":12.0,"turns":3.0},{"damage":10.0,"enemies":"Looter","floor":14.0,"turns":2.0},{"damage":30.0,"enemies":"Slime Boss","floor":16.0,"turns":8.0},{"damage":27,"enemies":"2 Thieves","floor":18,"turns":4},{"damage":64,"enemies":"Slavers","floor":24,"turns":5}],"seed_played":"4543823217088508777","potions_obtained":[{"floor":4.0,"key":"LiquidBronze"},{"floor":10.0,"key":"Swift Potion"},{"floor":16.0,"key":"GamblersBrew"}],"is_trial":false,"path_per_floor":["M","$","?","M","M","R","M","R","T","M","R","M","R","M","R","B",null,"M","?","$","$","?","R","E"],"character_chosen":"DEFECT","items_purchased":["Thunder Strike","Self Repair","Pen Nib"],"campfire_rested":1,"item_purchase_floors":[2,2,20],"current_hp_per_floor":[53,53,53,53,60,60,43,43,43,46,46,47,47,37,37,7,75,58,42,42,42,42,64,0],"gold":17,"neow_bonus":"TWO_FIFTY_GOLD","is_prod":false,"is_daily":false,"chose_seed":false,"campfire_upgraded":4,"win_rate":0,"timestamp":1557429799,"path_taken":["M","?","?","?","M","R","M","R","T","?","R","M","R","M","R","BOSS","M","?","?","$","?","R","E"],"build_version":"2019-05-07","purchased_purges":2,"victory":false,"max_hp_per_floor":[75,75,75,75,75,75,75,75,75,75,75,75,75,75,75,75,75,75,75,75,75,75,75,75],"card_choices":[{"not_picked":["Sweeping Beam","Auto Shields","Turbo"],"picked":"SKIP","floor":1.0},{"not_picked":["Beam Cell","Chaos","Undo"],"picked":"SKIP","floor":4.0},{"not_picked":["Reinforced Body","Cold Snap","All For One"],"picked":"SKIP","floor":5.0},{"not_picked":["Streamline","Reinforced Body","FTL"],"picked":"SKIP","floor":7.0},{"not_picked":["Chaos","Redo","Gash"],"picked":"SKIP","floor":10.0},{"not_picked":["Steam","Go for the Eyes","Stack"],"picked":"SKIP","floor":12.0},{"not_picked":["White Noise","Reinforced Body","Machine Learning"],"picked":"SKIP","floor":14.0},{"not_picked":["All For One","Seek"],"picked":"Amplify","floor":16.0},{"not_picked":["Aggregate","Gash","Genetic Algorithm"],"picked":"SKIP","floor":18}],"player_experience":537835,"relics_obtained":[{"floor":9.0,"key":"Happy Flower"},{"floor":19,"key":"Nilry\u0027s Codex"}],"event_choices":[{"damage_healed":0.0,"max_hp_gain":0.0,"max_hp_loss":0.0,"gold_gain":0.0,"event_name":"Upgrade Shrine","player_choice":"Upgraded","floor":3.0,"gold_loss":0.0,"damage_taken":0.0,"cards_upgraded":["Zap"]},{"damage_healed":0,"gold_gain":0,"player_choice":"Obtained Book","damage_taken":16,"max_hp_gain":0,"max_hp_loss":0,"event_name":"Cursed Tome","floor":19,"gold_loss":0},{"damage_healed":0,"gold_gain":0,"player_choice":"2 cards matched","damage_taken":0,"max_hp_gain":0,"max_hp_loss":0,"event_name":"Match and Keep!","floor":22,"gold_loss":0,"cards_obtained":["Echo Form","Doom and Gloom"]}],"is_beta":true,"boss_relics":[{"not_picked":["Calling Bell","Black Star"],"picked":"Sozu"}],"items_purged_floors":[2,20],"is_endless":false,"potions_floor_spawned":[4,10,16],"killed_by":"Slavers","ascension_level":0}