{"gold_per_floor":[118,118,118,138,151,179,179,63,140,150,163,113,142,158,158,259,259,277,293,193,193,193,193,219,237,261,292,22,121,135,36,36,132,132,147,161,161,173,98,98,98,98,151,63,63,63,81,112,112,112,112,112,87,122,122],"floor_reached":55,"playtime":2966,"items_purged":["Eviscerate","Backstab","Skewer","Survivor","Neutralize+1"],"score":848,"play_id":"b1a87ad5-bf86-4a7d-8ecc-3eb351ab20df","local_time":"20190109234227","is_ascension_mode":true,"campfire_choices":[{"data":"Acrobatics","floor":7,"key":"SMITH"},{"data":"Calculated Gamble","floor":15,"key":"SMITH"},{"data":"Well Laid Plans","floor":23,"key":"SMITH"},{"data":"Calculated Gamble","floor":32,"key":"SMITH"},{"data":"Setup","floor":40,"key":"SMITH"},{"data":"Grand Finale","floor":42,"key":"SMITH"},{"floor":46,"key":"REST"},{"floor":49,"key":"RECALL"},{"data":"Terror","floor":52,"key":"SMITH"}],"neow_cost":"NONE","seed_source_timestamp":15276941186147,"circlet_count":0,"master_deck":["Grand Finale+1","Acrobatics+1","Grand Finale+1","Terror+1","Well Laid Plans+1","Calculated Gamble+1","Calculated Gamble+1","Acrobatics+1"],"relics":["Pandora\u0027s Box","Pen Nib","Odd Mushroom","Black Star","Kunai","Darkstone Periapt","Ancient Tea Set","Question Card","Lantern","Membership Card","Medical Kit","Empty Cage","Whetstone","Ice Cream","Happy Flower","Paper Crane","Blood Vial"],"potions_floor_usage":[36,55,55,55],"damage_taken":[{"damage":4,"enemies":"2 Louse","floor":1,"turns":2},{"damage":1,"enemies":"Jaw Worm","floor":4,"turns":3},{"damage":0,"enemies":"Cultist","floor":5,"turns":3},{"damage":30,"enemies":"3 Sentries","floor":6,"turns":6},{"damage":5,"enemies":"Lots of Slimes","floor":10,"turns":3},{"damage":0,"enemies":"2 Fungi Beasts","floor":11,"turns":1},{"damage":0,"enemies":"The Mushroom Lair","floor":13,"turns":2},{"damage":8,"enemies":"Large Slime","floor":14,"turns":2},{"damage":11,"enemies":"The Guardian","floor":16,"turns":5},{"damage":0,"enemies":"Spheric Guardian","floor":18,"turns":2},{"damage":15,"enemies":"2 Thieves","floor":19,"turns":3},{"damage":32,"enemies":"Slavers","floor":24,"turns":4},{"damage":0,"enemies":"3 Cultists","floor":25,"turns":2},{"damage":0,"enemies":"Gremlin Leader","floor":27,"turns":2},{"damage":0,"enemies":"Centurion and Healer","floor":30,"turns":2},{"damage":26,"enemies":"Collector","floor":33,"turns":4},{"damage":0,"enemies":"Orb Walker","floor":35,"turns":1},{"damage":21,"enemies":"3 Shapes","floor":36,"turns":3},{"damage":0,"enemies":"Sphere and 2 Shapes","floor":38,"turns":1},{"damage":0,"enemies":"3 Darklings","floor":47,"turns":1},{"damage":0,"enemies":"Reptomancer","floor":48,"turns":2},{"damage":0,"enemies":"Time Eater","floor":50,"turns":2},{"damage":10,"enemies":"Shield and Spear","floor":54,"turns":2},{"damage":109,"enemies":"The Heart","floor":55,"turns":3}],"seed_played":"-7987021133393260022","potions_obtained":[{"floor":5,"key":"Strength Potion"},{"floor":10,"key":"Poison Potion"},{"floor":11,"key":"SteroidPotion"},{"floor":13,"key":"EssenceOfSteel"},{"floor":18,"key":"Ancient Potion"},{"floor":27,"key":"Block Potion"},{"floor":47,"key":"FearPotion"}],"is_trial":false,"path_per_floor":["M","?","?","M","M","E","R","$","T","M","M","?","?","M","R","B",null,"M","M","$","?","?","R","E","M","T","E","$","?","M","$","R","B",null,"M","M","?","M","$","R","?","R","T","$","?","R","M","E","R","B",null,"R","$","E","B"],"character_chosen":"THE_SILENT","items_purchased":["Well Laid Plans","Membership Card","Medical Kit","SteroidPotion"],"campfire_rested":1,"item_purchase_floors":[8,28,31,53],"current_hp_per_floor":[66,71,71,70,70,40,40,40,40,35,35,35,35,27,27,16,75,75,60,60,75,61,61,29,29,29,29,29,29,29,29,29,3,80,80,59,59,59,59,59,59,59,59,59,59,80,80,80,80,80,80,80,80,70,0],"gold":122,"neow_bonus":"BOSS_RELIC","is_prod":false,"is_daily":false,"chose_seed":false,"campfire_upgraded":7,"win_rate":0,"timestamp":1547102547,"path_taken":["M","?","?","?","M","E","R","$","T","M","?","?","?","M","R","BOSS","M","M","$","?","?","R","E","M","T","E","$","?","M","$","R","BOSS","M","M","?","M","$","R","?","R","T","$","?","R","M","E","R","BOSS","R","$","E","BOSS"],"build_version":"2019-01-03v4","purchased_purges":5,"victory":false,"max_hp_per_floor":[70,75,75,75,75,75,75,75,75,75,75,75,75,75,75,75,75,75,75,75,75,80,80,80,80,80,80,80,80,80,80,80,80,80,80,80,80,80,80,80,80,80,80,80,80,80,80,80,80,80,80,80,80,80,80],"card_choices":[{"not_picked":["Cloak And Dagger","Tactician","Outmaneuver"],"picked":"SKIP","floor":1},{"not_picked":["Setup","Backstab","Concentrate"],"picked":"SKIP","floor":4},{"not_picked":["Bane","Catalyst"],"picked":"Footwork","floor":5},{"not_picked":["Flechettes","Backstab","Dagger Spray"],"picked":"SKIP","floor":6},{"not_picked":["Backflip","Eviscerate"],"picked":"Calculated Gamble","floor":10},{"not_picked":["Dagger Throw","PiercingWail","Outmaneuver"],"picked":"SKIP","floor":11},{"not_picked":["Cloak And Dagger","All Out Attack"],"picked":"Skewer","floor":13},{"not_picked":["Phantasmal Killer","Poisoned Stab","Masterful Stab"],"picked":"SKIP","floor":14},{"not_picked":["Caltrops","Concentrate","Riddle With Holes+1"],"picked":"SKIP","floor":18},{"not_picked":["Footwork+1","Heel Hook","Accuracy"],"picked":"SKIP","floor":19},{"not_picked":["PiercingWail","Terror","Dagger Throw"],"picked":"SKIP","floor":24},{"not_picked":["Flechettes","Deadly Poison","Cloak And Dagger"],"picked":"SKIP","floor":25},{"not_picked":["Concentrate+1","Escape Plan"],"picked":"Calculated Gamble","floor":27},{"not_picked":["Dash+1","Eviscerate","Prepared","Deflect"],"picked":"SKIP","floor":30},{"not_picked":["Flechettes","Prepared+1","Caltrops","Deadly Poison"],"picked":"SKIP","floor":35},{"not_picked":["Prepared","Slice","Blade Dance","Sucker Punch+1"],"picked":"SKIP","floor":36},{"not_picked":["Noxious Fumes+1","Escape Plan+1","Acrobatics+1","Cloak And Dagger+1"],"picked":"SKIP","floor":38},{"not_picked":["PiercingWail+1","Sucker Punch+1","Flying Knee+1","Tactician"],"picked":"SKIP","floor":47},{"not_picked":["Sucker Punch+1","Dodge and Roll","Glass Knife","Acrobatics+1"],"picked":"SKIP","floor":48},{"not_picked":["Blade Dance+1","Riddle With Holes","Dagger Spray+1"],"picked":"Acrobatics+1","floor":54}],"player_experience":278501,"relics_obtained":[{"floor":6,"key":"Pen Nib"},{"floor":13,"key":"Odd Mushroom"},{"floor":24,"key":"Kunai"},{"floor":24,"key":"Darkstone Periapt"},{"floor":26,"key":"Ancient Tea Set"},{"floor":27,"key":"Question Card"},{"floor":27,"key":"Lantern"},{"floor":43,"key":"Whetstone"},{"floor":48,"key":"Ice Cream"},{"floor":48,"key":"Happy Flower"},{"floor":54,"key":"Paper Crane"},{"floor":54,"key":"Blood Vial"}],"event_choices":[{"damage_healed":0,"gold_gain":0,"player_choice":"Donut","damage_taken":0,"max_hp_gain":5,"max_hp_loss":0,"event_name":"Big Fish","floor":2,"gold_loss":0},{"cards_removed":["Catalyst"],"damage_healed":0,"gold_gain":0,"player_choice":"Purged","damage_taken":0,"max_hp_gain":0,"max_hp_loss":0,"event_name":"Purifier","floor":3,"gold_loss":0},{"cards_removed":["Finisher"],"damage_healed":0,"gold_gain":0,"player_choice":"Card Removal","damage_taken":0,"max_hp_gain":0,"max_hp_loss":0,"event_name":"The Cleric","floor":12,"gold_loss":50},{"damage_healed":0,"gold_gain":0,"player_choice":"Fought Mushrooms","damage_taken":0,"max_hp_gain":0,"max_hp_loss":0,"event_name":"Mushrooms","floor":13,"gold_loss":0},{"damage_healed":25,"gold_gain":0,"player_choice":"Heal","damage_taken":0,"max_hp_gain":0,"max_hp_loss":0,"event_name":"The Library","floor":21,"gold_loss":0},{"damage_healed":0,"gold_gain":0,"player_choice":"Shed Blood","damage_taken":19,"max_hp_gain":5,"max_hp_loss":0,"event_name":"Forgotten Altar","floor":22,"gold_loss":0},{"damage_healed":0,"gold_gain":99,"player_choice":"Stole From Cult","damage_taken":0,"max_hp_gain":0,"max_hp_loss":0,"event_name":"Nest","floor":29,"gold_loss":0},{"damage_healed":0,"gold_gain":0,"player_choice":"Ignored","damage_taken":0,"max_hp_gain":0,"max_hp_loss":0,"event_name":"Tomb of Lord Red Mask","floor":37,"gold_loss":0},{"cards_removed":["Setup"],"damage_healed":0,"gold_gain":0,"player_choice":"Removed Skill","damage_taken":0,"max_hp_gain":0,"max_hp_loss":0,"event_name":"Falling","floor":41,"gold_loss":0},{"damage_healed":0,"gold_gain":0,"player_choice":"Ignored","damage_taken":0,"max_hp_gain":0,"max_hp_loss":0,"event_name":"Duplicator","floor":45,"gold_loss":0}],"is_beta":false,"boss_relics":[{"not_picked":["Sozu","Calling Bell"],"picked":"Black Star"},{"not_picked":["Busted Crown","Cursed Key"],"picked":"Empty Cage"}],"items_purged_floors":[8,20,28,39,44],"is_endless":false,"potions_floor_spawned":[5,10,11,13,16,18,27,47],"killed_by":"The Heart","ascension_level":1}