{"gold_per_floor":[361,13,13,13,24,57,57,69,94,129,140,123,153,169,169,169],"floor_reached":16,"playtime":995,"items_purged":[],"score":195,"play_id":"4db236c3-1ef8-41f6-862e-9c73bce17bd2","local_time":"20190410205552","is_ascension_mode":true,"campfire_choices":[{"data":"True Grit","floor":7,"key":"SMITH"},{"floor":15,"key":"REST"}],"neow_cost":"CURSE","seed_source_timestamp":37801694994464,"circlet_count":0,"master_deck":["AscendersBane","Strike_R","Strike_R","Strike_R","Strike_R","Strike_R","Defend_R","Defend_R","Defend_R","Defend_R","Bash","True Grit+1","Shockwave","Feel No Pain","Metallicize","Rampage","Iron Wave","Headbutt","Limit Break","Battle Trance"],"relics":["Burning Blood","OrangePellets","Oddly Smooth Stone","Boot","Art of War","Omamori","Question Card"],"potions_floor_usage":[11,13,13,16],"damage_taken":[{"damage":14,"enemies":"Jaw Worm","floor":1,"turns":5},{"damage":2,"enemies":"Cultist","floor":5,"turns":4},{"damage":26,"enemies":"Gremlin Nob","floor":6,"turns":5},{"damage":0,"enemies":"2 Louse","floor":8,"turns":3},{"damage":26,"enemies":"3 Sentries","floor":10,"turns":16},{"damage":4,"enemies":"Red Slaver","floor":11,"turns":5},{"damage":16,"enemies":"Exordium Thugs","floor":12,"turns":4},{"damage":2,"enemies":"Gremlin Nob","floor":13,"turns":3},{"damage":6,"enemies":"Looter","floor":14,"turns":4},{"damage":62,"enemies":"Slime Boss","floor":16,"turns":13}],"seed_played":"7168666695992747133","potions_obtained":[{"floor":1,"key":"FearPotion"},{"floor":10,"key":"BloodPotion"},{"floor":12,"key":"Poison Potion"},{"floor":14,"key":"SteroidPotion"}],"is_trial":false,"path_per_floor":["M","$","?","?","M","E","R","M","T","E","M","M","E","M","R","B"],"character_chosen":"IRONCLAD","items_purchased":["OrangePellets","Oddly Smooth Stone"],"campfire_rested":1,"item_purchase_floors":[2,2],"current_hp_per_floor":[64,64,64,64,68,48,48,54,54,34,44,34,38,38,62,0],"gold":169,"neow_bonus":"TWO_FIFTY_GOLD","is_prod":false,"is_daily":false,"chose_seed":false,"campfire_upgraded":1,"win_rate":0,"timestamp":1554954952,"path_taken":["M","$","?","?","M","E","R","M","T","E","?","M","E","M","R","BOSS"],"build_version":"2019-01-23","purchased_purges":0,"victory":false,"max_hp_per_floor":[80,80,80,80,80,80,80,80,80,80,80,80,80,80,80,80],"card_choices":[{"not_picked":["Pummel","Spot Weakness"],"picked":"True Grit","floor":1},{"not_picked":["Ghostly Armor","Dual Wield"],"picked":"Shockwave","floor":5},{"not_picked":["Clash","Armaments"],"picked":"Feel No Pain","floor":6},{"not_picked":["Clash","Body Slam"],"picked":"Metallicize","floor":8},{"not_picked":["Rupture","Metallicize"],"picked":"Rampage","floor":10},{"not_picked":["Thunderclap","Clothesline"],"picked":"Iron Wave","floor":11},{"not_picked":["Body Slam","Wild Strike"],"picked":"Headbutt","floor":12},{"not_picked":["Iron Wave","Searing Blow"],"picked":"Limit Break","floor":13},{"not_picked":["Anger","Thunderclap","Clothesline"],"picked":"Battle Trance","floor":14}],"player_experience":635185,"relics_obtained":[{"floor":6,"key":"Boot"},{"floor":9,"key":"Art of War"},{"floor":10,"key":"Omamori"},{"floor":13,"key":"Question Card"}],"event_choices":[{"damage_healed":0,"gold_gain":0,"player_choice":"Leave","damage_taken":0,"max_hp_gain":0,"max_hp_loss":0,"event_name":"The Cleric","floor":3,"gold_loss":0},{"cards_removed":["Normality"],"damage_healed":0,"gold_gain":0,"player_choice":"Purged","damage_taken":0,"max_hp_gain":0,"max_hp_loss":0,"event_name":"Purifier","floor":4,"gold_loss":0}],"is_beta":false,"boss_relics":[],"items_purged_floors":[],"is_endless":false,"potions_floor_spawned":[1,10,12,14],"killed_by":"Slime Boss","ascension_level":12}