{"gold_per_floor":[116,116,116,129,141,141,171,171,171,59,59,59,70,87,87,192,192,207,217,230,21,21,47,47,108,156,156],"floor_reached":27,"playtime":1994,"items_purged":["Decay"],"score":264,"play_id":"76d6b5d8-6a5a-4c12-85aa-ffb6571f3813","local_time":"20190103232750","is_ascension_mode":true,"campfire_choices":[{"data":"Night Terror","floor":6,"key":"SMITH"},{"data":"Neutralize","floor":8,"key":"SMITH"},{"floor":12,"key":"REST"},{"data":"Blade Dance","floor":15,"key":"SMITH"},{"data":"After Image","floor":24,"key":"SMITH"}],"neow_cost":"CURSE","seed_source_timestamp":12844800456621,"circlet_count":0,"master_deck":["Defend_G","Defend_G","Defend_G","Defend_G","Defend_G","Strike_G","Strike_G","Strike_G","Strike_G","Strike_G","Survivor","Neutralize+1","Night Terror+1","Blade Dance+1","Calculated Gamble+1","Noxious Fumes","Cloak And Dagger+1","Dash","Accuracy","After Image+1","Dodge and Roll+1","Backflip+1","Backflip+1","A Thousand Cuts","Deadly Poison+1","Envenom"],"relics":["Ring of the Snake","Toxic Egg 2","Shuriken","Black Star","Membership Card","Happy Flower","Question Card","Tiny Chest","Orichalcum","Bag of Marbles"],"potions_floor_usage":[5,19,23,25,25],"damage_taken":[{"damage":8,"enemies":"Small Slimes","floor":1,"turns":4},{"damage":7,"enemies":"Cultist","floor":4,"turns":6},{"damage":0,"enemies":"Jaw Worm","floor":5,"turns":3},{"damage":46,"enemies":"3 Sentries","floor":7,"turns":14},{"damage":2,"enemies":"Large Slime","floor":13,"turns":6},{"damage":4,"enemies":"Looter","floor":14,"turns":3},{"damage":14,"enemies":"The Guardian","floor":16,"turns":8},{"damage":1,"enemies":"Shell Parasite","floor":18,"turns":9},{"damage":20,"enemies":"2 Thieves","floor":19,"turns":2},{"damage":2,"enemies":"Centurion and Healer","floor":20,"turns":5},{"damage":24,"enemies":"Book of Stabbing","floor":23,"turns":7},{"damage":19,"enemies":"Slavers","floor":25,"turns":9},{"damage":46,"enemies":"Gremlin Leader","floor":27,"turns":4}],"seed_played":"1690283118090323754","potions_obtained":[{"floor":4,"key":"AttackPotion"},{"floor":13,"key":"SteroidPotion"},{"floor":14,"key":"Regen Potion"},{"floor":16,"key":"FearPotion"},{"floor":19,"key":"Fire Potion"},{"floor":23,"key":"FearPotion"},{"floor":25,"key":"GamblersBrew"}],"is_trial":false,"path_per_floor":["M","?","?","M","M","R","E","R","T","$","T","R","M","M","R","B",null,"M","M","M","$","?","E","R","E","T","E"],"character_chosen":"THE_SILENT","items_purchased":["Noxious Fumes","Membership Card"],"campfire_rested":1,"item_purchase_floors":[10,21],"current_hp_per_floor":[62,67,67,60,60,60,14,14,14,14,14,36,34,30,30,16,75,74,54,52,52,75,65,65,46,46,0],"gold":156,"neow_bonus":"THREE_RARE_CARDS","is_prod":false,"is_daily":false,"chose_seed":false,"campfire_upgraded":4,"win_rate":0,"timestamp":1546583270,"path_taken":["M","?","?","?","M","R","E","R","T","$","?","R","M","M","R","BOSS","M","M","M","$","?","E","R","E","T","E"],"build_version":"2019-01-03v3","purchased_purges":1,"victory":false,"max_hp_per_floor":[70,75,75,75,75,75,75,75,75,75,75,75,75,75,75,75,75,75,75,75,75,75,75,75,75,75,75],"card_choices":[{"not_picked":["Tools of the Trade","Malaise"],"picked":"Night Terror","floor":0},{"not_picked":["Dagger Throw","Cloak And Dagger","Poisoned Stab"],"picked":"SKIP","floor":1},{"not_picked":["Dodge and Roll","Dagger Spray","Endless Agony"],"picked":"SKIP","floor":4},{"not_picked":["Underhanded Strike","Leg Sweep"],"picked":"Blade Dance","floor":5},{"not_picked":["Bane","Terror"],"picked":"Calculated Gamble","floor":7},{"not_picked":["Acrobatics+1","Concentrate+1"],"picked":"Cloak And Dagger+1","floor":13},{"not_picked":["Catalyst+1","Accuracy"],"picked":"Dash","floor":14},{"not_picked":["Catalyst+1","Dash"],"picked":"Accuracy","floor":14},{"not_picked":["Corpse Explosion+1","Night Terror+1"],"picked":"After Image","floor":16},{"not_picked":["Setup+1","Flying Knee"],"picked":"Dodge and Roll+1","floor":18},{"not_picked":["Underhanded Strike","Endless Agony"],"picked":"Backflip+1","floor":19},{"not_picked":["Poisoned Stab+1","Flying Knee+1"],"picked":"Backflip+1","floor":20},{"not_picked":["Deadly Poison+1","Underhanded Strike+1"],"picked":"A Thousand Cuts","floor":23},{"not_picked":["A Thousand Cuts","Underhanded Strike+1"],"picked":"Deadly Poison+1","floor":23},{"not_picked":["Poisoned Stab","Prepared+1","Deflect+1"],"picked":"Envenom","floor":25}],"player_experience":234791,"relics_obtained":[{"floor":7,"key":"Toxic Egg 2"},{"floor":9,"key":"Shuriken"},{"floor":23,"key":"Happy Flower"},{"floor":23,"key":"Question Card"},{"floor":25,"key":"Tiny Chest"},{"floor":25,"key":"Orichalcum"},{"floor":26,"key":"Bag of Marbles"}],"event_choices":[{"damage_healed":0,"gold_gain":0,"player_choice":"Donut","damage_taken":0,"max_hp_gain":5,"max_hp_loss":0,"event_name":"Big Fish","floor":2,"gold_loss":0},{"damage_healed":0,"gold_gain":0,"player_choice":"Bought 0 Potions","damage_taken":0,"max_hp_gain":0,"max_hp_loss":0,"event_name":"The Woman in Blue","floor":3,"gold_loss":0},{"damage_healed":25,"gold_gain":0,"player_choice":"Heal","damage_taken":0,"max_hp_gain":0,"max_hp_loss":0,"event_name":"The Library","floor":22,"gold_loss":0}],"is_beta":false,"boss_relics":[{"not_picked":["Ectoplasm","Eternal Feather"],"picked":"Black Star"}],"items_purged_floors":[10],"is_endless":false,"potions_floor_spawned":[4,13,14,16,19,23,25],"killed_by":"Gremlin Leader","ascension_level":1}