{"gold_per_floor":[15,25,25,125,141,141,179,197,276,296,296,311,311,331,331,455,455,474,389,389,71,92,92,125,50,50,0,0,43,43,59,59,59],"floor_reached":33,"playtime":2608,"items_purged":[],"score":413,"play_id":"10226400-5975-4294-8adb-12d75f31d380","local_time":"20190813184246","is_ascension_mode":true,"campfire_choices":[{"data":"Bash","floor":6,"key":"SMITH"},{"floor":11,"key":"REST"},{"floor":13,"key":"REST"},{"floor":15,"key":"REST"},{"data":"Corruption","floor":23,"key":"SMITH"},{"data":"Armaments","floor":28,"key":"SMITH"},{"floor":32,"key":"REST"}],"neow_cost":"NO_GOLD","seed_source_timestamp":112569706708477,"circlet_count":0,"master_deck":["Strike_R+1","Strike_R+1","Strike_R+1","Strike_R+1","Strike_R+1","Defend_R+1","Defend_R+1","Defend_R+1","Defend_R+1","Bash+1","Clothesline","Metallicize","Burning Pact","Bludgeon","Twin Strike","Headbutt","Shrug It Off","Havoc","Fiend Fire","Pommel Strike+1","Shrug It Off","Corruption+1","Armaments+1","Inflame","Bludgeon"],"relics":["Burning Blood","Torii","Golden Idol","Champion Belt","Paper Frog","Velvet Choker","Anchor","Charon\u0027s Ashes","Self Forming Clay","Bottled Lightning","Incense Burner"],"potions_floor_usage":[5,8,22,29,33],"damage_taken":[{"damage":10,"enemies":"2 Louse","floor":1,"turns":3},{"damage":2,"enemies":"Small Slimes","floor":2,"turns":4},{"damage":7,"enemies":"Cultist","floor":5,"turns":4},{"damage":60,"enemies":"Lagavulin","floor":7,"turns":9},{"damage":1,"enemies":"2 Fungi Beasts","floor":8,"turns":3},{"damage":2,"enemies":"Blue Slaver","floor":10,"turns":3},{"damage":43,"enemies":"Exordium Thugs","floor":12,"turns":6},{"damage":9,"enemies":"2 Fungi Beasts","floor":14,"turns":4},{"damage":47,"enemies":"Slime Boss","floor":16,"turns":15},{"damage":1,"enemies":"Chosen","floor":18,"turns":4},{"damage":0,"enemies":"Spheric Guardian","floor":22,"turns":2},{"damage":21,"enemies":"Book of Stabbing","floor":24,"turns":6},{"damage":41,"enemies":"Gremlin Leader","floor":29,"turns":6},{"damage":7,"enemies":"Centurion and Healer","floor":31,"turns":6},{"damage":68,"enemies":"Champ","floor":33,"turns":10}],"seed_played":"-3925631512693906736","potions_obtained":[{"floor":2,"key":"GamblersBrew"},{"floor":7,"key":"EssenceOfSteel"},{"floor":16,"key":"Energy Potion"},{"floor":22,"key":"AttackPotion"},{"floor":24,"key":"Strength Potion"}],"is_trial":false,"path_per_floor":["M","M","?","?","M","R","E","M","T","M","R","M","R","M","R","B",null,"M","?","?","$","M","R","E","$","T","?","R","E","?","M","R","B"],"character_chosen":"IRONCLAD","items_purchased":["Charon\u0027s Ashes","Shrug It Off","Inflame"],"campfire_rested":4,"item_purchase_floors":[21,21,25],"current_hp_per_floor":[68,72,72,72,71,71,17,22,22,26,50,13,37,34,58,17,64,69,69,69,69,75,75,60,60,60,60,60,25,25,24,48,0],"gold":59,"neow_bonus":"ONE_RARE_RELIC","is_prod":false,"is_daily":false,"chose_seed":false,"campfire_upgraded":3,"win_rate":0,"timestamp":1565718166,"path_taken":["M","M","?","?","?","R","E","M","T","M","R","M","R","M","R","BOSS","M","?","?","$","?","R","E","$","T","?","R","E","?","M","R","BOSS"],"build_version":"2019-07-17","purchased_purges":0,"victory":false,"max_hp_per_floor":[80,80,80,80,80,80,80,80,80,80,80,80,80,80,80,80,80,80,80,80,80,80,80,80,80,80,80,80,80,80,80,80,80],"card_choices":[{"not_picked":["Flex","Body Slam"],"picked":"Clothesline","floor":1},{"not_picked":["Anger","Havoc"],"picked":"Metallicize","floor":2},{"not_picked":["Rage","True Grit"],"picked":"Burning Pact","floor":5},{"not_picked":["Infernal Blade","Armaments"],"picked":"Bludgeon","floor":7},{"not_picked":["Flex","Battle Trance"],"picked":"Twin Strike","floor":8},{"not_picked":["Rupture","Shrug It Off"],"picked":"Headbutt","floor":10},{"not_picked":["Burning Pact","Warcry"],"picked":"Shrug It Off","floor":12},{"not_picked":["Flex","Barricade"],"picked":"Havoc","floor":14},{"not_picked":["Juggernaut","Feed"],"picked":"Fiend Fire","floor":16},{"not_picked":["Cleave","Flame Barrier"],"picked":"Pommel Strike+1","floor":18},{"not_picked":["Anger","Headbutt"],"picked":"Corruption","floor":22},{"not_picked":["Heavy Blade+1","Anger"],"picked":"Armaments","floor":24},{"not_picked":["Pommel Strike","Rupture"],"picked":"Bludgeon","floor":29},{"not_picked":["Wild Strike","True Grit","Headbutt"],"picked":"SKIP","floor":31}],"player_experience":193556,"relics_obtained":[{"floor":7,"key":"Champion Belt"},{"floor":9,"key":"Paper Frog"},{"floor":24,"key":"Self Forming Clay"},{"floor":26,"key":"Bottled Lightning"},{"floor":29,"key":"Incense Burner"}],"event_choices":[{"damage_healed":0,"gold_gain":0,"player_choice":"Take Wound","damage_taken":0,"relics_obtained":["Golden Idol"],"max_hp_gain":0,"max_hp_loss":0,"event_name":"Golden Idol","floor":3,"gold_loss":0,"cards_obtained":["Injury"]},{"damage_healed":0,"gold_gain":100,"player_choice":"Pray","damage_taken":0,"max_hp_gain":0,"max_hp_loss":0,"event_name":"Golden Shrine","floor":4,"gold_loss":0},{"damage_healed":0,"gold_gain":0,"player_choice":"Obtained Relic","damage_taken":0,"relics_obtained":["Anchor"],"max_hp_gain":0,"max_hp_loss":0,"event_name":"Addict","floor":19,"gold_loss":85},{"cards_removed":["Injury"],"damage_healed":0,"gold_gain":0,"player_choice":"Purged","damage_taken":0,"max_hp_gain":0,"max_hp_loss":0,"event_name":"Purifier","floor":20,"gold_loss":0},{"damage_healed":0,"gold_gain":0,"player_choice":"Paid Fearfully","damage_taken":0,"max_hp_gain":0,"max_hp_loss":0,"event_name":"Masked Bandits","floor":27,"gold_loss":50},{"damage_healed":0,"gold_gain":0,"player_choice":"Simplicity","damage_taken":0,"max_hp_gain":0,"max_hp_loss":0,"event_name":"Back to Basics","floor":30,"gold_loss":0,"cards_upgraded":["Strike_R","Strike_R","Strike_R","Strike_R","Strike_R","Defend_R","Defend_R","Defend_R","Defend_R"]}],"is_beta":false,"boss_relics":[{"not_picked":["Runic Dome","Lizard Tail"],"picked":"Velvet Choker"}],"items_purged_floors":[],"is_endless":false,"potions_floor_spawned":[2,7,16,22,24],"killed_by":"Champ","ascension_level":9}