{"gold_per_floor":[114,114,191,202,377,411,411,422,422,447,462,462,462,489,489,489],"floor_reached":16,"playtime":630,"items_purged":[],"score":213,"play_id":"235774ec-2e6b-4a74-9d22-c8f7689a1924","local_time":"20190407084933","is_ascension_mode":true,"campfire_choices":[{"data":"Bash","floor":7,"key":"SMITH"},{"data":"Whirlwind","floor":13,"key":"SMITH"},{"data":"Fiend Fire","floor":15,"key":"SMITH"}],"neow_cost":"NONE","seed_source_timestamp":95463581074654,"circlet_count":0,"master_deck":["AscendersBane","Strike_R","Strike_R","Strike_R","Strike_R","Strike_R+1","Defend_R","Defend_R","Defend_R","Defend_R+1","Bash+1","Whirlwind+1","Dropkick","Doubt","Fiend Fire+1","Clothesline","Shrug It Off","Pain"],"relics":["Burning Blood","NeowsBlessing","Question Card","Frozen Egg 2","Darkstone Periapt","Odd Mushroom","WarpedTongs","Singing Bowl"],"potions_floor_usage":[10,14,16],"damage_taken":[{"damage":0,"enemies":"2 Louse","floor":1,"turns":1},{"damage":0,"enemies":"Jaw Worm","floor":4,"turns":1},{"damage":0,"enemies":"Lagavulin","floor":6,"turns":2},{"damage":7,"enemies":"Small Slimes","floor":8,"turns":3},{"damage":28,"enemies":"The Mushroom Lair","floor":10,"turns":4},{"damage":0,"enemies":"2 Fungi Beasts","floor":11,"turns":3},{"damage":17,"enemies":"3 Sentries","floor":14,"turns":5},{"damage":54,"enemies":"Hexaghost","floor":16,"turns":13}],"seed_played":"5839100986698019714","potions_obtained":[{"floor":6,"key":"GamblersBrew"},{"floor":11,"key":"Block Potion"},{"floor":14,"key":"Block Potion"}],"is_trial":false,"path_per_floor":["M","?","T","M","?","E","R","M","T","?","M","?","R","E","R","B"],"character_chosen":"IRONCLAD","items_purchased":[],"campfire_rested":0,"item_purchase_floors":[],"current_hp_per_floor":[78,62,62,68,68,74,74,73,73,51,57,63,63,54,54,0],"gold":489,"neow_bonus":"THREE_ENEMY_KILL","is_prod":false,"is_daily":false,"chose_seed":false,"campfire_upgraded":3,"win_rate":0,"timestamp":1554652173,"path_taken":["M","?","?","M","?","E","R","M","T","?","M","?","R","E","R","BOSS"],"build_version":"2019-01-23","purchased_purges":0,"victory":false,"max_hp_per_floor":[80,80,80,80,80,80,80,80,80,80,80,86,86,88,88,88],"card_choices":[{"not_picked":["Flex","Battle Trance"],"picked":"Whirlwind","floor":1},{"not_picked":["Havoc","Heavy Blade","Infernal Blade"],"picked":"Dropkick","floor":4},{"not_picked":["Cleave","Carnage","Sword Boomerang"],"picked":"Fiend Fire","floor":6},{"not_picked":["Anger","Twin Strike","Fire Breathing+1"],"picked":"Clothesline","floor":8},{"not_picked":["Hemokinesis","Immolate","Cleave"],"picked":"Shrug It Off","floor":11},{"not_picked":["Searing Blow","Cleave","Shrug It Off","Clash"],"picked":"Singing Bowl","floor":14}],"player_experience":618568,"relics_obtained":[{"floor":3,"key":"Question Card"},{"floor":6,"key":"Frozen Egg 2"},{"floor":9,"key":"Darkstone Periapt"},{"floor":10,"key":"Odd Mushroom"},{"floor":14,"key":"Singing Bowl"}],"event_choices":[{"damage_healed":0,"gold_gain":0,"player_choice":"Entered Light","damage_taken":16,"max_hp_gain":0,"max_hp_loss":0,"event_name":"Shining Light","floor":2,"gold_loss":0,"cards_upgraded":["Strike_R","Defend_R"]},{"damage_healed":0,"gold_gain":175,"player_choice":"AGREE","damage_taken":0,"max_hp_gain":0,"max_hp_loss":0,"event_name":"Liars Game","floor":5,"gold_loss":0,"cards_obtained":["Doubt"]},{"damage_healed":0,"gold_gain":0,"player_choice":"Fought Mushrooms","damage_taken":0,"max_hp_gain":0,"max_hp_loss":0,"event_name":"Mushrooms","floor":10,"gold_loss":0},{"damage_healed":0,"gold_gain":0,"player_choice":"Rummage","damage_taken":0,"relics_obtained":["WarpedTongs"],"max_hp_gain":0,"max_hp_loss":0,"event_name":"Accursed Blacksmith","floor":12,"gold_loss":0,"cards_obtained":["Pain"]}],"is_beta":false,"boss_relics":[],"items_purged_floors":[],"is_endless":false,"potions_floor_spawned":[6,11,14],"killed_by":"Hexaghost","ascension_level":12}