{"gold_per_floor":[110,122,122,122,71,71,84,84,111,142,142,317,332,359,359,454,454,473,483,155,155,0,0,0,0,0,31,49,67,67],"floor_reached":30,"playtime":1595,"items_purged":["Decay"],"score":282,"play_id":"91537d5b-8d2f-454c-ab0b-1bdb82eceadc","local_time":"20190707111034","is_ascension_mode":true,"campfire_choices":[{"floor":8,"key":"REST"},{"floor":11,"key":"REST"},{"floor":15,"key":"REST"},{"floor":23,"key":"REST"},{"floor":25,"key":"REST"}],"neow_cost":"NONE","seed_source_timestamp":787968971657908,"circlet_count":0,"master_deck":["Strike_R","Strike_R","Strike_R","Strike_R","Strike_R","Defend_R","Defend_R","Defend_R","Defend_R","Bash","Perfected Strike","Flame Barrier","Flex","Clothesline","Body Slam","Doubt","Iron Wave","Anger","Immolate","Headbutt","Cleave","Rage+1","Rage+1","Iron Wave","Body Slam","Rage+1"],"relics":["Burning Blood","Dead Branch","Ginger","Bag of Preparation","Singing Bowl","Toxic Egg 2","Philosopher\u0027s Stone","Mummified Hand","Ornamental Fan","Potion Belt"],"potions_floor_usage":[14,16,30],"damage_taken":[{"damage":7,"enemies":"2 Louse","floor":1,"turns":4},{"damage":3,"enemies":"Jaw Worm","floor":2,"turns":4},{"damage":6,"enemies":"Small Slimes","floor":7,"turns":3},{"damage":32,"enemies":"3 Sentries","floor":10,"turns":7},{"damage":12,"enemies":"Blue Slaver","floor":13,"turns":4},{"damage":37,"enemies":"Gremlin Nob","floor":14,"turns":6},{"damage":43,"enemies":"Slime Boss","floor":16,"turns":11},{"damage":46,"enemies":"Shell Parasite","floor":18,"turns":8},{"damage":20,"enemies":"Chosen","floor":19,"turns":5},{"damage":49,"enemies":"Book of Stabbing","floor":27,"turns":6},{"damage":10,"enemies":"Centurion and Healer","floor":28,"turns":5},{"damage":25,"enemies":"Chosen and Byrds","floor":29,"turns":5},{"damage":34,"enemies":"Gremlin Leader","floor":30,"turns":4}],"seed_played":"-5575657755113854585","potions_obtained":[{"floor":7,"key":"Energy Potion"},{"floor":10,"key":"GamblersBrew"},{"floor":13,"key":"Fruit Juice"},{"floor":28,"key":"Poison Potion"},{"floor":29,"key":"PowerPotion"}],"is_trial":false,"path_per_floor":["M","M","?","?","$","?","M","R","T","E","R","?","M","E","R","B",null,"M","M","$","?","$","R","$","R","T","E","M","M","E"],"character_chosen":"IRONCLAD","items_purchased":["Flex","Mummified Hand","Rage+1","Rage+1"],"campfire_rested":5,"item_purchase_floors":[5,20,20,22],"current_hp_per_floor":[87,88,88,81,81,63,63,88,88,62,88,88,82,56,83,46,93,53,39,39,39,39,66,66,93,93,50,46,27,0],"gold":67,"neow_bonus":"TEN_PERCENT_HP_BONUS","is_prod":false,"is_daily":false,"chose_seed":false,"campfire_upgraded":0,"win_rate":0,"timestamp":1562494234,"path_taken":["M","M","?","?","$","?","M","R","T","E","R","?","?","E","R","BOSS","M","M","$","?","$","R","$","R","T","E","?","?","E"],"build_version":"2019-07-05","purchased_purges":1,"victory":false,"max_hp_per_floor":[88,88,88,88,88,88,88,88,88,88,88,88,88,93,93,93,93,93,93,93,93,93,93,93,93,93,93,93,93,93],"card_choices":[{"not_picked":["True Grit","Clash"],"picked":"Perfected Strike","floor":1},{"not_picked":["True Grit","Second Wind"],"picked":"Flame Barrier","floor":2},{"not_picked":["Evolve","Searing Blow"],"picked":"Clothesline","floor":7},{"not_picked":["Flex","Iron Wave"],"picked":"Body Slam","floor":10},{"not_picked":["Burning Pact","Wild Strike"],"picked":"Iron Wave","floor":13},{"not_picked":["Flame Barrier","Twin Strike"],"picked":"Anger","floor":14},{"not_picked":["Fiend Fire","Reaper"],"picked":"Immolate","floor":16},{"not_picked":["Reckless Charge","Perfected Strike"],"picked":"Headbutt","floor":18},{"not_picked":["Clash","Warcry+1"],"picked":"Cleave","floor":19},{"not_picked":["Dropkick","Wild Strike"],"picked":"Iron Wave","floor":27},{"not_picked":["Metallicize","Thunderclap"],"picked":"Body Slam","floor":28},{"not_picked":["Wild Strike+1","Flame Barrier+1"],"picked":"Rage+1","floor":29}],"player_experience":59075,"relics_obtained":[{"floor":9,"key":"Bag of Preparation"},{"floor":10,"key":"Singing Bowl"},{"floor":14,"key":"Toxic Egg 2"},{"floor":26,"key":"Ornamental Fan"},{"floor":27,"key":"Potion Belt"}],"event_choices":[{"damage_healed":0,"gold_gain":0,"player_choice":"Box","damage_taken":0,"relics_obtained":["Dead Branch"],"max_hp_gain":0,"max_hp_loss":0,"event_name":"Big Fish","floor":3,"gold_loss":0,"cards_obtained":["Regret"]},{"cards_removed":["Regret"],"damage_healed":0,"gold_gain":0,"player_choice":"Card Removal","damage_taken":7,"max_hp_gain":0,"max_hp_loss":0,"event_name":"Golden Wing","floor":4,"gold_loss":0},{"damage_healed":0,"gold_gain":0,"player_choice":"Success","damage_taken":18,"relics_obtained":["Ginger"],"max_hp_gain":0,"max_hp_loss":0,"event_name":"Scrap Ooze","floor":6,"gold_loss":0},{"damage_healed":0,"gold_gain":175,"player_choice":"AGREE","damage_taken":0,"max_hp_gain":0,"max_hp_loss":0,"event_name":"Liars Game","floor":12,"gold_loss":0,"cards_obtained":["Doubt"]},{"damage_healed":0,"gold_gain":0,"player_choice":"Cursed","damage_taken":0,"max_hp_gain":0,"max_hp_loss":0,"event_name":"Wheel of Change","floor":21,"gold_loss":0,"cards_obtained":["Decay"]}],"is_beta":false,"boss_relics":[{"not_picked":["Sozu","Coffee Dripper"],"picked":"Philosopher\u0027s Stone"}],"items_purged_floors":[22],"is_endless":false,"potions_floor_spawned":[7,10,13,28,29],"killed_by":"Gremlin Leader","ascension_level":2}