{"gold_per_floor":[115,115,132,57,70,70,97,97,122,141,155,175,175,7,7,109,109,126,126,126,146,21,21,21,21,48,60,89,89,14,33,33,33],"floor_reached":33,"playtime":1958,"items_purged":["Strike_B","Strike_B","Strike_B"],"score":317,"play_id":"2a503c92-6bca-4578-bf13-b6b59ce50f1b","local_time":"20181221035633","is_ascension_mode":true,"campfire_choices":[{"data":"Chaos","floor":6,"key":"SMITH"},{"data":"Rainbow","floor":8,"key":"SMITH"},{"data":"Compile Driver","floor":13,"key":"SMITH"},{"data":"Glacier","floor":15,"key":"SMITH"},{"data":"Recycle","floor":23,"key":"SMITH"},{"data":"Recycle","floor":25,"key":"SMITH"},{"data":"RitualDagger","floor":29,"key":"SMITH"},{"floor":32,"key":"REST"}],"neow_cost":"PERCENT_DAMAGE","seed_source_timestamp":151777967316644,"circlet_count":0,"master_deck":["Defend_B","Defend_B","Defend_B","Defend_B","Zap","Dualcast","Chaos+1","Redo","Rainbow+1","Compile Driver+1","Glacier+1","Meteor Strike","Recycle+1","Recycle+1","RitualDagger+1","Reboot","Leap"],"relics":["Cracked Core","Happy Flower","Runic Pyramid","Bag of Marbles","Ancient Tea Set","Strawberry"],"potions_floor_usage":[11,27,28,28,28,28,33],"damage_taken":[{"damage":0,"enemies":"2 Louse","floor":1,"turns":3},{"damage":6,"enemies":"Cultist","floor":3,"turns":3},{"damage":10,"enemies":"Small Slimes","floor":5,"turns":4},{"damage":19,"enemies":"Lagavulin","floor":7,"turns":7},{"damage":3,"enemies":"Exordium Wildlife","floor":10,"turns":3},{"damage":0,"enemies":"Blue Slaver","floor":11,"turns":2},{"damage":16,"enemies":"Large Slime","floor":12,"turns":3},{"damage":17,"enemies":"The Guardian","floor":16,"turns":11},{"damage":0,"enemies":"3 Byrds","floor":18,"turns":4},{"damage":6,"enemies":"Spheric Guardian","floor":21,"turns":4},{"damage":7,"enemies":"3 Cultists","floor":27,"turns":6},{"damage":39,"enemies":"Slavers","floor":28,"turns":6},{"damage":14,"enemies":"Snake Plant","floor":31,"turns":3},{"damage":76,"enemies":"Automaton","floor":33,"turns":12}],"seed_played":"-1321289930151525027","potions_obtained":[{"floor":1,"key":"Block Potion"},{"floor":7,"key":"GamblersBrew"},{"floor":10,"key":"SmokeBomb"},{"floor":12,"key":"EntropicBrew"},{"floor":16,"key":"Regen Potion"},{"floor":18,"key":"Block Potion"},{"floor":31,"key":"GamblersBrew"}],"is_trial":false,"path_per_floor":["M","?","M","$","M","R","E","R","T","M","M","M","R","$","R","B",null,"M","?","?","M","$","R","?","R","T","M","E","R","?","M","R","B"],"character_chosen":"DEFECT","items_purchased":["Glacier"],"campfire_rested":1,"item_purchase_floors":[14],"current_hp_per_floor":[54,85,79,79,69,69,50,50,50,47,47,31,31,31,31,14,85,85,85,69,63,63,63,57,57,57,65,33,33,33,19,48,0],"gold":33,"neow_bonus":"THREE_RARE_CARDS","is_prod":false,"is_daily":false,"chose_seed":false,"campfire_upgraded":7,"win_rate":0,"timestamp":1545389793,"path_taken":["M","?","M","$","M","R","E","R","T","M","M","M","R","?","R","BOSS","M","?","?","M","$","R","?","R","T","M","E","R","?","M","R","BOSS"],"build_version":"2018-12-20","purchased_purges":3,"victory":false,"max_hp_per_floor":[75,85,85,85,85,85,85,85,85,85,85,85,85,85,85,85,85,85,85,90,90,90,90,90,90,90,90,97,97,97,97,97,97],"card_choices":[{"not_picked":["Rainbow","Core Surge"],"picked":"Multi-Cast","floor":0},{"not_picked":["Heatsinks","Barrage","Stack"],"picked":"SKIP","floor":1},{"not_picked":["Steam","Redo"],"picked":"Chaos","floor":3},{"not_picked":["Turbo","Sweeping Beam"],"picked":"Redo","floor":5},{"not_picked":["Leap","Genetic Algorithm"],"picked":"Rainbow","floor":7},{"not_picked":["Turbo","Leap"],"picked":"Compile Driver","floor":10},{"not_picked":["Steam Power","Turbo","Go for the Eyes"],"picked":"SKIP","floor":11},{"not_picked":["Leap","Hologram","Auto Shields"],"picked":"SKIP","floor":12},{"not_picked":["Creative AI","Core Surge"],"picked":"Meteor Strike","floor":16},{"not_picked":["Rebound+1","Beam Cell+1"],"picked":"Recycle","floor":18},{"not_picked":["Cold Snap","Gash"],"picked":"Recycle","floor":21},{"not_picked":["Turbo+1","Coolheaded+1"],"picked":"Reboot","floor":27},{"not_picked":["Glacier","Static Discharge+1","Hologram"],"picked":"SKIP","floor":28},{"not_picked":["Ball Lightning","Barrage"],"picked":"Leap","floor":31}],"player_experience":142394,"relics_obtained":[{"floor":7,"key":"Happy Flower"},{"floor":26,"key":"Ancient Tea Set"},{"floor":28,"key":"Strawberry"}],"event_choices":[{"cards_removed":["Multi-Cast"],"damage_healed":21,"gold_gain":0,"player_choice":"Offered Rare","damage_taken":0,"max_hp_gain":10,"max_hp_loss":0,"event_name":"Bonfire Elementals","floor":2,"gold_loss":0},{"damage_healed":0,"gold_gain":0,"player_choice":"Opened","damage_taken":0,"relics_obtained":["Bag of Marbles"],"max_hp_gain":0,"max_hp_loss":0,"event_name":"The Mausoleum","floor":19,"gold_loss":0},{"damage_healed":0,"gold_gain":0,"player_choice":"Shed Blood","damage_taken":21,"max_hp_gain":5,"max_hp_loss":0,"event_name":"Forgotten Altar","floor":20,"gold_loss":0},{"damage_healed":0,"gold_gain":0,"player_choice":"Joined the Cult","damage_taken":6,"max_hp_gain":0,"max_hp_loss":0,"event_name":"Nest","floor":24,"gold_loss":0,"cards_obtained":["RitualDagger"]},{"cards_removed":["Strike_B"],"damage_healed":0,"gold_gain":0,"player_choice":"Gave Gold","damage_taken":0,"max_hp_gain":0,"max_hp_loss":0,"event_name":"Beggar","floor":30,"gold_loss":75}],"is_beta":false,"boss_relics":[{"not_picked":["Eternal Feather","Tiny House"],"picked":"Runic Pyramid"}],"items_purged_floors":[4,14,22],"is_endless":false,"potions_floor_spawned":[1,7,10,12,16,18,31],"killed_by":"Automaton","ascension_level":2}