{"path_per_floor":["M","?","$","M","M","R","?","R","T","?","T","$","R","E","R","B",null,"M","M","$","M","?","R","E","R","T","R","T","?","E","M","R","B",null,"M","?","M","$","M","R","M","M","T","E","$","M","T","M","R","B"],"character_chosen":"DEFECT","items_purchased":["Scrape","Beam Cell","Oddly Smooth Stone","Bronze Scales"],"gold_per_floor":[117,117,42,56,71,71,71,71,71,99,99,26,26,59,59,179,179,199,222,73,88,3,3,39,39,93,93,93,93,134,148,148,272,272,288,288,302,302,317,317,336,354,433,477,46,62,133,153,153,153],"floor_reached":51,"campfire_rested":4,"playtime":12328,"current_hp_per_floor":[61,43,43,43,42,42,39,39,39,38,38,38,60,52,52,52,75,75,66,66,50,50,72,57,57,57,57,57,57,50,40,62,6,75,75,75,74,74,55,55,55,53,53,38,38,38,38,38,60,32],"items_purged":["Strike_B","Strike_B","Strike_B"],"gold":153,"score":911,"play_id":"744f9754-df47-401b-8e1a-d7ae1b6c03e2","local_time":"20180510152850","is_prod":false,"is_daily":false,"chose_seed":false,"is_ascension_mode":true,"campfire_upgraded":6,"timestamp":1525958930,"path_taken":["M","?","$","?","M","R","?","R","T","?","?","$","R","E","R","BOSS","M","M","?","?","?","R","E","R","T","R","?","?","E","?","R","BOSS","M","?","M","$","M","R","M","M","T","E","$","M","?","M","R","BOSS"],"build_version":"2018-05-08","seed_source_timestamp":2762894499716512,"purchased_purges":3,"victory":true,"master_deck":["Defend_B","Defend_B","Defend_B","Defend_B","Zap+1","Dualcast+1","Gash+1","FTL","Scrape+1","Skim+1","All For One","Axe Kick","Beam Cell+1","Axe Kick","Go for the Eyes","Reboot","Gash+1","Axe Kick","Axe Kick","Axe Kick","Redo+1"],"max_hp_per_floor":[75,75,75,75,75,75,75,75,75,75,75,75,75,75,75,75,75,75,75,75,75,75,75,75,75,75,75,75,75,75,75,75,75,75,75,75,75,75,75,75,75,75,75,75,75,75,75,75,75,75],"relics":["Cracked Core","Golden Idol","Symbiotic Virus","Question Card","Odd Mushroom","Darkstone Periapt","Mercury Hourglass","Orrery","Bag of Preparation","Bird Faced Urn","Tiny Chest","Gremlin Horn","Vajra","Philosopher\u0027s Stone","Centennial Puzzle","Prayer Wheel","Oddly Smooth Stone","Bronze Scales","Meat on the Bone"],"card_choices":[{"not_picked":["Barrage","Leap"],"picked":"Gash","floor":1},{"not_picked":["Steam","Recycle","White Noise"],"picked":"FTL","floor":10},{"not_picked":["Defragment","Tempest","Hologram"],"picked":"Skim","floor":14},{"not_picked":["Multi-Cast","Fission","Seek"],"picked":"All For One","floor":16},{"not_picked":["Hologram","Sweeping Beam","Skim"],"picked":"Axe Kick","floor":17},{"not_picked":["Tempest","Capacitor","Darkness"],"picked":"Axe Kick","floor":24},{"not_picked":["Stack","Impulse","Steam"],"picked":"Go for the Eyes","floor":30},{"not_picked":["Echo Form","Multi-Cast","Machine Learning"],"picked":"Reboot","floor":33},{"not_picked":["Beam Cell","Hologram","Hello World"],"picked":"Gash","floor":35},{"not_picked":["Hello World","Barrage","Blizzard"],"picked":"Axe Kick","floor":37},{"not_picked":["Self Repair","Capacitor","Doom and Gloom"],"picked":"Axe Kick","floor":39},{"not_picked":["Lockon","Sweeping Beam","Redo"],"picked":"Axe Kick","floor":41},{"not_picked":["Streamline","Stack","BootSequence"],"picked":"Redo","floor":44}],"player_experience":415876,"potions_floor_usage":[10,10,10,33,50,50,50],"damage_taken":[{"damage":14,"enemies":"Jaw Worm","floor":1,"turns":3},{"damage":0,"enemies":"Small Slimes","floor":4,"turns":3},{"damage":1,"enemies":"Cultist","floor":5,"turns":3},{"damage":7,"enemies":"The Mushroom Lair","floor":10,"turns":3},{"damage":8,"enemies":"3 Sentries","floor":14,"turns":4},{"damage":0,"enemies":"Slime Boss","floor":16,"turns":4},{"damage":0,"enemies":"3 Byrds","floor":18,"turns":3},{"damage":9,"enemies":"Shell Parasite","floor":19,"turns":4},{"damage":16,"enemies":"Cultist and Chosen","floor":21,"turns":3},{"damage":15,"enemies":"Book of Stabbing","floor":24,"turns":3},{"damage":7,"enemies":"Slavers","floor":30,"turns":2},{"damage":10,"enemies":"Centurion and Healer","floor":31,"turns":2},{"damage":56,"enemies":"Collector","floor":33,"turns":5},{"damage":0,"enemies":"Flame Bruiser 1 Orb","floor":35,"turns":2},{"damage":1,"enemies":"3 Shapes","floor":37,"turns":1},{"damage":19,"enemies":"Maw","floor":39,"turns":5},{"damage":0,"enemies":"Spire Growth","floor":41,"turns":1},{"damage":2,"enemies":"Sphere and 2 Shapes","floor":42,"turns":2},{"damage":15,"enemies":"Giant Head","floor":44,"turns":3},{"damage":0,"enemies":"3 Darklings","floor":46,"turns":1},{"damage":0,"enemies":"Maw","floor":48,"turns":2},{"damage":42,"enemies":"Awakened One","floor":50,"turns":6}],"event_choices":[{"event_name":"Golden Idol","player_choice":"Take Damage","floor":2,"damage_taken":0},{"event_name":"Scrap Ooze","player_choice":"success","floor":7,"damage_taken":3},{"event_name":"Mushrooms","player_choice":"Fought Mushrooms","floor":10,"damage_taken":0},{"event_name":"Addict","player_choice":"Obtained Relic","floor":22,"damage_taken":0},{"event_name":"Vampires","player_choice":"Ignored","floor":29,"damage_taken":0},{"event_name":"Tomb of Lord Red Mask","player_choice":"Ignored","floor":36,"damage_taken":0}],"boss_relics":[{"not_picked":["Inserter","Runic Pyramid"],"picked":"Orrery"},{"not_picked":["Calling Bell","Snecko Eye"],"picked":"Philosopher\u0027s Stone"}],"potions_floor_spawned":[1,4,5,10,19,24,33,41,44],"seed_played":"2481077702138526028","ascension_level":4,"is_trial":false}