{"gold_per_floor":[110,35,35,35,54,81,33,67,148,177,177,187,216,229,229,229],"floor_reached":16,"playtime":1022,"items_purged":["Defend_R"],"score":160,"play_id":"36ddc57a-86d7-4142-8e6a-acd623e6c029","local_time":"20190124181619","is_ascension_mode":true,"campfire_choices":[{"floor":11,"key":"REST"},{"floor":15,"key":"RECALL"}],"neow_cost":"NONE","seed_source_timestamp":1172473434835960,"circlet_count":0,"master_deck":["Strike_R","Strike_R","Strike_R","Strike_R","Strike_R","Defend_R","Defend_R","Defend_R","Bash","Armaments","Whirlwind","Shrug It Off","Shrug It Off","Burning Pact"],"relics":["Burning Blood","PreservedInsect","Bag of Preparation","Regal Pillow","Mummified Hand"],"potions_floor_usage":[6,13,16],"damage_taken":[{"damage":6,"enemies":"Cultist","floor":1,"turns":4},{"damage":2,"enemies":"Jaw Worm","floor":5,"turns":5},{"damage":15,"enemies":"3 Sentries","floor":6,"turns":3},{"damage":45,"enemies":"Gremlin Nob","floor":8,"turns":5},{"damage":34,"enemies":"Lagavulin","floor":10,"turns":11},{"damage":0,"enemies":"2 Louse","floor":12,"turns":2},{"damage":7,"enemies":"3 Sentries","floor":13,"turns":4},{"damage":9,"enemies":"2 Fungi Beasts","floor":14,"turns":4},{"damage":66,"enemies":"The Guardian","floor":16,"turns":18}],"seed_played":"6536391506204481006","potions_obtained":[{"floor":1,"key":"Strength Potion"},{"floor":12,"key":"Regen Potion"},{"floor":14,"key":"Fire Potion"}],"is_trial":false,"path_per_floor":["M","$","?","$","M","E","$","E","T","E","R","M","E","M","R","B"],"character_chosen":"IRONCLAD","items_purchased":["Shrug It Off"],"campfire_rested":1,"item_purchase_floors":[7],"current_hp_per_floor":[80,80,85,85,85,76,76,37,37,9,49,55,66,63,63,0],"gold":229,"neow_bonus":"THREE_CARDS","is_prod":false,"is_daily":false,"chose_seed":false,"campfire_upgraded":0,"win_rate":0,"timestamp":1548378979,"path_taken":["M","?","?","?","M","E","$","E","T","E","R","?","E","M","R","BOSS"],"build_version":"2019-01-23","purchased_purges":1,"victory":false,"max_hp_per_floor":[80,80,85,85,85,85,85,85,85,85,85,85,85,85,85,85],"card_choices":[{"not_picked":["Sword Boomerang","Heavy Blade"],"picked":"Armaments","floor":0},{"not_picked":["Rupture","Headbutt","True Grit"],"picked":"SKIP","floor":1},{"not_picked":["Warcry","Havoc"],"picked":"Whirlwind","floor":5},{"not_picked":["Warcry","Clash"],"picked":"Shrug It Off","floor":6},{"not_picked":["Clothesline","Feel No Pain","Intimidate"],"picked":"SKIP","floor":8},{"not_picked":["Warcry","Body Slam","Whirlwind"],"picked":"SKIP","floor":10},{"not_picked":["Body Slam","Perfected Strike"],"picked":"Burning Pact","floor":12},{"not_picked":["Wild Strike","Clothesline","Shrug It Off"],"picked":"SKIP","floor":13},{"not_picked":["Headbutt","Fiend Fire","Cleave"],"picked":"SKIP","floor":14}],"player_experience":313315,"relics_obtained":[{"floor":6,"key":"PreservedInsect"},{"floor":8,"key":"Bag of Preparation"},{"floor":10,"key":"Regal Pillow"},{"floor":13,"key":"Mummified Hand"}],"event_choices":[{"damage_healed":0,"gold_gain":0,"player_choice":"Donut","damage_taken":0,"max_hp_gain":5,"max_hp_loss":0,"event_name":"Big Fish","floor":3,"gold_loss":0}],"is_beta":false,"boss_relics":[],"items_purged_floors":[2],"is_endless":false,"potions_floor_spawned":[1,12,14],"killed_by":"The Guardian","ascension_level":5}