{"gold_per_floor":[362,362,372,387,401,401,418,418,473,486,112,129,154,154,154,258,258,271,271,271,75,75,104,104,104,128,128,145,145,156,31,31,131,131,142,142,156,156,0,0,13,27,54,54,70,70,70],"floor_reached":47,"playtime":4182,"items_purged":["Decay","Defend_G","Defend_G"],"score":520,"play_id":"a571863a-c34a-4096-933c-8502406cbde8","local_time":"20190813220134","is_ascension_mode":false,"campfire_choices":[{"data":"Leg Sweep","floor":6,"key":"SMITH"},{"data":"Catalyst","floor":8,"key":"SMITH"},{"data":"Bouncing Flask","floor":15,"key":"SMITH"},{"data":"Bouncing Flask","floor":25,"key":"SMITH"},{"data":"Dagger Throw","floor":27,"key":"SMITH"},{"data":"Leg Sweep","floor":29,"key":"SMITH"},{"data":"Outmaneuver","floor":32,"key":"SMITH"},{"data":"Escape Plan","floor":40,"key":"SMITH"},{"data":"Poisoned Stab","floor":44,"key":"SMITH"},{"data":"Backflip","floor":46,"key":"SMITH"}],"neow_cost":"CURSE","seed_source_timestamp":185862483789800,"circlet_count":0,"master_deck":["Defend_G","Defend_G","Survivor","Neutralize","Leg Sweep+1","Catalyst+1","Predator","Outmaneuver+1","Bouncing Flask+1","Glass Knife","Poisoned Stab+1","Reflex","Envenom","Dagger Throw+1","Bandage Up","Bite","Bite","Bite","Bite","Escape Plan+1","Bouncing Flask+1","Leg Sweep+1","Slice","Envenom","Dodge and Roll+1","Skewer","Madness","Madness","Prepared+1","Calculated Gamble+1","Backflip+1"],"relics":["Ring of the Snake","Ninja Scroll","Bag of Marbles","Oddly Smooth Stone","Omamori","Sozu","Necronomicon","Question Card","Boot","Lizard Tail","Red Mask","Snake Skull"],"potions_floor_usage":[7,16,16,16,18],"damage_taken":[{"damage":0,"enemies":"Jaw Worm","floor":1,"turns":6},{"damage":0,"enemies":"Cultist","floor":3,"turns":4},{"damage":0,"enemies":"2 Louse","floor":4,"turns":3},{"damage":0,"enemies":"Looter","floor":5,"turns":4},{"damage":0,"enemies":"Blue Slaver","floor":7,"turns":2},{"damage":0,"enemies":"3 Louse","floor":10,"turns":4},{"damage":0,"enemies":"2 Fungi Beasts","floor":12,"turns":2},{"damage":0,"enemies":"Gremlin Nob","floor":13,"turns":2},{"damage":15,"enemies":"The Guardian","floor":16,"turns":4},{"damage":2,"enemies":"Shell Parasite","floor":18,"turns":4},{"damage":13,"enemies":"Slavers","floor":23,"turns":5},{"damage":0,"enemies":"Chosen","floor":28,"turns":3},{"damage":20,"enemies":"3 Cultists","floor":30,"turns":6},{"damage":22,"enemies":"Champ","floor":33,"turns":6},{"damage":10,"enemies":"3 Shapes","floor":35,"turns":4},{"damage":0,"enemies":"Orb Walker","floor":37,"turns":4},{"damage":22,"enemies":"Spire Growth","floor":41,"turns":4},{"damage":3,"enemies":"Sphere and 2 Shapes","floor":42,"turns":5},{"damage":9,"enemies":"Maw","floor":45,"turns":4},{"damage":84,"enemies":"Reptomancer","floor":47,"turns":6}],"seed_played":"7491512647033374256","potions_obtained":[{"floor":4,"key":"Fire Potion"},{"floor":7,"key":"Energy Potion"},{"floor":12,"key":"Swift Potion"},{"floor":13,"key":"Strength Potion"},{"floor":16,"key":"GhostInAJar"}],"is_trial":false,"path_per_floor":["M","?","M","M","M","R","M","R","T","M","$","M","E","?","R","B",null,"M","?","?","$","?","E","?","R","T","R","M","R","M","$","R","B",null,"M","?","M","?","?","R","M","M","T","R","M","R","E"],"character_chosen":"THE_SILENT","items_purchased":["Oddly Smooth Stone","Glass Knife","Bandage Up"],"campfire_rested":0,"item_purchase_floors":[11,11,21],"current_hp_per_floor":[70,70,70,70,70,70,70,70,70,70,70,70,70,70,70,55,70,68,68,52,52,49,46,46,46,46,46,49,49,41,41,41,29,49,43,43,49,43,43,43,27,30,30,30,33,33,0],"gold":70,"neow_bonus":"TWO_FIFTY_GOLD","is_prod":false,"is_daily":false,"chose_seed":false,"campfire_upgraded":10,"win_rate":0.0,"timestamp":1565748094,"path_taken":["M","?","M","M","M","R","M","R","T","?","$","M","E","?","R","BOSS","M","?","?","$","?","E","?","R","T","R","M","R","M","$","R","BOSS","M","?","M","?","?","R","M","?","T","R","M","R","E"],"build_version":"2019-07-17","purchased_purges":3,"victory":false,"max_hp_per_floor":[70,70,70,70,70,70,70,70,70,70,70,70,70,70,70,70,70,70,70,70,70,49,49,49,49,49,49,49,49,49,49,49,49,49,49,49,49,49,49,49,49,49,49,49,49,49,49],"card_choices":[{"not_picked":["Acrobatics","Deflect"],"picked":"Dodge and Roll","floor":1},{"not_picked":["Masterful Stab","Deflect"],"picked":"Leg Sweep","floor":3},{"not_picked":["Expertise","Finisher"],"picked":"Catalyst","floor":4},{"not_picked":["Choke","Outmaneuver"],"picked":"Predator","floor":5},{"not_picked":["Dagger Throw","Bane"],"picked":"Outmaneuver","floor":7},{"not_picked":["Dagger Spray","All Out Attack"],"picked":"Bouncing Flask","floor":10},{"not_picked":["All Out Attack","Burst"],"picked":"Poisoned Stab","floor":12},{"not_picked":["Heel Hook","Blur"],"picked":"Reflex","floor":13},{"not_picked":["Night Terror","Doppelganger"],"picked":"Envenom","floor":16},{"not_picked":["Underhanded Strike","Prepared"],"picked":"Dagger Throw","floor":18},{"not_picked":["PiercingWail","Flechettes"],"picked":"Escape Plan","floor":23},{"not_picked":["Slice","Expertise","Quick Slash"],"picked":"Leg Sweep","floor":28},{"not_picked":["Deflect","Flying Knee+1","Blade Dance+1"],"picked":"Slice","floor":30},{"not_picked":["A Thousand Cuts","Corpse Explosion","Glass Knife"],"picked":"Envenom","floor":33},{"not_picked":["Acrobatics","Slice","Outmaneuver+1"],"picked":"Dodge and Roll+1","floor":35},{"not_picked":["Blade Dance","Quick Slash","Sucker Punch"],"picked":"Skewer","floor":37},{"not_picked":["Dagger Spray","PiercingWail","Sucker Punch+1"],"picked":"Prepared+1","floor":41},{"not_picked":["Terror+1","Reflex+1","Outmaneuver+1"],"picked":"Calculated Gamble+1","floor":42},{"not_picked":["Bouncing Flask","Flying Knee","Deadly Poison"],"picked":"Backflip","floor":45}],"player_experience":33121,"relics_obtained":[{"floor":9,"key":"Bag of Marbles"},{"floor":13,"key":"Omamori"},{"floor":20,"key":"Necronomicon"},{"floor":23,"key":"Question Card"},{"floor":26,"key":"Boot"},{"floor":43,"key":"Snake Skull"}],"event_choices":[{"cards_removed":["Dodge and Roll"],"damage_healed":0,"gold_gain":0,"player_choice":"Gave Card","damage_taken":0,"relics_obtained":["Ninja Scroll"],"max_hp_gain":0,"max_hp_loss":0,"event_name":"WeMeetAgain","floor":2,"gold_loss":0},{"cards_removed":["Defend_G"],"damage_healed":0,"gold_gain":0,"player_choice":"Forget","damage_taken":0,"max_hp_gain":0,"max_hp_loss":0,"event_name":"Living Wall","floor":14,"gold_loss":0},{"cards_removed":["Strike_G"],"damage_healed":0,"gold_gain":0,"player_choice":"Elegance","damage_taken":0,"max_hp_gain":0,"max_hp_loss":0,"event_name":"Back to Basics","floor":19,"gold_loss":0},{"damage_healed":0,"gold_gain":0,"player_choice":"Obtained Book","damage_taken":16,"max_hp_gain":0,"max_hp_loss":0,"event_name":"Cursed Tome","floor":20,"gold_loss":0},{"damage_healed":0,"gold_gain":0,"player_choice":"Became a vampire","damage_taken":0,"max_hp_gain":0,"max_hp_loss":21,"event_name":"Vampires","floor":22,"gold_loss":0,"cards_obtained":["Bite","Bite","Bite","Bite","Bite"]},{"damage_healed":0,"gold_gain":0,"player_choice":"Read","damage_taken":0,"max_hp_gain":0,"max_hp_loss":0,"event_name":"The Library","floor":24,"gold_loss":0,"cards_obtained":["Bouncing Flask"]},{"cards_removed":["Bite"],"damage_healed":0,"gold_gain":0,"player_choice":"Removed Attack","damage_taken":0,"max_hp_gain":0,"max_hp_loss":0,"event_name":"Falling","floor":36,"gold_loss":0},{"damage_healed":0,"gold_gain":0,"player_choice":"Embrace Madness","damage_taken":6,"max_hp_gain":0,"max_hp_loss":0,"event_name":"Winding Halls","floor":38,"gold_loss":0,"cards_obtained":["Madness","Madness"]},{"damage_healed":0,"gold_gain":0,"player_choice":"Paid","damage_taken":0,"relics_obtained":["Red Mask"],"max_hp_gain":0,"max_hp_loss":0,"event_name":"Tomb of Lord Red Mask","floor":39,"gold_loss":156}],"is_beta":false,"boss_relics":[{"not_picked":["Philosopher\u0027s Stone","Velvet Choker"],"picked":"Sozu"},{"not_picked":["Eternal Feather","Busted Crown"],"picked":"Lizard Tail"}],"items_purged_floors":[11,21,31],"is_endless":false,"potions_floor_spawned":[4,7,12,13,16,18,23,28,35,41,45],"killed_by":"Reptomancer","ascension_level":0}