{"gold_per_floor":[116,126,142,162,110,110,34,34,58,58,72,89,89,107,107,207,207,223,240,163,182,202,202,117,127,127,127,127],"floor_reached":28,"playtime":1292,"items_purged":[],"score":275,"play_id":"6b634fa2-470c-4e84-956b-fc177c2143e9","local_time":"20190706002202","is_ascension_mode":true,"campfire_choices":[{"data":"Inflame","floor":8,"key":"SMITH"},{"floor":10,"key":"REST"},{"floor":15,"key":"REST"},{"floor":23,"key":"REST"}],"neow_cost":"NONE","seed_source_timestamp":744970886523212,"circlet_count":0,"master_deck":["Strike_R","Strike_R","Strike_R","Strike_R","Strike_R","Defend_R","Defend_R","Defend_R","Defend_R","Bash","Immolate","Pommel Strike","Cleave","Shrug It Off","Heavy Blade","Inflame+1","Thunderclap","Heavy Blade","Whirlwind","Heavy Blade","Feed","Battle Trance","Heavy Blade+1","Inflame","Pommel Strike+1","Heavy Blade","Anger","Anger","Immolate"],"relics":["Burning Blood","Dream Catcher","Regal Pillow","Lizard Tail","Red Skull","Pear"],"potions_floor_usage":[16],"damage_taken":[{"damage":1,"enemies":"Cultist","floor":1,"turns":3},{"damage":7,"enemies":"Small Slimes","floor":2,"turns":2},{"damage":8,"enemies":"Jaw Worm","floor":3,"turns":3},{"damage":23,"enemies":"Exordium Thugs","floor":4,"turns":3},{"damage":16,"enemies":"Blue Slaver","floor":11,"turns":3},{"damage":10,"enemies":"Large Slime","floor":12,"turns":4},{"damage":21,"enemies":"Red Slaver","floor":14,"turns":3},{"damage":79,"enemies":"The Guardian","floor":16,"turns":11},{"damage":37,"enemies":"3 Byrds","floor":18,"turns":4},{"damage":25,"enemies":"Spheric Guardian","floor":19,"turns":4},{"damage":37,"enemies":"3 Cultists","floor":21,"turns":5},{"damage":42,"enemies":"Snake Plant","floor":22,"turns":4},{"damage":48,"enemies":"Cultist and Chosen","floor":25,"turns":5},{"damage":27,"enemies":"Centurion and Healer","floor":28,"turns":2}],"seed_played":"-2665457995928605301","potions_obtained":[{"floor":4,"key":"Strength Potion"},{"floor":11,"key":"BloodPotion"},{"floor":21,"key":"FearPotion"}],"is_trial":false,"path_per_floor":["M","M","M","M","$","?","$","R","T","R","M","M","?","M","R","B",null,"M","M","$","M","M","R","?","M","T","?","M"],"character_chosen":"IRONCLAD","items_purchased":["Heavy Blade","Inflame","Inflame"],"campfire_rested":3,"item_purchase_floors":[5,7,20],"current_hp_per_floor":[80,79,77,60,60,60,60,60,60,80,70,66,66,51,80,7,80,52,33,33,49,16,57,57,15,25,25,0],"gold":127,"neow_bonus":"ONE_RANDOM_RARE_CARD","is_prod":false,"is_daily":false,"chose_seed":false,"campfire_upgraded":1,"win_rate":0,"timestamp":1562368922,"path_taken":["M","M","M","?","$","?","?","R","T","R","?","M","?","?","R","BOSS","M","M","$","M","M","R","?","M","T","?","?"],"build_version":"2019-07-01","purchased_purges":0,"victory":false,"max_hp_per_floor":[80,80,80,80,80,80,80,80,80,80,80,80,80,80,80,80,80,83,83,83,86,89,89,89,89,99,99,99],"card_choices":[{"not_picked":["Havoc","Fire Breathing"],"picked":"Pommel Strike","floor":1},{"not_picked":["Wild Strike","Armaments"],"picked":"Cleave","floor":2},{"not_picked":["Twin Strike","Wild Strike"],"picked":"Shrug It Off","floor":3},{"not_picked":["Iron Wave","Body Slam","Armaments"],"picked":"SKIP","floor":4},{"not_picked":["Perfected Strike","Shrug It Off"],"picked":"Thunderclap","floor":10},{"not_picked":["Clothesline","Clash"],"picked":"Heavy Blade","floor":11},{"not_picked":["Thunderclap","Sword Boomerang"],"picked":"Whirlwind","floor":12},{"not_picked":["Brutality","Burning Pact"],"picked":"Heavy Blade","floor":14},{"not_picked":["Exhume","Berserk"],"picked":"Feed","floor":16},{"not_picked":["Twin Strike","Cleave"],"picked":"Battle Trance","floor":18},{"not_picked":["Pummel+1","Twin Strike"],"picked":"Heavy Blade+1","floor":19},{"not_picked":["Bloodletting","Infernal Blade+1"],"picked":"Pommel Strike+1","floor":21},{"not_picked":["Perfected Strike","Cleave"],"picked":"Heavy Blade","floor":22},{"not_picked":["Twin Strike","Blood for Blood"],"picked":"Anger","floor":23},{"not_picked":["Feed","Headbutt"],"picked":"Anger","floor":25}],"player_experience":35897,"relics_obtained":[{"floor":9,"key":"Dream Catcher"},{"floor":26,"key":"Pear"}],"event_choices":[{"damage_healed":0,"gold_gain":0,"player_choice":"Ignored","damage_taken":0,"max_hp_gain":0,"max_hp_loss":0,"event_name":"Transmorgrifier","floor":6,"gold_loss":0},{"damage_healed":0,"gold_gain":0,"player_choice":"Gave Potion","damage_taken":0,"relics_obtained":["Regal Pillow"],"max_hp_gain":0,"max_hp_loss":0,"event_name":"WeMeetAgain","floor":13,"gold_loss":0},{"damage_healed":0,"gold_gain":0,"player_choice":"Obtained Relic","damage_taken":0,"relics_obtained":["Red Skull"],"max_hp_gain":0,"max_hp_loss":0,"event_name":"Addict","floor":24,"gold_loss":85},{"damage_healed":0,"gold_gain":0,"player_choice":"Copied","damage_taken":0,"max_hp_gain":0,"max_hp_loss":0,"event_name":"Duplicator","floor":27,"gold_loss":0,"cards_obtained":["Immolate"]}],"is_beta":false,"boss_relics":[{"not_picked":["Coffee Dripper","Astrolabe"],"picked":"Lizard Tail"}],"items_purged_floors":[],"is_endless":false,"potions_floor_spawned":[4,11,21],"killed_by":"Centurion and Healer","ascension_level":1}