{"gold_per_floor":[117,117,137,151,151,182,182,211,211,239,239,414,440,440,440,538,538,548,473,473,386,406,406,440,440,440,27,27,52,52,86,86,182,182,202,202,213,230,230,261,261],"floor_reached":41,"playtime":2050,"items_purged":["Strike_R"],"score":895,"play_id":"178ab7b9-833b-4436-9752-ff605583ffe8","local_time":"20190407123946","is_ascension_mode":true,"campfire_choices":[{"data":"Uppercut","floor":7,"key":"SMITH"},{"floor":11,"key":"REST"},{"data":"True Grit","floor":15,"key":"SMITH"},{"data":"Armaments","floor":23,"key":"SMITH"},{"floor":25,"key":"REST"},{"floor":32,"key":"REST"}],"neow_cost":"NONE","seed_source_timestamp":107855054600018,"circlet_count":0,"master_deck":["AscendersBane","Strike_R","Strike_R","Strike_R","Strike_R","Defend_R","Defend_R","Defend_R","Defend_R","Bash","True Grit+1","Clothesline","Cleave","Uppercut+1","Reaper","Brutality","Rampage","Double Tap","Warcry","Combust","Armaments+1","Entrench+1","Infernal Blade","Pommel Strike+1","Impervious","Offering","Ghostly","Ghostly","Ghostly","Ghostly","Ghostly","Infernal Blade","Impervious","Shrug It Off","Madness","Madness","Metallicize+1","Dual Wield"],"relics":["Black Blood","NeowsBlessing","Mercury Hourglass","Potion Belt","Bird Faced Urn","Mummified Hand","Bronze Scales","The Courier","Orichalcum","Molten Egg 2","Chemical X","Frozen Egg 2","Bottled Flame","Runic Pyramid","Gremlin Horn"],"potions_floor_usage":[10,16,24,24,33,39,40,40],"damage_taken":[{"damage":0,"enemies":"Jaw Worm","floor":1,"turns":1},{"damage":0,"enemies":"Cultist","floor":3,"turns":1},{"damage":0,"enemies":"2 Louse","floor":4,"turns":2},{"damage":27,"enemies":"Gremlin Nob","floor":6,"turns":4},{"damage":30,"enemies":"3 Sentries","floor":8,"turns":6},{"damage":21,"enemies":"Gremlin Nob","floor":10,"turns":4},{"damage":38,"enemies":"3 Sentries","floor":13,"turns":5},{"damage":42,"enemies":"The Guardian","floor":16,"turns":11},{"damage":15,"enemies":"3 Byrds","floor":18,"turns":4},{"damage":17,"enemies":"Spheric Guardian","floor":22,"turns":4},{"damage":23,"enemies":"Gremlin Leader","floor":24,"turns":4},{"damage":48,"enemies":"Slavers","floor":29,"turns":5},{"damage":14,"enemies":"Book of Stabbing","floor":31,"turns":6},{"damage":61,"enemies":"Automaton","floor":33,"turns":11},{"damage":7,"enemies":"3 Darklings","floor":35,"turns":5},{"damage":9,"enemies":"Orb Walker","floor":37,"turns":4},{"damage":24,"enemies":"3 Darklings","floor":38,"turns":9},{"damage":0,"enemies":"Transient","floor":39,"turns":2},{"damage":59,"enemies":"Reptomancer","floor":40,"turns":9},{"damage":24,"enemies":"Writhing Mass","floor":41,"turns":8}],"seed_played":"-6347400578068875038","potions_obtained":[{"floor":6,"key":"EssenceOfSteel"},{"floor":8,"key":"SmokeBomb"},{"floor":10,"key":"Weak Potion"},{"floor":22,"key":"AttackPotion"},{"floor":31,"key":"Regen Potion"},{"floor":33,"key":"Weak Potion"},{"floor":38,"key":"FearPotion"}],"is_trial":false,"path_per_floor":["M","?","M","M","?","E","R","E","T","E","R","?","E","?","R","B",null,"M","?","?","$","M","R","E","R","T","$","?","E","?","E","R","B",null,"M","?","M","M","M","E","M"],"character_chosen":"IRONCLAD","items_purchased":["Combust","LiquidBronze","Infernal Blade","Pommel Strike+1","Impervious","Chemical X"],"campfire_rested":3,"item_purchase_floors":[21,21,27,27,27,27],"current_hp_per_floor":[78,78,80,80,77,56,56,32,32,23,47,47,27,53,53,23,66,63,63,48,48,48,48,39,64,64,64,64,33,33,38,42,12,35,42,37,42,42,42,20,0],"gold":261,"neow_bonus":"THREE_ENEMY_KILL","is_prod":false,"is_daily":false,"chose_seed":false,"campfire_upgraded":3,"win_rate":0,"timestamp":1554665986,"path_taken":["M","?","?","M","?","E","R","E","T","E","R","?","E","?","R","BOSS","M","?","?","$","M","R","E","R","T","$","?","E","?","E","R","BOSS","M","?","M","M","M","E","M"],"build_version":"2019-01-23","purchased_purges":1,"victory":false,"max_hp_per_floor":[80,80,80,80,80,80,80,80,80,80,80,80,80,80,80,80,80,80,80,85,85,85,85,85,85,85,85,85,85,42,42,42,42,42,42,42,42,42,42,42,42],"card_choices":[{"not_picked":["Clash","Cleave"],"picked":"True Grit","floor":1},{"not_picked":["Thunderclap","Perfected Strike"],"picked":"Clothesline","floor":3},{"not_picked":["Flex","Bloodletting"],"picked":"Cleave","floor":4},{"not_picked":["Brutality","Sword Boomerang"],"picked":"Uppercut","floor":6},{"not_picked":["Second Wind","Iron Wave"],"picked":"Reaper","floor":8},{"not_picked":["Pommel Strike","Clash"],"picked":"Brutality","floor":10},{"not_picked":["Headbutt","Entrench"],"picked":"Rampage","floor":13},{"not_picked":["Berserk","Impervious"],"picked":"Double Tap","floor":16},{"not_picked":["Seeing Red+1","Evolve"],"picked":"Warcry","floor":18},{"not_picked":["Shrug It Off+1","Heavy Blade"],"picked":"Armaments","floor":22},{"not_picked":["Pummel","True Grit"],"picked":"Entrench+1","floor":24},{"not_picked":["Warcry","Hemokinesis+1"],"picked":"Offering","floor":29},{"not_picked":["Havoc","Power Through"],"picked":"Infernal Blade","floor":31},{"not_picked":["Reaper+1","Juggernaut+1"],"picked":"Impervious","floor":33},{"not_picked":["Twin Strike+1","Cleave+1"],"picked":"Shrug It Off","floor":35},{"not_picked":["Clothesline+1","Armaments"],"picked":"Metallicize+1","floor":37},{"not_picked":["Pommel Strike+1","Flex","Anger+1"],"picked":"SKIP","floor":38},{"not_picked":["Metallicize+1","Headbutt+1"],"picked":"Dual Wield","floor":40}],"player_experience":630790,"relics_obtained":[{"floor":6,"key":"Potion Belt"},{"floor":8,"key":"Bird Faced Urn"},{"floor":9,"key":"Mummified Hand"},{"floor":10,"key":"Bronze Scales"},{"floor":13,"key":"The Courier"},{"floor":24,"key":"Orichalcum"},{"floor":26,"key":"Molten Egg 2"},{"floor":29,"key":"Frozen Egg 2"},{"floor":31,"key":"Bottled Flame"},{"floor":40,"key":"Gremlin Horn"}],"event_choices":[{"damage_healed":0,"gold_gain":0,"player_choice":"0 cards matched","damage_taken":0,"max_hp_gain":0,"max_hp_loss":0,"event_name":"Match and Keep!","floor":2,"gold_loss":0,"cards_obtained":[]},{"damage_healed":0,"gold_gain":0,"player_choice":"Success","damage_taken":3,"relics_obtained":["Mercury Hourglass"],"max_hp_gain":0,"max_hp_loss":0,"event_name":"Scrap Ooze","floor":5,"gold_loss":0},{"damage_healed":0,"gold_gain":175,"player_choice":"AGREE","damage_taken":0,"max_hp_gain":0,"max_hp_loss":0,"event_name":"Liars Game","floor":12,"gold_loss":0,"cards_obtained":["Doubt"]},{"damage_healed":26,"gold_gain":0,"player_choice":"Banana","damage_taken":0,"max_hp_gain":0,"max_hp_loss":0,"event_name":"Big Fish","floor":14,"gold_loss":0},{"cards_removed":["Doubt"],"damage_healed":0,"gold_gain":0,"player_choice":"Gave Gold","damage_taken":0,"max_hp_gain":0,"max_hp_loss":0,"event_name":"Beggar","floor":19,"gold_loss":75},{"damage_healed":0,"gold_gain":0,"player_choice":"Shed Blood","damage_taken":20,"max_hp_gain":5,"max_hp_loss":0,"event_name":"Forgotten Altar","floor":20,"gold_loss":0},{"damage_healed":0,"gold_gain":0,"player_choice":"Became a Ghost","damage_taken":0,"max_hp_gain":0,"max_hp_loss":43,"event_name":"Ghosts","floor":30,"gold_loss":0,"cards_obtained":["Ghostly","Ghostly","Ghostly","Ghostly","Ghostly"]},{"damage_healed":0,"gold_gain":0,"player_choice":"Embrace Madness","damage_taken":5,"max_hp_gain":0,"max_hp_loss":0,"event_name":"Winding Halls","floor":36,"gold_loss":0,"cards_obtained":["Madness","Madness"]}],"is_beta":false,"boss_relics":[{"not_picked":["Mark of Pain","Eternal Feather"],"picked":"Black Blood"},{"not_picked":["Orrery","Runic Dome"],"picked":"Runic Pyramid"}],"items_purged_floors":[27],"is_endless":false,"potions_floor_spawned":[6,8,10,22,31,33,38,39],"killed_by":"Writhing Mass","ascension_level":12}