{"gold_per_floor":[117,132,152,166,166,166,266,266,292,303,319,347,23,41,41,146,146,160,85,85],"floor_reached":20,"playtime":1229,"items_purged":["Strike_R"],"score":238,"play_id":"44ab3e26-7a21-43e8-95c6-41c7dc636c6f","local_time":"20190224144850","is_ascension_mode":true,"campfire_choices":[{"data":"Armaments","floor":6,"key":"SMITH"},{"floor":8,"key":"RECALL"},{"data":"Transmutation","floor":15,"key":"SMITH"}],"neow_cost":"NONE","seed_source_timestamp":324180873536566,"circlet_count":0,"master_deck":["Strike_R","Strike_R","Strike_R","Defend_R","Defend_R","Defend_R","Defend_R","Bash","Armaments+1","Rampage","Pommel Strike","Shockwave","Searing Blow","Armaments","Transmutation+1","Panacea","Berserk","Metallicize+1"],"relics":["Burning Blood","Oddly Smooth Stone","Philosopher\u0027s Stone"],"potions_floor_usage":[11,16,20,20],"damage_taken":[{"damage":1,"enemies":"Cultist","floor":1,"turns":4},{"damage":6,"enemies":"2 Louse","floor":2,"turns":3},{"damage":5,"enemies":"Small Slimes","floor":3,"turns":3},{"damage":9,"enemies":"2 Fungi Beasts","floor":4,"turns":3},{"damage":10,"enemies":"Large Slime","floor":10,"turns":4},{"damage":1,"enemies":"Blue Slaver","floor":11,"turns":4},{"damage":20,"enemies":"Gremlin Nob","floor":12,"turns":4},{"damage":8,"enemies":"Red Slaver","floor":14,"turns":4},{"damage":36,"enemies":"The Guardian","floor":16,"turns":14},{"damage":36,"enemies":"2 Thieves","floor":18,"turns":4},{"damage":38,"enemies":"Colosseum Slavers","floor":20,"turns":4}],"seed_played":"3539914110939062026","potions_obtained":[{"floor":4,"key":"Dexterity Potion"},{"floor":10,"key":"Block Potion"},{"floor":12,"key":"FearPotion"},{"floor":14,"key":"PowerPotion"}],"is_trial":false,"path_per_floor":["M","M","M","M","$","R","?","R","T","M","M","E","$","M","R","B",null,"M","?","?"],"character_chosen":"IRONCLAD","items_purchased":["Transmutation","Panacea"],"campfire_rested":0,"item_purchase_floors":[13,13],"current_hp_per_floor":[77,77,78,75,75,75,75,75,75,71,76,62,62,60,60,30,68,38,38,0],"gold":85,"neow_bonus":"THREE_CARDS","is_prod":false,"is_daily":false,"chose_seed":false,"campfire_upgraded":2,"win_rate":0,"timestamp":1551044930,"path_taken":["M","M","M","M","$","R","?","R","T","M","?","E","$","M","R","BOSS","M","?","?"],"build_version":"2019-01-23","purchased_purges":1,"victory":false,"max_hp_per_floor":[80,80,80,80,80,80,80,80,80,80,80,80,80,80,80,80,80,80,80,80],"card_choices":[{"not_picked":["Perfected Strike","Wild Strike"],"picked":"Armaments","floor":0},{"not_picked":["Anger","Heavy Blade"],"picked":"Rampage","floor":1},{"not_picked":["Wild Strike","Flame Barrier","Spot Weakness"],"picked":"SKIP","floor":2},{"not_picked":["Iron Wave","Armaments"],"picked":"Pommel Strike","floor":3},{"not_picked":["Sever Soul","Shrug It Off"],"picked":"Shockwave","floor":4},{"not_picked":["Iron Wave","Uppercut"],"picked":"Searing Blow","floor":10},{"not_picked":["Anger","Wild Strike"],"picked":"Armaments","floor":11},{"not_picked":["Clothesline","Hemokinesis","Sever Soul"],"picked":"SKIP","floor":12},{"not_picked":["Iron Wave","Sword Boomerang","Hemokinesis"],"picked":"SKIP","floor":14},{"not_picked":["Offering","Brutality"],"picked":"Berserk","floor":16},{"not_picked":["Intimidate+1","Evolve"],"picked":"Metallicize+1","floor":18}],"player_experience":433844,"relics_obtained":[{"floor":12,"key":"Oddly Smooth Stone"}],"event_choices":[{"damage_healed":0,"gold_gain":100,"player_choice":"Pray","damage_taken":0,"max_hp_gain":0,"max_hp_loss":0,"event_name":"Golden Shrine","floor":7,"gold_loss":0},{"cards_removed":["Strike_R"],"damage_healed":0,"gold_gain":0,"player_choice":"Gave Gold","damage_taken":0,"max_hp_gain":0,"max_hp_loss":0,"event_name":"Beggar","floor":19,"gold_loss":75},{"damage_healed":0,"gold_gain":0,"player_choice":"Fight","damage_taken":0,"max_hp_gain":0,"max_hp_loss":0,"event_name":"Colosseum","floor":20,"gold_loss":0}],"is_beta":false,"boss_relics":[{"not_picked":["Orrery","Mark of Pain"],"picked":"Philosopher\u0027s Stone"}],"items_purged_floors":[13],"is_endless":false,"potions_floor_spawned":[4,10,12,14],"killed_by":"Colosseum Slavers","ascension_level":7}