{"gold_per_floor":[112,112,132,151,37,65,65,65],"floor_reached":8,"playtime":291,"items_purged":["Defend_G"],"score":67,"play_id":"dc46e259-5213-48ef-8985-d1cafe82462a","local_time":"20190303000119","is_ascension_mode":true,"campfire_choices":[],"neow_cost":"NONE","seed_source_timestamp":105737697275214,"circlet_count":0,"master_deck":["Defend_G","Defend_G","Defend_G","Defend_G","Strike_G","Strike_G","Strike_G","Strike_G","Strike_G","Survivor","Neutralize","Poisoned Stab","Flying Knee","Infinite Blades","Corpse Explosion"],"relics":["Ring of the Snake","NeowsBlessing","Letter Opener","Bag of Preparation","Golden Idol"],"potions_floor_usage":[6,8],"damage_taken":[{"damage":0,"enemies":"Small Slimes","floor":1,"turns":1},{"damage":0,"enemies":"2 Louse","floor":3,"turns":1},{"damage":0,"enemies":"Jaw Worm","floor":4,"turns":1},{"damage":54,"enemies":"Lagavulin","floor":6,"turns":8},{"damage":12,"enemies":"3 Sentries","floor":8,"turns":2}],"seed_played":"-4647252833567123554","potions_obtained":[{"floor":4,"key":"Energy Potion"},{"floor":6,"key":"Strength Potion"}],"is_trial":false,"path_per_floor":["M","?","M","M","$","E","?","E"],"character_chosen":"THE_SILENT","items_purchased":["Infinite Blades"],"campfire_rested":0,"item_purchase_floors":[5],"current_hp_per_floor":[70,63,63,63,63,9,9,0],"gold":65,"neow_bonus":"THREE_ENEMY_KILL","is_prod":false,"is_daily":false,"chose_seed":false,"campfire_upgraded":0,"win_rate":0,"timestamp":1551596479,"path_taken":["M","?","M","M","$","E","?","E"],"build_version":"2019-01-23","purchased_purges":1,"victory":false,"max_hp_per_floor":[70,70,70,70,70,70,65,65],"card_choices":[{"not_picked":["Outmaneuver","Concentrate","Eviscerate"],"picked":"SKIP","floor":1},{"not_picked":["Deadly Poison","Reflex"],"picked":"Poisoned Stab","floor":3},{"not_picked":["Setup","Acrobatics"],"picked":"Flying Knee","floor":4},{"not_picked":["Accuracy","Outmaneuver"],"picked":"Corpse Explosion","floor":6}],"player_experience":450348,"relics_obtained":[{"floor":6,"key":"Bag of Preparation"}],"event_choices":[{"damage_healed":0,"gold_gain":0,"player_choice":"Success","damage_taken":7,"relics_obtained":["Letter Opener"],"max_hp_gain":0,"max_hp_loss":0,"event_name":"Scrap Ooze","floor":2,"gold_loss":0},{"damage_healed":0,"gold_gain":0,"player_choice":"Lose Max HP","damage_taken":0,"relics_obtained":["Golden Idol"],"max_hp_gain":0,"max_hp_loss":5,"event_name":"Golden Idol","floor":7,"gold_loss":0}],"is_beta":false,"boss_relics":[],"items_purged_floors":[5],"is_endless":false,"potions_floor_spawned":[4,6],"killed_by":"3 Sentries","ascension_level":4}