{"gold_per_floor":[114,214,227,227,237,271,271,304,328,72,72,84,114,132,132,132],"floor_reached":16,"playtime":593,"items_purged":[],"score":138,"play_id":"a745cf09-f676-4183-936b-e35bf097968c","local_time":"20190214220708","is_ascension_mode":true,"campfire_choices":[{"floor":15,"key":"REST"}],"neow_cost":"NONE","seed_source_timestamp":75247444705186,"circlet_count":0,"master_deck":["Strike_R","Strike_R","Strike_R","Strike_R","Strike_R","Defend_R","Defend_R","Defend_R","Bash","True Grit","Thunderclap","Impervious","Dropkick"],"relics":["Burning Blood","NeowsBlessing","Happy Flower","Bag of Marbles","Blood Vial","Matryoshka"],"potions_floor_usage":[6,6,16,16],"damage_taken":[{"damage":0,"enemies":"Jaw Worm","floor":1,"turns":1},{"damage":0,"enemies":"Cultist","floor":3,"turns":1},{"damage":0,"enemies":"2 Louse","floor":5,"turns":1},{"damage":38,"enemies":"3 Sentries","floor":6,"turns":8},{"damage":38,"enemies":"Gremlin Nob","floor":8,"turns":5},{"damage":12,"enemies":"Lots of Slimes","floor":12,"turns":3},{"damage":9,"enemies":"Blue Slaver","floor":14,"turns":4},{"damage":53,"enemies":"The Guardian","floor":16,"turns":12}],"seed_played":"-1951312695676645867","potions_obtained":[{"floor":3,"key":"Explosive Potion"},{"floor":4,"key":"Regen Potion"},{"floor":4,"key":"FearPotion"},{"floor":6,"key":"EssenceOfSteel"},{"floor":14,"key":"Poison Potion"}],"is_trial":false,"path_per_floor":["M","?","M","?","M","E","?","E","T","$","$","M","?","M","R","B"],"character_chosen":"IRONCLAD","items_purchased":["Matryoshka"],"campfire_rested":1,"item_purchase_floors":[10],"current_hp_per_floor":[80,80,80,80,80,63,63,31,31,31,31,27,27,26,50,0],"gold":132,"neow_bonus":"THREE_ENEMY_KILL","is_prod":false,"is_daily":false,"chose_seed":false,"campfire_upgraded":0,"win_rate":0,"timestamp":1550207228,"path_taken":["M","?","?","?","?","E","?","E","T","?","$","M","?","M","R","BOSS"],"build_version":"2019-01-23","purchased_purges":0,"victory":false,"max_hp_per_floor":[80,80,80,80,80,80,80,80,80,80,80,80,80,80,80,80],"card_choices":[{"not_picked":["Anger","Havoc","Perfected Strike"],"picked":"SKIP","floor":1},{"not_picked":["Perfected Strike","Twin Strike"],"picked":"True Grit","floor":3},{"not_picked":["Sentinel","Warcry"],"picked":"Thunderclap","floor":5},{"not_picked":["Heavy Blade","Anger"],"picked":"Impervious","floor":6},{"not_picked":["Clothesline","Cleave"],"picked":"Dropkick","floor":8},{"not_picked":["Sword Boomerang","Body Slam","Flame Barrier"],"picked":"SKIP","floor":12},{"not_picked":["Reckless Charge","Spot Weakness","Warcry"],"picked":"SKIP","floor":14}],"player_experience":403393,"relics_obtained":[{"floor":6,"key":"Happy Flower"},{"floor":8,"key":"Bag of Marbles"},{"floor":9,"key":"Blood Vial"}],"event_choices":[{"damage_healed":0,"gold_gain":100,"player_choice":"Pray","damage_taken":0,"max_hp_gain":0,"max_hp_loss":0,"event_name":"Golden Shrine","floor":2,"gold_loss":0},{"damage_healed":0,"gold_gain":0,"player_choice":"Got Potions","damage_taken":0,"max_hp_gain":0,"max_hp_loss":0,"event_name":"Lab","floor":4,"gold_loss":0},{"cards_removed":["Defend_R"],"damage_healed":0,"gold_gain":0,"player_choice":"Purged","damage_taken":0,"max_hp_gain":0,"max_hp_loss":0,"event_name":"Purifier","floor":7,"gold_loss":0},{"damage_healed":0,"gold_gain":30,"player_choice":"Searched \u00272\u0027 times","damage_taken":0,"max_hp_gain":0,"max_hp_loss":0,"event_name":"Dead Adventurer","floor":13,"gold_loss":0}],"is_beta":false,"boss_relics":[],"items_purged_floors":[],"is_endless":false,"potions_floor_spawned":[3,6,14],"killed_by":"The Guardian","ascension_level":5}