{"gold_per_floor":[118,132,207,59,77,77,27,52,52,66,101,101,126,136,136,236,236,254,271,288,323,323],"floor_reached":22,"playtime":864,"items_purged":[],"score":265,"play_id":"30531ac5-87ce-41fd-9846-d3602b5ffce6","local_time":"20190427094939","is_ascension_mode":true,"campfire_choices":[{"data":"Streamline","floor":6,"key":"SMITH"},{"data":"Zap","floor":12,"key":"SMITH"},{"floor":15,"key":"REST"}],"neow_cost":"NONE","seed_source_timestamp":1122614325088820,"circlet_count":0,"master_deck":["Strike_B","Strike_B","Defend_B","Defend_B+1","Defend_B","Defend_B","Zap+1","Dualcast+1","Streamline+1","Core Surge+1","Rebound+1"],"relics":["Cracked Core","DataDisk","War Paint","Molten Egg 2","Du-Vu Doll","Potion Belt","Runic Pyramid","Red Mask"],"potions_floor_usage":[16,18,19,20,22,22],"damage_taken":[{"damage":6,"enemies":"Small Slimes","floor":1,"turns":4},{"damage":1,"enemies":"Cultist","floor":2,"turns":3},{"damage":4,"enemies":"Jaw Worm","floor":5,"turns":3},{"damage":3,"enemies":"Blue Slaver","floor":10,"turns":3},{"damage":17,"enemies":"Lagavulin","floor":11,"turns":5},{"damage":17,"enemies":"3 Sentries","floor":13,"turns":7},{"damage":6,"enemies":"Looter","floor":14,"turns":2},{"damage":4,"enemies":"Slime Boss","floor":16,"turns":8},{"damage":6,"enemies":"Shell Parasite","floor":18,"turns":3},{"damage":6,"enemies":"3 Byrds","floor":19,"turns":4},{"damage":15,"enemies":"Snecko","floor":20,"turns":5},{"damage":28,"enemies":"Masked Bandits","floor":21,"turns":3},{"damage":19,"enemies":"Colosseum Slavers","floor":22,"turns":2}],"seed_played":"2973191900401736385","potions_obtained":[{"floor":5,"key":"SpeedPotion"},{"floor":13,"key":"SteroidPotion"},{"floor":14,"key":"SkillPotion"},{"floor":16,"key":"Fire Potion"},{"floor":19,"key":"SteroidPotion"},{"floor":21,"key":"Weak Potion"}],"is_trial":false,"path_per_floor":["M","M","?","$","M","R","?","T","T","M","E","R","E","M","R","B",null,"M","M","M","?","?"],"character_chosen":"DEFECT","items_purchased":["DataDisk"],"campfire_rested":1,"item_purchase_floors":[4],"current_hp_per_floor":[62,61,54,54,50,50,50,50,50,47,30,30,13,7,29,25,63,57,51,36,8,0],"gold":323,"neow_bonus":"REMOVE_CARD","is_prod":false,"is_daily":false,"chose_seed":false,"campfire_upgraded":2,"win_rate":0,"timestamp":1556351379,"path_taken":["M","M","?","$","?","R","?","?","T","M","E","R","E","M","R","BOSS","M","M","M","?","?"],"build_version":"2019-04-23","purchased_purges":0,"victory":false,"max_hp_per_floor":[75,75,75,75,75,75,75,75,75,75,75,75,75,75,75,75,75,75,75,75,75,75],"card_choices":[{"not_picked":["Hologram","Cold Snap"],"picked":"Streamline","floor":1},{"not_picked":["Compile Driver","Redo","Steam"],"picked":"SKIP","floor":2},{"not_picked":["Conserve Battery","Thunder Strike","Barrage"],"picked":"SKIP","floor":5},{"not_picked":["Doom and Gloom+1","Ball Lightning+1","Leap"],"picked":"SKIP","floor":10},{"not_picked":["Coolheaded","Static Discharge","Redo"],"picked":"SKIP","floor":11},{"not_picked":["Capacitor","Stack","Conserve Battery"],"picked":"SKIP","floor":13},{"not_picked":["Leap","Conserve Battery","Cold Snap+1"],"picked":"SKIP","floor":14},{"not_picked":["Seek","Hyperbeam+1"],"picked":"Core Surge+1","floor":16},{"not_picked":["Steam","Ball Lightning+1"],"picked":"Rebound+1","floor":18},{"not_picked":["Go for the Eyes+1","Ball Lightning+1","Reprogram"],"picked":"SKIP","floor":19},{"not_picked":["Coolheaded","Glacier","Conserve Battery+1"],"picked":"SKIP","floor":20}],"player_experience":517587,"relics_obtained":[{"floor":8,"key":"War Paint"},{"floor":9,"key":"Molten Egg 2"},{"floor":11,"key":"Du-Vu Doll"},{"floor":13,"key":"Potion Belt"},{"floor":21,"key":"Red Mask"}],"event_choices":[{"damage_healed":0,"gold_gain":75,"player_choice":"Touch","damage_taken":7,"max_hp_gain":0,"max_hp_loss":0,"event_name":"FaceTrader","floor":3,"gold_loss":0},{"cards_removed":["Strike_B"],"damage_healed":0,"gold_gain":0,"player_choice":"Card Removal","damage_taken":0,"max_hp_gain":0,"max_hp_loss":0,"event_name":"The Cleric","floor":7,"gold_loss":50},{"damage_healed":0,"gold_gain":0,"player_choice":"Fought Bandits","damage_taken":0,"max_hp_gain":0,"max_hp_loss":0,"event_name":"Masked Bandits","floor":21,"gold_loss":0},{"damage_healed":0,"gold_gain":0,"player_choice":"Fight","damage_taken":0,"max_hp_gain":0,"max_hp_loss":0,"event_name":"Colosseum","floor":22,"gold_loss":0}],"is_beta":true,"boss_relics":[{"not_picked":["Coffee Dripper","Ectoplasm"],"picked":"Runic Pyramid"}],"items_purged_floors":[],"is_endless":false,"potions_floor_spawned":[5,13,14,16,19,21],"killed_by":"Colosseum Slavers","ascension_level":7}