{"gold_per_floor":[109,109,109,121,134,134,147,147,147,222,234,234,41,51,51,153,153,167,178,178,188,207,207,3,3,3,3,19,19],"floor_reached":29,"playtime":1319,"items_purged":["Strike_R"],"score":347,"play_id":"0b1b0fce-9443-4be6-9782-94ca128d1a26","local_time":"20190512115058","is_ascension_mode":true,"campfire_choices":[{"data":"Searing Blow","floor":6,"key":"SMITH"},{"data":"Searing Blow+1","floor":8,"key":"SMITH"},{"data":"Searing Blow+2","floor":12,"key":"SMITH"},{"data":"Searing Blow+3","floor":15,"key":"SMITH"},{"data":"Searing Blow+4","floor":23,"key":"SMITH"},{"data":"Searing Blow+5","floor":25,"key":"SMITH"},{"floor":27,"key":"REST"}],"neow_cost":"NONE","seed_source_timestamp":187391354073907,"circlet_count":0,"master_deck":["AscendersBane","Strike_R","Strike_R+1","Defend_R","Defend_R","Defend_R+1","Defend_R","Bash","Searing Blow+6","Clothesline","Burning Pact","True Grit","Double Tap","Ghostly Armor","Armaments","Madness","Warcry","Seeing Red"],"relics":["Philosopher\u0027s Stone","Meat on the Bone","Medical Kit","Empty Cage","Nloth\u0027s Gift","Bottled Lightning"],"potions_floor_usage":[11,21,28,29,29],"damage_taken":[{"damage":0,"enemies":"Small Slimes","floor":1,"turns":3},{"damage":4,"enemies":"2 Louse","floor":4,"turns":2},{"damage":0,"enemies":"Cultist","floor":5,"turns":3},{"damage":15,"enemies":"Blue Slaver","floor":7,"turns":3},{"damage":3,"enemies":"Exordium Thugs","floor":11,"turns":4},{"damage":0,"enemies":"2 Fungi Beasts","floor":14,"turns":2},{"damage":23,"enemies":"Hexaghost","floor":16,"turns":9},{"damage":38,"enemies":"3 Byrds","floor":18,"turns":6},{"damage":11,"enemies":"Shell Parasite","floor":19,"turns":3},{"damage":23,"enemies":"Snake Plant","floor":21,"turns":4},{"damage":28,"enemies":"Cultist and Chosen","floor":22,"turns":6},{"damage":22,"enemies":"Snecko","floor":28,"turns":4},{"damage":45,"enemies":"Slavers","floor":29,"turns":8}],"seed_played":"-744661461138656316","potions_obtained":[{"floor":1,"key":"Block Potion"},{"floor":16,"key":"BloodPotion"},{"floor":18,"key":"EssenceOfSteel"},{"floor":19,"key":"EntropicBrew"},{"floor":22,"key":"Regen Potion"}],"is_trial":false,"path_per_floor":["M","?","?","M","M","R","M","R","T","?","M","R","$","M","R","B",null,"M","M","?","M","M","R","$","R","T","R","M","E"],"character_chosen":"IRONCLAD","items_purchased":["Medical Kit","Madness","Warcry"],"campfire_rested":1,"item_purchase_floors":[13,24,24],"current_hp_per_floor":[72,56,44,52,52,52,49,49,49,41,50,50,50,50,50,39,70,44,45,45,34,18,18,18,18,18,42,44,0],"gold":19,"neow_bonus":"BOSS_RELIC","is_prod":false,"is_daily":false,"chose_seed":false,"campfire_upgraded":6,"win_rate":0,"timestamp":1557687058,"path_taken":["M","?","?","M","M","R","M","R","T","?","M","R","$","M","R","BOSS","M","?","?","M","M","R","?","R","T","R","M","E"],"build_version":"2019-01-23","purchased_purges":1,"victory":false,"max_hp_per_floor":[80,80,80,80,80,80,80,80,80,80,80,80,80,80,80,80,80,80,80,80,80,80,80,80,80,80,80,80,80],"card_choices":[{"not_picked":["Headbutt","Body Slam"],"picked":"Searing Blow","floor":1},{"not_picked":["Iron Wave","Corruption","Anger"],"picked":"SKIP","floor":4},{"not_picked":["Body Slam","Cleave"],"picked":"Clothesline","floor":5},{"not_picked":["Whirlwind","True Grit"],"picked":"Burning Pact","floor":7},{"not_picked":["Spot Weakness","Warcry"],"picked":"True Grit","floor":11},{"not_picked":["Cleave","Bloodletting","Twin Strike"],"picked":"SKIP","floor":14},{"not_picked":["Impervious","Brutality+1"],"picked":"Double Tap","floor":16},{"not_picked":["Blood for Blood","Body Slam","Anger"],"picked":"SKIP","floor":18},{"not_picked":["Twin Strike","Thunderclap","Spot Weakness"],"picked":"SKIP","floor":19},{"not_picked":["Second Wind","Wild Strike"],"picked":"Ghostly Armor","floor":21},{"not_picked":["Shrug It Off","Battle Trance"],"picked":"Armaments","floor":22},{"not_picked":["Pommel Strike","Twin Strike"],"picked":"Seeing Red","floor":28}],"player_experience":679765,"relics_obtained":[{"floor":9,"key":"Frozen Egg 2"},{"floor":26,"key":"Bottled Lightning"}],"event_choices":[{"damage_healed":0,"gold_gain":0,"player_choice":"Entered Light","damage_taken":16,"max_hp_gain":0,"max_hp_loss":0,"event_name":"Shining Light","floor":2,"gold_loss":0,"cards_upgraded":["Defend_R","Strike_R"]},{"damage_healed":0,"gold_gain":0,"player_choice":"Success","damage_taken":12,"relics_obtained":["Meat on the Bone"],"max_hp_gain":0,"max_hp_loss":0,"event_name":"Scrap Ooze","floor":3,"gold_loss":0},{"damage_healed":0,"gold_gain":75,"player_choice":"Touch","damage_taken":8,"max_hp_gain":0,"max_hp_loss":0,"event_name":"FaceTrader","floor":10,"gold_loss":0},{"damage_healed":0,"gold_gain":0,"player_choice":"Traded Relic","damage_taken":0,"relics_obtained":["Nloth\u0027s Gift"],"max_hp_gain":0,"max_hp_loss":0,"event_name":"N\u0027loth","floor":20,"relics_lost":["Frozen Egg 2"],"gold_loss":0}],"is_beta":false,"boss_relics":[{"not_picked":["Fusion Hammer","Runic Cube"],"picked":"Empty Cage"}],"items_purged_floors":[24],"is_endless":false,"potions_floor_spawned":[1,16,18,19,22],"killed_by":"Slavers","ascension_level":12}