{"gold_per_floor":[110,35,35,35,35,67,81,81,81,256,256,282,298,309,309,309],"floor_reached":16,"playtime":701,"items_purged":["Defend_R"],"score":98,"play_id":"1d36be9d-b09b-4bbf-b043-fda3f0c264b0","local_time":"20181231022143","is_ascension_mode":false,"campfire_choices":[{"data":"Uppercut","floor":11,"key":"SMITH"},{"floor":15,"key":"REST"}],"neow_cost":"NONE","seed_source_timestamp":60564273975609,"circlet_count":0,"master_deck":["Strike_R","Strike_R","Strike_R","Strike_R","Strike_R","Defend_R","Bash","Shrug It Off","Iron Wave","Uppercut+1","Whirlwind","Doubt"],"relics":["Burning Blood","Juzu Bracelet","Dodecahedron","WingedGreaves","Molten Egg 2","Odd Mushroom"],"potions_floor_usage":[13,16],"damage_taken":[{"damage":5,"enemies":"2 Louse","floor":1,"turns":3},{"damage":33,"enemies":"3 Sentries","floor":6,"turns":13},{"damage":0,"enemies":"Cultist","floor":7,"turns":3},{"damage":28,"enemies":"The Mushroom Lair","floor":12,"turns":5},{"damage":3,"enemies":"Jaw Worm","floor":13,"turns":3},{"damage":27,"enemies":"Large Slime","floor":14,"turns":6},{"damage":49,"enemies":"Slime Boss","floor":16,"turns":7}],"seed_played":"373218692458622555","potions_obtained":[{"floor":1,"key":"Ancient Potion"},{"floor":6,"key":"GamblersBrew"},{"floor":12,"key":"Explosive Potion"}],"is_trial":false,"path_per_floor":["M","$","?","$","T","E","M","?","T","?","R","?","M","M","R","B"],"character_chosen":"IRONCLAD","items_purchased":[],"campfire_rested":1,"item_purchase_floors":[],"current_hp_per_floor":[80,80,80,80,80,53,59,59,59,59,59,37,40,19,43,0],"gold":309,"neow_bonus":"RANDOM_COMMON_RELIC","is_prod":false,"is_daily":false,"chose_seed":false,"campfire_upgraded":1,"win_rate":0,"timestamp":1546248103,"path_taken":["M","$","?","?","?","E","M","?","T","?","R","?","M","M","R","BOSS"],"build_version":"2018-12-20","purchased_purges":1,"victory":false,"max_hp_per_floor":[80,80,80,80,80,80,80,80,80,80,80,80,80,80,80,80],"card_choices":[{"not_picked":["Uppercut","Spot Weakness"],"picked":"Shrug It Off","floor":1},{"not_picked":["Battle Trance","Rupture"],"picked":"Uppercut","floor":6},{"not_picked":["Iron Wave","Havoc"],"picked":"Whirlwind","floor":7},{"not_picked":["Feel No Pain","Armaments","Cleave+1"],"picked":"SKIP","floor":13},{"not_picked":["Reckless Charge+1","Intimidate","Power Through"],"picked":"SKIP","floor":14}],"player_experience":227666,"relics_obtained":[{"floor":5,"key":"Dodecahedron"},{"floor":6,"key":"WingedGreaves"},{"floor":9,"key":"Molten Egg 2"},{"floor":12,"key":"Odd Mushroom"}],"event_choices":[{"cards_removed":["Defend_R"],"damage_healed":0,"gold_gain":0,"player_choice":"Took Card","damage_taken":0,"max_hp_gain":0,"max_hp_loss":0,"event_name":"NoteForYourself","floor":3,"gold_loss":0,"cards_obtained":["Iron Wave"]},{"cards_removed":["Defend_R"],"damage_healed":0,"gold_gain":0,"player_choice":"Forget","damage_taken":0,"max_hp_gain":0,"max_hp_loss":0,"event_name":"Living Wall","floor":8,"gold_loss":0},{"damage_healed":0,"gold_gain":175,"player_choice":"AGREE","damage_taken":0,"max_hp_gain":0,"max_hp_loss":0,"event_name":"Liars Game","floor":10,"gold_loss":0,"cards_obtained":["Doubt"]},{"damage_healed":0,"gold_gain":0,"player_choice":"Fought Mushrooms","damage_taken":0,"max_hp_gain":0,"max_hp_loss":0,"event_name":"Mushrooms","floor":12,"gold_loss":0}],"is_beta":false,"boss_relics":[],"items_purged_floors":[2],"is_endless":false,"potions_floor_spawned":[1,6,12],"killed_by":"Slime Boss","ascension_level":0}