{"gold_per_floor":[110,110,110,129,152,152,191,191,191,47,83,104,123,139,139,259,259,283,408,323,336,336,375,375,54,54,87,87,103,103,142,142,262,262,275,288,302,377,392,392],"floor_reached":40,"playtime":2312,"items_purged":["Strike_R"],"score":746,"play_id":"e86b52c7-ae2a-4953-8727-c2f9cd1a8fa0","local_time":"20190402201943","is_ascension_mode":true,"campfire_choices":[{"data":"Armaments","floor":6,"key":"SMITH"},{"data":"Whirlwind","floor":8,"key":"SMITH"},{"data":"Spot Weakness","floor":15,"key":"SMITH"},{"data":"RitualDagger","floor":24,"key":"SMITH"},{"data":"Uppercut","floor":30,"key":"SMITH"},{"data":"Brutality","floor":32,"key":"SMITH"}],"neow_cost":"NONE","seed_source_timestamp":212859587568303,"circlet_count":0,"master_deck":["AscendersBane","Bash","Armaments+1","Thunderclap","Whirlwind+1","Spot Weakness+1","Pommel Strike","Power Through+1","Dropkick","Shrug It Off","Brutality+1","Burning Pact+1","Headbutt","RitualDagger+1","Pummel+1","Uppercut+1","Leap","Predator+1","Rupture","Thunderclap","Barricade","Ghostly Armor","Impervious","Burning Pact","Clothesline","Fire Breathing","Hologram","Static Discharge+1","Discovery"],"relics":["Burning Blood","Golden Idol","Letter Opener","Blood Vial","Bag of Marbles","Bronze Scales","Vajra","Busted Crown","StoneCalendar","Mummified Hand","Matryoshka","Calipers","PrismaticShard","War Paint","Torii","Blue Candle","MutagenicStrength","Ancient Tea Set","Pandora\u0027s Box"],"potions_floor_usage":[11,19,33,40,40],"damage_taken":[{"damage":0,"enemies":"2 Louse","floor":1,"turns":5},{"damage":0,"enemies":"Small Slimes","floor":4,"turns":3},{"damage":1,"enemies":"Cultist","floor":5,"turns":3},{"damage":32,"enemies":"Gremlin Nob","floor":7,"turns":4},{"damage":17,"enemies":"Lagavulin","floor":11,"turns":5},{"damage":0,"enemies":"2 Fungi Beasts","floor":12,"turns":1},{"damage":8,"enemies":"Blue Slaver","floor":13,"turns":2},{"damage":0,"enemies":"Large Slime","floor":14,"turns":3},{"damage":21,"enemies":"The Guardian","floor":16,"turns":10},{"damage":0,"enemies":"Chosen","floor":18,"turns":3},{"damage":0,"enemies":"Colosseum Slavers","floor":19,"turns":1},{"damage":8,"enemies":"Colosseum Nobs","floor":19,"turns":3},{"damage":0,"enemies":"3 Byrds","floor":21,"turns":2},{"damage":26,"enemies":"Slavers","floor":23,"turns":4},{"damage":0,"enemies":"Gremlin Leader","floor":27,"turns":5},{"damage":0,"enemies":"Sentry and Sphere","floor":29,"turns":2},{"damage":23,"enemies":"Book of Stabbing","floor":31,"turns":4},{"damage":57,"enemies":"Collector","floor":33,"turns":7},{"damage":1,"enemies":"3 Shapes","floor":35,"turns":2},{"damage":1,"enemies":"3 Darklings","floor":36,"turns":2},{"damage":19,"enemies":"Sphere and 2 Shapes","floor":37,"turns":4},{"damage":34,"enemies":"Spire Growth","floor":39,"turns":4},{"damage":36,"enemies":"Reptomancer","floor":40,"turns":4}],"seed_played":"-5598968360993157920","potions_obtained":[{"floor":7,"key":"Energy Potion"},{"floor":12,"key":"FearPotion"},{"floor":18,"key":"Energy Potion"},{"floor":23,"key":"Dexterity Potion"},{"floor":33,"key":"Explosive Potion"},{"floor":35,"key":"Strength Potion"},{"floor":36,"key":"AttackPotion"}],"is_trial":false,"path_per_floor":["M","?","?","M","M","R","E","R","T","$","E","M","M","M","R","B",null,"M","?","?","M","?","E","R","$","T","E","?","M","R","E","R","B",null,"M","M","M","?","M","E"],"character_chosen":"IRONCLAD","items_purchased":["Bronze Scales","PrismaticShard","Uppercut"],"campfire_rested":0,"item_purchase_floors":[10,25,25],"current_hp_per_floor":[78,58,58,64,69,69,43,43,43,43,34,42,42,50,50,37,69,77,78,78,80,74,56,56,56,56,64,64,72,72,57,57,8,62,69,76,65,57,31,0],"gold":392,"neow_bonus":"THREE_CARDS","is_prod":false,"is_daily":false,"chose_seed":false,"campfire_upgraded":6,"win_rate":0,"timestamp":1554261583,"path_taken":["M","?","?","M","M","R","E","R","T","$","E","M","?","M","R","BOSS","M","?","?","M","?","E","R","$","T","E","?","M","R","E","R","BOSS","M","M","M","?","M","E"],"build_version":"2019-01-23","purchased_purges":1,"victory":false,"max_hp_per_floor":[80,80,80,80,80,80,80,80,80,80,80,80,80,80,80,80,80,80,80,80,80,80,80,80,80,80,80,80,80,80,80,80,80,80,80,80,80,80,80,80],"card_choices":[{"not_picked":["Iron Wave","Rage"],"picked":"Armaments","floor":0},{"not_picked":["Heavy Blade","Cleave"],"picked":"Warcry","floor":1},{"not_picked":["Havoc","Sword Boomerang"],"picked":"Thunderclap","floor":4},{"not_picked":["Reckless Charge","Perfected Strike"],"picked":"Whirlwind","floor":5},{"not_picked":["Intimidate","Armaments"],"picked":"Spot Weakness","floor":7},{"not_picked":["Flex","Second Wind"],"picked":"Pommel Strike","floor":11},{"not_picked":["Rupture","Blood for Blood"],"picked":"Power Through","floor":12},{"not_picked":["Juggernaut","Perfected Strike"],"picked":"Dropkick","floor":13},{"not_picked":["Cleave","Whirlwind"],"picked":"Shrug It Off","floor":14},{"not_picked":["Immolate","Offering"],"picked":"Brutality","floor":16},{"not_picked":[],"picked":"Burning Pact+1","floor":18},{"not_picked":[],"picked":"Headbutt","floor":19},{"not_picked":["Carnage"],"picked":"SKIP","floor":21},{"not_picked":[],"picked":"Pummel+1","floor":23},{"not_picked":[],"picked":"Leap","floor":27},{"not_picked":["Leap"],"picked":"SKIP","floor":29},{"not_picked":[],"picked":"Predator+1","floor":31},{"not_picked":[],"picked":"Hologram","floor":35},{"not_picked":[],"picked":"Static Discharge+1","floor":36},{"not_picked":["Ball Lightning"],"picked":"SKIP","floor":37},{"not_picked":[],"picked":"Discovery","floor":39}],"player_experience":590472,"relics_obtained":[{"floor":7,"key":"Blood Vial"},{"floor":9,"key":"Bag of Marbles"},{"floor":11,"key":"Vajra"},{"floor":19,"key":"StoneCalendar"},{"floor":19,"key":"Mummified Hand"},{"floor":23,"key":"Calipers"},{"floor":26,"key":"War Paint"},{"floor":26,"key":"Torii"},{"floor":27,"key":"Blue Candle"},{"floor":31,"key":"Ancient Tea Set"}],"event_choices":[{"damage_healed":0,"gold_gain":0,"player_choice":"Take Damage","damage_taken":20,"relics_obtained":["Golden Idol"],"max_hp_gain":0,"max_hp_loss":0,"event_name":"Golden Idol","floor":2,"gold_loss":0},{"cards_removed":["Warcry"],"damage_healed":0,"gold_gain":0,"player_choice":"Gave Card","damage_taken":0,"relics_obtained":["Letter Opener"],"max_hp_gain":0,"max_hp_loss":0,"event_name":"WeMeetAgain","floor":3,"gold_loss":0},{"damage_healed":0,"gold_gain":0,"player_choice":"Fight","damage_taken":0,"max_hp_gain":0,"max_hp_loss":0,"event_name":"Colosseum","floor":19,"gold_loss":0},{"damage_healed":0,"gold_gain":0,"player_choice":"Fought Nobs","damage_taken":0,"max_hp_gain":0,"max_hp_loss":0,"event_name":"Colosseum","floor":19,"gold_loss":0},{"damage_healed":0,"gold_gain":0,"player_choice":"Obtained Relic","damage_taken":0,"relics_obtained":["Matryoshka"],"max_hp_gain":0,"max_hp_loss":0,"event_name":"Addict","floor":20,"gold_loss":85},{"damage_healed":0,"gold_gain":0,"player_choice":"Joined the Cult","damage_taken":6,"max_hp_gain":0,"max_hp_loss":0,"event_name":"Nest","floor":22,"gold_loss":0,"cards_obtained":["RitualDagger"]},{"damage_healed":0,"gold_gain":0,"player_choice":"Inject Mutagens","damage_taken":0,"relics_obtained":["MutagenicStrength"],"max_hp_gain":0,"max_hp_loss":0,"event_name":"Drug Dealer","floor":28,"gold_loss":0},{"damage_healed":0,"gold_gain":75,"player_choice":"Touch","damage_taken":8,"max_hp_gain":0,"max_hp_loss":0,"event_name":"FaceTrader","floor":38,"gold_loss":0}],"is_beta":false,"boss_relics":[{"not_picked":["Runic Dome","Eternal Feather"],"picked":"Busted Crown"},{"not_picked":["Runic Pyramid","Black Star"],"picked":"Pandora\u0027s Box"}],"items_purged_floors":[25],"is_endless":false,"potions_floor_spawned":[7,12,18,23,29,33,35,36,37],"killed_by":"Reptomancer","ascension_level":11}