{"gold_per_floor":[109,122,122,137,152,152,178,178,178,213,213,228,228,240,240,337,337,348,21,38,38,58,58],"floor_reached":23,"playtime":1612,"items_purged":[],"score":223,"play_id":"13081ff2-c79b-445e-9c25-5449fb0607eb","local_time":"20190707170840","is_ascension_mode":true,"campfire_choices":[{"floor":6,"key":"REST"},{"data":"Barricade","floor":8,"key":"SMITH"},{"floor":11,"key":"REST"},{"data":"Entrench","floor":13,"key":"SMITH"},{"floor":15,"key":"REST"}],"neow_cost":"CURSE","seed_source_timestamp":809465943353750,"circlet_count":0,"master_deck":["Strike_R","Strike_R","Strike_R","Strike_R","Defend_R","Defend_R","Defend_R","Defend_R","Bash","Entrench+1","Warcry","Thunderclap","Barricade+1","Heavy Blade","Flame Barrier","Metallicize","Impervious","Uppercut+1","Inflame","Warcry","Cleave"],"relics":["Burning Blood","FossilizedHelix","Bronze Scales","Regal Pillow","Mummified Hand","Runic Pyramid","Kunai"],"potions_floor_usage":[7,18],"damage_taken":[{"damage":2,"enemies":"Jaw Worm","floor":1,"turns":4},{"damage":23,"enemies":"Small Slimes","floor":2,"turns":5},{"damage":0,"enemies":"Cultist","floor":4,"turns":3},{"damage":9,"enemies":"Large Slime","floor":5,"turns":8},{"damage":5,"enemies":"Gremlin Nob","floor":7,"turns":4},{"damage":44,"enemies":"Lagavulin","floor":10,"turns":10},{"damage":33,"enemies":"Exordium Thugs","floor":12,"turns":5},{"damage":15,"enemies":"Gremlin Gang","floor":14,"turns":4},{"damage":14,"enemies":"Hexaghost","floor":16,"turns":16},{"damage":21,"enemies":"2 Thieves","floor":18,"turns":4},{"damage":32,"enemies":"3 Byrds","floor":20,"turns":4},{"damage":18,"enemies":"Sentry and Sphere","floor":22,"turns":8},{"damage":28,"enemies":"Slavers","floor":23,"turns":2}],"seed_played":"-2745119983663978587","potions_obtained":[{"floor":2,"key":"Explosive Potion"},{"floor":5,"key":"SkillPotion"},{"floor":14,"key":"AttackPotion"},{"floor":22,"key":"GamblersBrew"}],"is_trial":false,"path_per_floor":["M","M","?","M","M","R","E","R","T","E","R","M","R","M","R","B",null,"M","$","M","?","M","E"],"character_chosen":"IRONCLAD","items_purchased":["Kunai","Inflame"],"campfire_rested":3,"item_purchase_floors":[19,19],"current_hp_per_floor":[80,63,56,62,59,80,80,80,80,42,80,53,53,44,80,72,80,65,65,39,39,27,0],"gold":58,"neow_bonus":"ONE_RARE_RELIC","is_prod":false,"is_daily":false,"chose_seed":false,"campfire_upgraded":2,"win_rate":0,"timestamp":1562515720,"path_taken":["M","M","?","M","M","R","E","R","T","E","R","M","R","M","R","BOSS","M","$","M","?","M","E"],"build_version":"2019-07-05","purchased_purges":0,"victory":false,"max_hp_per_floor":[80,80,80,80,80,80,80,80,80,80,80,80,80,80,80,80,80,80,80,80,80,80,80],"card_choices":[{"not_picked":["Carnage","Combust","Reckless Charge"],"picked":"SKIP","floor":1},{"not_picked":["Sword Boomerang","Armaments"],"picked":"Entrench","floor":2},{"not_picked":["Dropkick","Pummel"],"picked":"Warcry","floor":4},{"not_picked":["Sever Soul","Dual Wield"],"picked":"Thunderclap","floor":5},{"not_picked":["Corruption","True Grit"],"picked":"Barricade","floor":7},{"not_picked":["Headbutt","Corruption"],"picked":"Heavy Blade","floor":10},{"not_picked":["Havoc","Hemokinesis"],"picked":"Flame Barrier","floor":12},{"not_picked":["Searing Blow","Reckless Charge"],"picked":"Metallicize","floor":14},{"not_picked":["Double Tap","Offering"],"picked":"Impervious","floor":16},{"not_picked":["Dropkick+1","Perfected Strike"],"picked":"Uppercut+1","floor":18},{"not_picked":["Twin Strike","Sword Boomerang"],"picked":"Warcry","floor":20},{"not_picked":["Juggernaut","Fire Breathing"],"picked":"Cleave","floor":22}],"player_experience":71391,"relics_obtained":[{"floor":7,"key":"Bronze Scales"},{"floor":9,"key":"Regal Pillow"},{"floor":10,"key":"Mummified Hand"}],"event_choices":[{"cards_removed":["Regret"],"damage_healed":0,"gold_gain":0,"player_choice":"Card Removal","damage_taken":7,"max_hp_gain":0,"max_hp_loss":0,"event_name":"Golden Wing","floor":3,"gold_loss":0},{"cards_removed":["Strike_R"],"damage_healed":0,"gold_gain":0,"player_choice":"Purged","damage_taken":0,"max_hp_gain":0,"max_hp_loss":0,"event_name":"Purifier","floor":21,"gold_loss":0}],"is_beta":false,"boss_relics":[{"not_picked":["Empty Cage","Astrolabe"],"picked":"Runic Pyramid"}],"items_purged_floors":[],"is_endless":false,"potions_floor_spawned":[2,5,14,22],"killed_by":"Slavers","ascension_level":2}