{"gold_per_floor":[109,109,34,44,56,56,69,80,80,107,127,127],"floor_reached":12,"playtime":675,"items_purged":["Strike_R"],"score":86,"play_id":"2f3b3b8f-d64c-4d37-99a4-86a081bc6274","local_time":"20190109202244","is_ascension_mode":true,"campfire_choices":[{"data":"Inflame","floor":6,"key":"SMITH"}],"neow_cost":"NONE","seed_source_timestamp":5585665958471,"circlet_count":0,"master_deck":["Strike_R","Strike_R","Strike_R","Strike_R","Defend_R","Defend_R","Defend_R","Bash","Inflame+1","Rage","Second Wind"],"relics":["Burning Blood","Calipers","Odd Mushroom"],"potions_floor_usage":[7,11,12],"damage_taken":[{"damage":0,"enemies":"Small Slimes","floor":1,"turns":5},{"damage":4,"enemies":"Jaw Worm","floor":4,"turns":5},{"damage":9,"enemies":"2 Louse","floor":5,"turns":3},{"damage":25,"enemies":"Large Slime","floor":7,"turns":6},{"damage":16,"enemies":"Looter","floor":8,"turns":3},{"damage":33,"enemies":"The Mushroom Lair","floor":10,"turns":5},{"damage":17,"enemies":"Exordium Thugs","floor":11,"turns":5},{"damage":34,"enemies":"Gremlin Nob","floor":12,"turns":4}],"seed_played":"-2557974364079017229","potions_obtained":[{"floor":1,"key":"Fire Potion"},{"floor":8,"key":"Poison Potion"},{"floor":10,"key":"Poison Potion"}],"is_trial":false,"path_per_floor":["M","?","$","M","M","R","M","M","T","?","M","E"],"character_chosen":"IRONCLAD","items_purchased":[],"campfire_rested":0,"item_purchase_floors":[],"current_hp_per_floor":[88,88,88,88,85,85,66,56,56,29,18,0],"gold":127,"neow_bonus":"TEN_PERCENT_HP_BONUS","is_prod":false,"is_daily":false,"chose_seed":false,"campfire_upgraded":1,"win_rate":0,"timestamp":1547090564,"path_taken":["M","?","$","M","M","R","M","M","T","?","M","E"],"build_version":"2019-01-03v4","purchased_purges":1,"victory":false,"max_hp_per_floor":[88,88,88,88,88,88,88,88,88,88,88,88],"card_choices":[{"not_picked":["Reckless Charge","Clothesline"],"picked":"Inflame","floor":1},{"not_picked":["Reckless Charge","Disarm","Uppercut"],"picked":"SKIP","floor":4},{"not_picked":["Entrench","Feel No Pain","Evolve"],"picked":"SKIP","floor":5},{"not_picked":["Wild Strike","Iron Wave"],"picked":"Rage","floor":7},{"not_picked":["Thunderclap","Pommel Strike","Sword Boomerang"],"picked":"SKIP","floor":8},{"not_picked":["Headbutt","Warcry"],"picked":"Second Wind","floor":11}],"player_experience":271861,"relics_obtained":[{"floor":9,"key":"Calipers"},{"floor":10,"key":"Odd Mushroom"}],"event_choices":[{"cards_removed":["Defend_R"],"damage_healed":0,"gold_gain":0,"player_choice":"Forget","damage_taken":0,"max_hp_gain":0,"max_hp_loss":0,"event_name":"Living Wall","floor":2,"gold_loss":0},{"damage_healed":0,"gold_gain":0,"player_choice":"Fought Mushrooms","damage_taken":0,"max_hp_gain":0,"max_hp_loss":0,"event_name":"Mushrooms","floor":10,"gold_loss":0}],"is_beta":false,"boss_relics":[],"items_purged_floors":[3],"is_endless":false,"potions_floor_spawned":[1,8,10],"killed_by":"Gremlin Nob","ascension_level":4}