{"gold_per_floor":[368,368,368,348,358,358,372,390,417,436,436,436,494,251,251,356,356,376,5,0,13,13,13,13,13,13,13],"floor_reached":27,"playtime":1276,"items_purged":["Strike_R"],"score":318,"play_id":"806928db-f95f-45eb-bc58-2784f9e3163d","local_time":"20190512112849","is_ascension_mode":true,"campfire_choices":[{"data":"Armaments","floor":6,"key":"SMITH"},{"floor":11,"key":"REST"},{"data":"Forethought","floor":15,"key":"SMITH"},{"floor":23,"key":"REST"},{"floor":25,"key":"REST"}],"neow_cost":"PERCENT_DAMAGE","seed_source_timestamp":186103919964476,"circlet_count":0,"master_deck":["AscendersBane","Strike_R+1","Strike_R","Strike_R+1","Strike_R","Defend_R","Defend_R","Defend_R","Defend_R","Bash+1","Blood for Blood","Armaments+1","Rage","Spot Weakness","Shrug It Off","Heavy Blade","Forethought+1","Barricade","Intimidate+1","True Grit","Ghostly Armor","Warcry","Burning Pact","RitualDagger","Reaper"],"relics":["Burning Blood","Dream Catcher","Black Star","Membership Card","Kunai","Toxic Egg 2"],"potions_floor_usage":[8,8,16,21],"damage_taken":[{"damage":8,"enemies":"2 Louse","floor":1,"turns":4},{"damage":2,"enemies":"Jaw Worm","floor":5,"turns":4},{"damage":5,"enemies":"Small Slimes","floor":7,"turns":4},{"damage":7,"enemies":"Gremlin Gang","floor":8,"turns":4},{"damage":2,"enemies":"Blue Slaver","floor":10,"turns":4},{"damage":32,"enemies":"The Guardian","floor":16,"turns":9},{"damage":46,"enemies":"2 Thieves","floor":18,"turns":5},{"damage":21,"enemies":"Spheric Guardian","floor":21,"turns":6},{"damage":71,"enemies":"Book of Stabbing","floor":27,"turns":7}],"seed_played":"-3424789126865119693","potions_obtained":[{"floor":1,"key":"Weak Potion"},{"floor":4,"key":"SpeedPotion"},{"floor":5,"key":"SkillPotion"},{"floor":7,"key":"AttackPotion"},{"floor":8,"key":"PowerPotion"}],"is_trial":false,"path_per_floor":["M","?","?","?","M","R","M","M","T","M","R","$","?","$","R","B",null,"M","$","?","M","$","R","?","R","T","E"],"character_chosen":"IRONCLAD","items_purchased":["Heavy Blade","Forethought","SkillPotion","Membership Card","Kunai","True Grit","Ghostly Armor"],"campfire_rested":3,"item_purchase_floors":[14,14,14,19,19,19,19],"current_hp_per_floor":[49,49,33,33,37,37,38,37,37,41,65,65,65,65,65,39,70,30,30,30,15,15,39,33,57,57,0],"gold":13,"neow_bonus":"TWO_FIFTY_GOLD","is_prod":false,"is_daily":false,"chose_seed":false,"campfire_upgraded":2,"win_rate":0,"timestamp":1557685729,"path_taken":["M","?","?","?","M","R","M","M","T","?","R","$","?","$","R","BOSS","M","$","?","M","$","R","?","R","T","E"],"build_version":"2019-01-23","purchased_purges":1,"victory":false,"max_hp_per_floor":[80,80,80,80,80,80,80,80,80,80,80,80,80,80,80,80,80,80,80,80,80,80,80,80,80,80,80],"card_choices":[{"not_picked":["Sword Boomerang","Hemokinesis"],"picked":"Blood for Blood","floor":1},{"not_picked":["Perfected Strike","Feel No Pain"],"picked":"Armaments","floor":5},{"not_picked":["Uppercut","Evolve"],"picked":"Rage","floor":7},{"not_picked":["Carnage","Rupture","Clothesline"],"picked":"SKIP","floor":8},{"not_picked":["Wild Strike","Perfected Strike"],"picked":"Spot Weakness","floor":10},{"not_picked":["Sword Boomerang","Warcry"],"picked":"Shrug It Off","floor":11},{"not_picked":["Brutality","Immolate"],"picked":"Barricade","floor":16},{"not_picked":["Metallicize","Anger"],"picked":"Intimidate+1","floor":18},{"not_picked":["Armaments","Clothesline"],"picked":"Warcry","floor":21},{"not_picked":["Dropkick","Headbutt"],"picked":"Burning Pact","floor":23},{"not_picked":["Perfected Strike","Headbutt"],"picked":"Reaper","floor":25}],"player_experience":678489,"relics_obtained":[{"floor":9,"key":"Dream Catcher"},{"floor":26,"key":"Toxic Egg 2"}],"event_choices":[{"damage_healed":0,"gold_gain":0,"player_choice":"Grow","damage_taken":0,"max_hp_gain":0,"max_hp_loss":0,"event_name":"Living Wall","floor":2,"gold_loss":0,"cards_upgraded":["Bash"]},{"damage_healed":0,"gold_gain":0,"player_choice":"Entered Light","damage_taken":16,"max_hp_gain":0,"max_hp_loss":0,"event_name":"Shining Light","floor":3,"gold_loss":0,"cards_upgraded":["Strike_R","Strike_R"]},{"damage_healed":0,"gold_gain":0,"player_choice":"Bought 1 Potion","damage_taken":0,"max_hp_gain":0,"max_hp_loss":0,"event_name":"The Woman in Blue","floor":4,"gold_loss":0},{"damage_healed":0,"gold_gain":58,"player_choice":"Gained Gold","damage_taken":0,"max_hp_gain":0,"max_hp_loss":0,"event_name":"Golden Wing","floor":13,"gold_loss":0},{"damage_healed":0,"gold_gain":0,"player_choice":"Paid Fearfully","damage_taken":0,"max_hp_gain":0,"max_hp_loss":0,"event_name":"Masked Bandits","floor":20,"gold_loss":5},{"damage_healed":0,"gold_gain":0,"player_choice":"Joined the Cult","damage_taken":6,"max_hp_gain":0,"max_hp_loss":0,"event_name":"Nest","floor":24,"gold_loss":0,"cards_obtained":["RitualDagger"]}],"is_beta":false,"boss_relics":[{"not_picked":["Ectoplasm","Fusion Hammer"],"picked":"Black Star"}],"items_purged_floors":[14],"is_endless":false,"potions_floor_spawned":[1,5,7,8],"killed_by":"Book of Stabbing","ascension_level":12}