{"gold_per_floor":[111,111,128,144,94,94,119,119,119,137,137,62,62,80,80,181,181,194,194,212,229,329,329,25,25,98,52,152,152,46,57,57,157,157,170,170,185,198,74,74,74,88,88,88,88,0,17,43,55,67],"floor_reached":51,"playtime":2847,"items_purged":["Strike_R","Strike_R"],"score":725,"play_id":"1de213dc-0947-4320-bf94-a5a93f48e21a","local_time":"20181221100319","is_ascension_mode":true,"campfire_choices":[{"data":"Body Slam","floor":6,"key":"SMITH"},{"data":"Rupture","floor":8,"key":"SMITH"},{"data":"Dual Wield","floor":11,"key":"SMITH"},{"data":"Metallicize","floor":13,"key":"SMITH"},{"data":"Impervious","floor":15,"key":"SMITH"},{"floor":23,"key":"REST"},{"data":"Seeing Red","floor":29,"key":"SMITH"},{"data":"Demon Form","floor":32,"key":"SMITH"},{"data":"Whirlwind","floor":40,"key":"SMITH"},{"data":"Bash","floor":49,"key":"SMITH"}],"neow_cost":"NONE","seed_source_timestamp":172884909561043,"circlet_count":0,"master_deck":["Strike_R","Defend_R","Defend_R","Defend_R","Defend_R","Bash+1","Impervious+1","Body Slam+1","Dual Wield+1","Metallicize+1","Rupture+1","Demon Form+1","Seeing Red+1","Rampage+1","True Grit+1","Ghostly Armor+1","Shrug It Off+1","Limit Break+1","Warcry+1","Inflame","Whirlwind+1","Dropkick+1","True Grit+1","Headbutt+1","Decay","Enlightenment+1","Parasite","Demon Form"],"relics":["Burning Blood","Ginger","Letter Opener","Pantograph","Sozu","Incense Burner","Toxic Egg 2","Ice Cream","Kunai","Cursed Key","Blue Candle","Red Mask","MawBank"],"potions_floor_usage":[7,7,25],"damage_taken":[{"damage":0,"enemies":"2 Louse","floor":1,"turns":2},{"damage":14,"enemies":"Jaw Worm","floor":3,"turns":5},{"damage":10,"enemies":"Small Slimes","floor":4,"turns":4},{"damage":11,"enemies":"Gremlin Nob","floor":7,"turns":4},{"damage":15,"enemies":"Looter","floor":10,"turns":3},{"damage":0,"enemies":"Exordium Wildlife","floor":14,"turns":1},{"damage":57,"enemies":"Hexaghost","floor":16,"turns":17},{"damage":13,"enemies":"3 Byrds","floor":18,"turns":7},{"damage":15,"enemies":"Chosen","floor":20,"turns":6},{"damage":23,"enemies":"Snecko","floor":21,"turns":6},{"damage":27,"enemies":"Colosseum Slavers","floor":22,"turns":7},{"damage":15,"enemies":"Colosseum Nobs","floor":22,"turns":4},{"damage":0,"enemies":"Book of Stabbing","floor":25,"turns":1},{"damage":16,"enemies":"Sentry and Sphere","floor":31,"turns":9},{"damage":2,"enemies":"Automaton","floor":33,"turns":8},{"damage":23,"enemies":"Orb Walker","floor":35,"turns":7},{"damage":0,"enemies":"3 Shapes","floor":37,"turns":6},{"damage":2,"enemies":"Maw","floor":38,"turns":6},{"damage":20,"enemies":"Sphere and 2 Shapes","floor":42,"turns":6},{"damage":0,"enemies":"Writhing Mass","floor":47,"turns":6},{"damage":40,"enemies":"Reptomancer","floor":48,"turns":6},{"damage":46,"enemies":"Time Eater","floor":50,"turns":9}],"seed_played":"-6566073536711384215","potions_obtained":[{"floor":1,"key":"SpeedPotion"},{"floor":3,"key":"EssenceOfSteel"},{"floor":14,"key":"SmokeBomb"},{"floor":16,"key":"Poison Potion"}],"is_trial":false,"path_per_floor":["M","?","M","M","?","R","E","R","T","M","R","$","R","M","R","B",null,"M","?","M","M","?","R","$","E","T","$","?","R","$","M","R","B",null,"M","?","M","M","$","R","$","M","T","$","?","?","M","E","R","B",null],"character_chosen":"IRONCLAD","items_purchased":["Ice Cream","True Grit+1","Ghostly Armor+1","Shrug It Off+1","True Grit+1"],"campfire_rested":1,"item_purchase_floors":[24,27,30,30,39],"current_hp_per_floor":[80,62,54,50,50,50,45,45,45,36,36,36,36,42,42,16,80,73,73,64,47,17,41,41,47,47,47,47,47,47,37,37,66,80,63,63,69,73,73,73,73,59,59,59,59,59,65,31,31,16],"gold":79,"neow_bonus":"ONE_RANDOM_RARE_CARD","is_prod":false,"is_daily":false,"chose_seed":false,"campfire_upgraded":9,"win_rate":0,"timestamp":1545411799,"path_taken":["M","?","M","M","?","R","E","R","T","?","R","$","R","M","R","BOSS","M","?","?","M","?","R","?","E","T","$","?","R","$","?","R","BOSS","M","?","?","M","?","R","$","M","T","$","?","?","?","E","R","BOSS"],"build_version":"2018-12-20","purchased_purges":2,"victory":true,"max_hp_per_floor":[80,80,80,80,80,80,80,80,80,80,80,80,80,80,80,80,80,80,80,80,80,80,80,80,80,80,80,80,80,80,80,80,80,80,80,80,80,80,80,80,80,80,80,80,80,80,80,80,80,80],"card_choices":[{"not_picked":["Feel No Pain","Pummel"],"picked":"Body Slam","floor":1},{"not_picked":["Clothesline","Pommel Strike"],"picked":"Dual Wield","floor":3},{"not_picked":["Corruption","Havoc"],"picked":"Metallicize","floor":4},{"not_picked":["Iron Wave","Pummel"],"picked":"Rupture","floor":7},{"not_picked":["Carnage","Thunderclap","Cleave"],"picked":"SKIP","floor":10},{"not_picked":["Thunderclap","Perfected Strike","Intimidate"],"picked":"SKIP","floor":14},{"not_picked":["Fiend Fire","Impervious"],"picked":"Demon Form","floor":16},{"not_picked":["Clash+1","Wild Strike"],"picked":"Seeing Red","floor":18},{"not_picked":["Perfected Strike+1","Iron Wave","Flex"],"picked":"SKIP","floor":20},{"not_picked":["Wild Strike+1","Bloodletting","Power Through+1"],"picked":"SKIP","floor":21},{"not_picked":["Ghostly Armor","Brutality"],"picked":"Rampage+1","floor":22},{"not_picked":["Perfected Strike","Wild Strike","Clash"],"picked":"SKIP","floor":31},{"not_picked":["Feed","Impervious+1"],"picked":"Limit Break+1","floor":33},{"not_picked":["Evolve+1","Armaments+1"],"picked":"Warcry+1","floor":35},{"not_picked":["Thunderclap","Seeing Red+1"],"picked":"Whirlwind","floor":37},{"not_picked":["Thunderclap","Sword Boomerang"],"picked":"Dropkick+1","floor":38},{"not_picked":["Reckless Charge+1","Perfected Strike"],"picked":"Headbutt+1","floor":42},{"not_picked":["Jack Of All Trades+1","PanicButton+1"],"picked":"Enlightenment+1","floor":45},{"not_picked":["Rampage","Headbutt"],"picked":"Demon Form","floor":47},{"not_picked":["Sword Boomerang","Anger","Bloodletting+1"],"picked":"SKIP","floor":48}],"player_experience":163171,"relics_obtained":[{"floor":7,"key":"Letter Opener"},{"floor":9,"key":"Pantograph"},{"floor":22,"key":"Incense Burner"},{"floor":22,"key":"Toxic Egg 2"},{"floor":26,"key":"Kunai"},{"floor":43,"key":"Blue Candle"},{"floor":48,"key":"MawBank"}],"event_choices":[{"damage_healed":0,"gold_gain":0,"player_choice":"Success","damage_taken":18,"relics_obtained":["Ginger"],"max_hp_gain":0,"max_hp_loss":0,"event_name":"Scrap Ooze","floor":2,"gold_loss":0},{"cards_removed":["Strike_R"],"damage_healed":0,"gold_gain":0,"player_choice":"Card Removal","damage_taken":0,"max_hp_gain":0,"max_hp_loss":0,"event_name":"The Cleric","floor":5,"gold_loss":50},{"cards_removed":["Strike_R"],"damage_healed":0,"gold_gain":0,"player_choice":"Offered Basic","damage_taken":0,"max_hp_gain":0,"max_hp_loss":0,"event_name":"Bonfire Elementals","floor":19,"gold_loss":0},{"damage_healed":0,"gold_gain":0,"player_choice":"Fight","damage_taken":0,"max_hp_gain":0,"max_hp_loss":0,"event_name":"Colosseum","floor":22,"gold_loss":0},{"damage_healed":0,"gold_gain":0,"player_choice":"Fought Nobs","damage_taken":0,"max_hp_gain":0,"max_hp_loss":0,"event_name":"Colosseum","floor":22,"gold_loss":0},{"damage_healed":0,"gold_gain":100,"player_choice":"Pray","damage_taken":0,"max_hp_gain":0,"max_hp_loss":0,"event_name":"Golden Shrine","floor":28,"gold_loss":0},{"damage_healed":0,"gold_gain":0,"player_choice":"1 cards matched","damage_taken":0,"max_hp_gain":0,"max_hp_loss":0,"event_name":"Match and Keep!","floor":36,"gold_loss":0,"cards_obtained":["Inflame"]},{"damage_healed":0,"gold_gain":0,"player_choice":"Memory 1","damage_taken":0,"max_hp_gain":0,"max_hp_loss":0,"event_name":"SensoryStone","floor":45,"gold_loss":0},{"damage_healed":0,"gold_gain":0,"player_choice":"Paid","damage_taken":0,"relics_obtained":["Red Mask"],"max_hp_gain":0,"max_hp_loss":0,"event_name":"Tomb of Lord Red Mask","floor":46,"gold_loss":88}],"is_beta":false,"boss_relics":[{"not_picked":["Astrolabe","Calling Bell"],"picked":"Sozu"},{"not_picked":["Lizard Tail","Velvet Choker"],"picked":"Cursed Key"}],"items_purged_floors":[12,39],"is_endless":false,"potions_floor_spawned":[1,3,14,16,21,22,25,38,48],"ascension_level":1}