{"gold_per_floor":[118,130,130,130,143,171,171,171,171,171,190,225,239,5,5,110,160,173,31,31],"floor_reached":20,"playtime":1122,"items_purged":["Strike_G"],"score":191,"play_id":"433037e5-a3f5-4168-9c48-9ed59f05a51b","local_time":"20181227184211","is_ascension_mode":true,"campfire_choices":[{"data":"Calculated Gamble","floor":7,"key":"SMITH"},{"data":"Cloak And Dagger","floor":10,"key":"SMITH"},{"floor":15,"key":"REST"}],"neow_cost":"NONE","seed_source_timestamp":7051415380115,"circlet_count":0,"master_deck":["Defend_G","Defend_G","Defend_G","Defend_G","Defend_G","Strike_G","Strike_G","Strike_G","Survivor","Neutralize","Prepared","Dagger Spray","Calculated Gamble+1","Cloak And Dagger+1","Deflect","Escape Plan+1","Setup","Accuracy","Burst","Infinite Blades","Escape Plan"],"relics":["Ring of the Snake","NeowsBlessing","Shuriken","Peace Pipe","Nunchaku","Question Card","Membership Card","Tiny House","PrismaticShard"],"potions_floor_usage":[16,16,16,18],"damage_taken":[{"damage":0,"enemies":"2 Louse","floor":1,"turns":1},{"damage":0,"enemies":"Jaw Worm","floor":2,"turns":1},{"damage":0,"enemies":"Cultist","floor":5,"turns":1},{"damage":28,"enemies":"Lagavulin","floor":6,"turns":7},{"damage":0,"enemies":"3 Louse","floor":11,"turns":3},{"damage":30,"enemies":"Gremlin Nob","floor":12,"turns":5},{"damage":0,"enemies":"Lots of Slimes","floor":13,"turns":2},{"damage":14,"enemies":"Hexaghost","floor":16,"turns":11},{"damage":37,"enemies":"2 Thieves","floor":18,"turns":4},{"damage":39,"enemies":"Chosen","floor":20,"turns":8}],"seed_played":"-53173182696148644","potions_obtained":[{"floor":2,"key":"Dexterity Potion"},{"floor":5,"key":"Ancient Potion"},{"floor":8,"key":"SteroidPotion"},{"floor":11,"key":"Strength Potion"},{"floor":17,"key":"PowerPotion"}],"is_trial":false,"path_per_floor":["M","M","?","T","M","E","R","?","T","R","M","E","M","$","R","B",null,"M","$","M"],"character_chosen":"THE_SILENT","items_purchased":["Membership Card","Accuracy","PrismaticShard"],"campfire_rested":1,"item_purchase_floors":[14,14,19],"current_hp_per_floor":[70,70,70,70,70,42,42,42,42,42,42,12,12,12,33,19,75,38,38,0],"gold":31,"neow_bonus":"THREE_ENEMY_KILL","is_prod":false,"is_daily":false,"chose_seed":false,"campfire_upgraded":2,"win_rate":0,"timestamp":1545961331,"path_taken":["M","M","?","?","?","E","R","?","T","R","M","E","M","$","R","BOSS","M","$","?"],"build_version":"2018-12-20","purchased_purges":1,"victory":false,"max_hp_per_floor":[70,70,70,70,70,70,70,70,70,70,70,70,70,70,70,70,75,75,75,75],"card_choices":[{"not_picked":["Choke","Tactician"],"picked":"Prepared","floor":1},{"not_picked":["Acrobatics","Sucker Punch","Dagger Spray"],"picked":"SKIP","floor":2},{"not_picked":["Acrobatics","Sucker Punch"],"picked":"Dagger Spray","floor":2},{"not_picked":["PiercingWail","Masterful Stab"],"picked":"Calculated Gamble","floor":5},{"not_picked":["Leg Sweep","Dagger Spray"],"picked":"Cloak And Dagger","floor":6},{"not_picked":["Eviscerate","Distraction"],"picked":"Deflect","floor":11},{"not_picked":["Acrobatics","Terror"],"picked":"Escape Plan","floor":12},{"not_picked":["Flying Knee","Blur","Footwork"],"picked":"Setup","floor":13},{"not_picked":["Grand Finale","Tools of the Trade","Die Die Die"],"picked":"Burst","floor":16},{"not_picked":["Deflect","Endless Agony","Quick Slash"],"picked":"Infinite Blades","floor":17},{"not_picked":["Underhanded Strike","Dash","Concentrate"],"picked":"Escape Plan","floor":18}],"player_experience":205617,"relics_obtained":[{"floor":4,"key":"Shuriken"},{"floor":6,"key":"Peace Pipe"},{"floor":9,"key":"Nunchaku"},{"floor":12,"key":"Question Card"}],"event_choices":[{"cards_removed":["Strike_G"],"damage_healed":0,"gold_gain":0,"player_choice":"Forget","damage_taken":0,"max_hp_gain":0,"max_hp_loss":0,"event_name":"Living Wall","floor":3,"gold_loss":0},{"damage_healed":0,"gold_gain":0,"player_choice":"Got Potions","damage_taken":0,"max_hp_gain":0,"max_hp_loss":0,"event_name":"Lab","floor":8,"gold_loss":0}],"is_beta":false,"boss_relics":[{"not_picked":["Velvet Choker","Calling Bell"],"picked":"Tiny House"}],"items_purged_floors":[19],"is_endless":false,"potions_floor_spawned":[2,5,11],"killed_by":"Chosen","ascension_level":1}