{"path_per_floor":["M","?","?","?","M","R","E","M","T","M","$","M","R","$","R","B",null,"M","M","?","M","?","R","M","?","T","E","M","?","R","M","R","B",null,"M","M","M","$","?","R","?","R","T","T","M","M","M","$","R","B"],"character_chosen":"DEFECT","items_purchased":["Oddly Smooth Stone","Coolheaded","Defragment"],"gold_per_floor":[114,114,114,64,82,82,115,130,180,191,48,59,59,10,10,115,115,115,115,115,115,75,75,75,75,75,75,75,75,75,75,75,75,75,75,75,75,36,0,0,0,0,0,0,0,0,0,0,0,0],"floor_reached":51,"campfire_rested":4,"playtime":3208,"current_hp_per_floor":[75,63,48,48,48,48,48,45,45,45,45,45,45,45,45,9,62,50,17,43,32,32,56,66,66,66,52,38,38,65,62,62,36,82,79,65,59,59,59,59,47,75,75,75,56,56,50,50,78,82],"items_purged":[],"gold":0,"score":1011,"play_id":"5febca28-f7fd-4078-a435-9f87b5a2cc54","local_time":"20180513095537","is_prod":false,"is_daily":false,"chose_seed":false,"is_ascension_mode":true,"campfire_upgraded":5,"timestamp":1526198137,"path_taken":["M","?","?","?","?","R","E","M","T","?","?","?","R","$","R","BOSS","M","?","?","M","?","R","M","?","T","E","M","?","R","?","R","BOSS","M","?","M","?","?","R","?","R","T","?","?","M","M","$","R","BOSS"],"build_version":"2018-05-12v2","seed_source_timestamp":0,"purchased_purges":0,"victory":true,"master_deck":["Strike_B+1","Strike_B+1","Strike_B+1","Defend_B+1","Defend_B+1","Defend_B+1","Defend_B+1","Zap+1","Dualcast+1","Coolheaded+1","Cold Snap","Cold Snap+1","Coolheaded+1","Blizzard+1","Defragment+1","Coolheaded+1","Coolheaded","Skim+1","Capacitor","Defragment+1","Madness","Madness+1","Cold Snap","Coolheaded+1","Cold Snap+1"],"max_hp_per_floor":[75,75,75,75,75,75,75,75,75,75,75,75,75,75,75,80,80,80,80,80,80,80,80,90,90,90,90,90,90,90,90,90,90,95,95,95,95,95,95,95,95,95,95,95,95,95,95,95,95,95],"relics":["Cracked Core","NeowsBlessing","Potion Belt","Omamori","Lantern","Oddly Smooth Stone","Ectoplasm","Gremlin Horn","Gambling Chip","Tiny House","Red Mask","Prayer Wheel","War Paint"],"card_choices":[{"not_picked":["Sweeping Beam","Hologram"],"picked":"Coolheaded","floor":1.0},{"not_picked":["Rebound","Static Discharge"],"picked":"Cold Snap","floor":5.0},{"not_picked":["Fission","Skim","Capacitor"],"picked":"SKIP","floor":7.0},{"not_picked":["Sweeping Beam","Capacitor","Hello World"],"picked":"SKIP","floor":8.0},{"not_picked":["Stack","Leap"],"picked":"Cold Snap","floor":10.0},{"not_picked":["Beam Cell","Skim","Turbo"],"picked":"SKIP","floor":12.0},{"not_picked":["Gash","Steam Power+1","Stack+1"],"picked":"SKIP","floor":18},{"not_picked":["Coolheaded","Leap"],"picked":"Blizzard+1","floor":19},{"not_picked":["Leap","FTL","Conserve Battery"],"picked":"SKIP","floor":21},{"not_picked":["Hyperbeam","Self Repair","Barrage"],"picked":"SKIP","floor":24},{"not_picked":["Streamline","Capacitor","Turbo"],"picked":"SKIP","floor":27},{"not_picked":["Streamline+1","Stack"],"picked":"Defragment","floor":28},{"not_picked":["Capacitor","Double Energy"],"picked":"Coolheaded","floor":31},{"not_picked":["Streamline","Rebound"],"picked":"Coolheaded","floor":34},{"not_picked":["Chaos+1","Force Field+1","Axe Kick"],"picked":"SKIP","floor":35},{"not_picked":["Hologram","Beam Cell+1"],"picked":"Skim","floor":36},{"not_picked":["Consume","Hello World+1"],"picked":"Capacitor","floor":37},{"not_picked":["Sunder+1","Sweeping Beam"],"picked":"Cold Snap","floor":44},{"not_picked":["Genetic Algorithm","Stack"],"picked":"Coolheaded+1","floor":45},{"not_picked":["Streamline","Steam","Lockon"],"picked":"SKIP","floor":46},{"not_picked":["Heatsinks","Chaos"],"picked":"Cold Snap+1","floor":47}],"player_experience":441794,"potions_floor_usage":[24,24,50],"damage_taken":[{"damage":0.0,"enemies":"2 Louse","floor":1.0,"turns":1.0},{"damage":0.0,"enemies":"Small Slimes","floor":5.0,"turns":1.0},{"damage":0.0,"enemies":"Lagavulin","floor":7.0,"turns":1.0},{"damage":3.0,"enemies":"Jaw Worm","floor":8.0,"turns":2.0},{"damage":0.0,"enemies":"3 Louse","floor":10.0,"turns":3.0},{"damage":0.0,"enemies":"2 Fungi Beasts","floor":12.0,"turns":2.0},{"damage":41.0,"enemies":"Slime Boss","floor":16.0,"turns":16.0},{"damage":12,"enemies":"3 Byrds","floor":18,"turns":5},{"damage":33,"enemies":"Chosen","floor":19,"turns":7},{"damage":11,"enemies":"Snake Plant","floor":21,"turns":4},{"damage":0,"enemies":"3 Cultists","floor":24,"turns":5},{"damage":14,"enemies":"Gremlin Leader","floor":27,"turns":5},{"damage":14,"enemies":"Centurion and Healer","floor":28,"turns":6},{"damage":3,"enemies":"Snake Plant","floor":31,"turns":4},{"damage":26,"enemies":"Collector","floor":33,"turns":9},{"damage":3,"enemies":"3 Darklings","floor":35,"turns":4},{"damage":14,"enemies":"Orb Walker","floor":36,"turns":4},{"damage":6,"enemies":"Maw","floor":37,"turns":11},{"damage":19,"enemies":"4 Shapes","floor":45,"turns":8},{"damage":0,"enemies":"Sphere and 2 Shapes","floor":46,"turns":6},{"damage":6,"enemies":"3 Darklings","floor":47,"turns":6},{"damage":11,"enemies":"Time Eater","floor":50,"turns":15}],"event_choices":[{"event_name":"Scrap Ooze","player_choice":"success","floor":2.0,"damage_taken":12.0},{"event_name":"Shining Light","player_choice":"Entered Light","floor":3.0,"damage_taken":0.0},{"event_name":"The Cleric","player_choice":"Card Removal","floor":4.0,"damage_taken":0.0},{"event_name":"The Library","player_choice":"Heal","floor":20,"damage_taken":0},{"event_name":"The Woman in Blue","player_choice":"Bought 3 Potions","floor":22,"damage_taken":0},{"event_name":"Drug Dealer","player_choice":"Ignored","floor":25,"damage_taken":0},{"event_name":"Back to Basics","player_choice":"Simplicity","floor":29,"damage_taken":0},{"event_name":"Tomb of Lord Red Mask","player_choice":"Paid","floor":39,"damage_taken":0},{"event_name":"Winding Halls","player_choice":"Embrace Madness","floor":41,"damage_taken":0}],"boss_relics":[{"not_picked":["Eternal Feather","Nuclear Battery"],"picked":"Tiny House"}],"potions_floor_spawned":[5,8,12,21,24,27,37,45],"seed_played":"-7049153212292902970","ascension_level":5,"is_trial":false}