{"gold_per_floor":[117,117,136,148,158,185,185,211,211,211,271,446,15,35,35,136,136,148,159,175,175,193,193,16,16],"floor_reached":25,"playtime":1337,"items_purged":["Doubt"],"score":234,"play_id":"21b8b4a1-8134-42ce-9a79-13b564331340","local_time":"20181221032341","is_ascension_mode":true,"campfire_choices":[{"data":"Beam Cell","floor":7,"key":"SMITH"},{"data":"Genetic Algorithm","floor":10,"key":"SMITH"},{"floor":15,"key":"REST"},{"data":"Creative AI","floor":23,"key":"SMITH"}],"neow_cost":"NONE","seed_source_timestamp":150426725124190,"circlet_count":0,"master_deck":["Strike_B","Strike_B","Strike_B","Strike_B","Defend_B","Defend_B","Defend_B","Defend_B","Zap","Dualcast","Reprogram","Gash","Go for the Eyes","Beam Cell+1","Hologram","Genetic Algorithm+1","Gash","Streamline","Creative AI+1","Shame","Writhe","Clumsy","Scrape+1","White Noise","Hello World","Pain","Heatsinks+1","Stack"],"relics":["Cracked Core","Mercury Hourglass","Bronze Scales","Bottled Lightning","Kunai","Ice Cream","Medical Kit","Happy Flower","Calling Bell","Anchor","Molten Egg 2","Mango","WarpedTongs","Dream Catcher"],"potions_floor_usage":[8,8,8,16],"damage_taken":[{"damage":6,"enemies":"Cultist","floor":1,"turns":3},{"damage":0,"enemies":"2 Louse","floor":3,"turns":2},{"damage":0,"enemies":"Small Slimes","floor":4,"turns":2},{"damage":0,"enemies":"2 Fungi Beasts","floor":5,"turns":2},{"damage":22,"enemies":"Gremlin Nob","floor":6,"turns":4},{"damage":21,"enemies":"3 Sentries","floor":8,"turns":5},{"damage":29,"enemies":"Lagavulin Event","floor":11,"turns":5},{"damage":4,"enemies":"Red Slaver","floor":14,"turns":2},{"damage":14,"enemies":"Hexaghost","floor":16,"turns":8},{"damage":16,"enemies":"3 Byrds","floor":18,"turns":3},{"damage":2,"enemies":"Chosen","floor":19,"turns":3},{"damage":42,"enemies":"Centurion and Healer","floor":20,"turns":7},{"damage":22,"enemies":"Shelled Parasite and Fungi","floor":22,"turns":4},{"damage":18,"enemies":"Book of Stabbing","floor":25,"turns":3}],"seed_played":"-3059321957116957981","potions_obtained":[{"floor":3,"key":"LiquidBronze"},{"floor":5,"key":"Regen Potion"},{"floor":6,"key":"SpeedPotion"},{"floor":8,"key":"SneckoOil"},{"floor":20,"key":"FairyPotion"}],"is_trial":false,"path_per_floor":["M","T","M","M","M","E","R","E","T","R","?","?","$","M","R","B",null,"M","M","M","?","M","R","$","E"],"character_chosen":"DEFECT","items_purchased":["Medical Kit","Happy Flower","Dream Catcher","Stack"],"campfire_rested":1,"item_purchase_floors":[13,13,24,24],"current_hp_per_floor":[69,69,69,69,69,47,47,38,38,38,9,9,9,5,27,13,89,73,71,29,29,7,7,7,0],"gold":16,"neow_bonus":"THREE_CARDS","is_prod":false,"is_daily":false,"chose_seed":false,"campfire_upgraded":3,"win_rate":0,"timestamp":1545387821,"path_taken":["M","?","M","M","?","E","R","E","T","R","?","?","$","M","R","BOSS","M","M","M","?","?","R","$","E"],"build_version":"2018-12-20","purchased_purges":1,"victory":false,"max_hp_per_floor":[75,75,75,75,75,75,75,75,75,75,75,75,75,75,75,75,89,89,89,89,89,89,89,89,89],"card_choices":[{"not_picked":["Auto Shields","Conserve Battery"],"picked":"Reprogram","floor":0},{"not_picked":["Leap","Turbo","Coolheaded"],"picked":"SKIP","floor":1},{"not_picked":["Compile Driver","Loop"],"picked":"Gash","floor":3},{"not_picked":["Compile Driver","Barrage"],"picked":"Go for the Eyes","floor":4},{"not_picked":["Sweeping Beam","Auto Shields"],"picked":"Beam Cell","floor":5},{"not_picked":["Steam","Cold Snap"],"picked":"Hologram","floor":6},{"not_picked":["Hologram","Meteor Strike"],"picked":"Genetic Algorithm","floor":8},{"not_picked":["Stack","Compile Driver"],"picked":"Gash","floor":11},{"not_picked":["Barrage","Blizzard"],"picked":"Streamline","floor":14},{"not_picked":["Meteor Strike","Electrodynamics"],"picked":"Creative AI","floor":16},{"not_picked":["Leap","Force Field"],"picked":"Scrape+1","floor":18},{"not_picked":["Sweeping Beam+1","Stack"],"picked":"White Noise","floor":19},{"not_picked":["Reprogram+1","Gash+1"],"picked":"Hello World","floor":20},{"not_picked":["Steam","Go for the Eyes+1"],"picked":"Heatsinks+1","floor":22}],"player_experience":141057,"relics_obtained":[{"floor":2,"key":"Mercury Hourglass"},{"floor":6,"key":"Bronze Scales"},{"floor":8,"key":"Bottled Lightning"},{"floor":9,"key":"Kunai"},{"floor":11,"key":"Ice Cream"},{"floor":17,"key":"Anchor"},{"floor":17,"key":"Molten Egg 2"},{"floor":17,"key":"Mango"}],"event_choices":[{"damage_healed":0,"gold_gain":30,"player_choice":"Searched \u00272\u0027 times","damage_taken":0,"max_hp_gain":0,"max_hp_loss":0,"event_name":"Dead Adventurer","floor":11,"gold_loss":0},{"damage_healed":0,"gold_gain":175,"player_choice":"AGREE","damage_taken":0,"max_hp_gain":0,"max_hp_loss":0,"event_name":"Liars Game","floor":12,"gold_loss":0,"cards_obtained":["Doubt"]},{"damage_healed":0,"gold_gain":0,"player_choice":"Rummage","damage_taken":0,"relics_obtained":["WarpedTongs"],"max_hp_gain":0,"max_hp_loss":0,"event_name":"Accursed Blacksmith","floor":21,"gold_loss":0,"cards_obtained":["Pain"]}],"is_beta":false,"boss_relics":[{"not_picked":["Astrolabe","Coffee Dripper"],"picked":"Calling Bell"}],"items_purged_floors":[13],"is_endless":false,"potions_floor_spawned":[3,5,6,8,20],"killed_by":"Book of Stabbing","ascension_level":2}