{"gold_per_floor":[112,112,126,145,159,197,197,212,212,212,227,266,6,29,29,29],"floor_reached":16,"playtime":4495,"items_purged":[],"score":171,"play_id":"af46fdab-72c3-4669-bfe3-c3422c79daf8","local_time":"20190317165305","is_ascension_mode":true,"campfire_choices":[{"data":"Bash","floor":7,"key":"SMITH"},{"floor":10,"key":"REST"},{"floor":15,"key":"REST"}],"neow_cost":"NONE","seed_source_timestamp":320240805546226,"circlet_count":0,"master_deck":["AscendersBane","Strike_R","Strike_R","Strike_R","Strike_R","Strike_R","Defend_R","Defend_R","Defend_R","Defend_R","Bash+1","Anger","Clothesline","Dual Wield","Sword Boomerang","Carnage","Metallicize","Rampage","Mayhem","Flash of Steel"],"relics":["White Beast Statue","Golden Idol","Pear","Singing Bowl"],"potions_floor_usage":[5,5,5,8,8,12,16,16],"damage_taken":[{"damage":2,"enemies":"Jaw Worm","floor":1,"turns":4},{"damage":0,"enemies":"2 Louse","floor":3,"turns":3},{"damage":13,"enemies":"Small Slimes","floor":4,"turns":4},{"damage":9,"enemies":"3 Louse","floor":5,"turns":3},{"damage":17,"enemies":"Gremlin Nob","floor":6,"turns":4},{"damage":5,"enemies":"Gremlin Gang","floor":8,"turns":5},{"damage":0,"enemies":"Large Slime","floor":11,"turns":5},{"damage":35,"enemies":"Lagavulin","floor":12,"turns":5},{"damage":6,"enemies":"3 Louse","floor":14,"turns":4},{"damage":35,"enemies":"The Guardian","floor":16,"turns":7}],"seed_played":"-4895116691290212097","potions_obtained":[{"floor":1,"key":"Swift Potion"},{"floor":3,"key":"SkillPotion"},{"floor":4,"key":"GamblersBrew"},{"floor":5,"key":"GamblersBrew"},{"floor":6,"key":"Energy Potion"},{"floor":8,"key":"Energy Potion"},{"floor":11,"key":"GamblersBrew"},{"floor":12,"key":"Poison Potion"},{"floor":14,"key":"PowerPotion"}],"is_trial":false,"path_per_floor":["M","?","M","M","M","E","R","M","T","R","M","E","$","M","R","B"],"character_chosen":"IRONCLAD","items_purchased":["Mayhem","Flash of Steel"],"campfire_rested":2,"item_purchase_floors":[13,13],"current_hp_per_floor":[70,50,50,37,28,21,21,16,16,43,43,10,10,6,34,0],"gold":29,"neow_bonus":"BOSS_RELIC","is_prod":false,"is_daily":false,"chose_seed":false,"campfire_upgraded":1,"win_rate":0,"timestamp":1552863185,"path_taken":["M","?","M","M","M","E","R","M","T","R","M","E","$","M","R","BOSS"],"build_version":"2019-01-23","purchased_purges":0,"victory":false,"max_hp_per_floor":[80,80,80,80,80,90,90,90,90,90,90,92,92,94,94,94],"card_choices":[{"not_picked":["Burning Pact","Combust"],"picked":"Anger","floor":1},{"not_picked":["Battle Trance","Iron Wave"],"picked":"Clothesline","floor":3},{"not_picked":["Flex","Cleave"],"picked":"Dual Wield","floor":4},{"not_picked":["Burning Pact","Iron Wave"],"picked":"Sword Boomerang","floor":5},{"not_picked":["Heavy Blade","Wild Strike"],"picked":"Carnage","floor":6},{"not_picked":["Thunderclap","Immolate"],"picked":"Metallicize","floor":8},{"not_picked":["Burning Pact","Feel No Pain"],"picked":"Rampage","floor":11},{"not_picked":["Sentinel","Dual Wield","Havoc"],"picked":"Singing Bowl","floor":12},{"not_picked":["Dropkick","Evolve","Uppercut"],"picked":"Singing Bowl","floor":14}],"player_experience":507704,"relics_obtained":[{"floor":6,"key":"Pear"},{"floor":12,"key":"Singing Bowl"}],"event_choices":[{"damage_healed":0,"gold_gain":0,"player_choice":"Take Damage","damage_taken":20,"relics_obtained":["Golden Idol"],"max_hp_gain":0,"max_hp_loss":0,"event_name":"Golden Idol","floor":2,"gold_loss":0}],"is_beta":false,"boss_relics":[],"items_purged_floors":[],"is_endless":false,"potions_floor_spawned":[1,3,4,5,6,8,11,12,14],"killed_by":"The Guardian","ascension_level":10}