{"gold_per_floor":[113,113,113,113,38,73,73,90,90,104,104,124,92,102,102,197,197,211,5,23,81,81,81,81],"floor_reached":24,"playtime":1464,"items_purged":[],"score":235,"play_id":"b0e79cb9-13e5-4a8a-95e5-e8e79e7e54bb","local_time":"20190303024104","is_ascension_mode":true,"campfire_choices":[{"floor":11,"key":"REST"},{"floor":15,"key":"REST"},{"floor":23,"key":"REST"}],"neow_cost":"NONE","seed_source_timestamp":114147946287190,"circlet_count":0,"master_deck":["Defend_G","Defend_G","Defend_G","Defend_G","Defend_G","Strike_G+1","Strike_G","Strike_G","Strike_G","Strike_G","Survivor","Neutralize+1","PiercingWail+1","Slice","Escape Plan","Escape Plan","Noxious Fumes","Endless Agony","After Image","Slice","Cloak And Dagger","Backflip","Dodge and Roll","Doppelganger","Dagger Spray","HandOfGreed","Caltrops","Tools of the Trade","Noxious Fumes+1","Decay"],"relics":["WristBlade","Shovel","Pantograph","Orrery"],"potions_floor_usage":[6,10,16,18,21],"damage_taken":[{"damage":0,"enemies":"Small Slimes","floor":1,"turns":4},{"damage":47,"enemies":"3 Sentries","floor":6,"turns":11},{"damage":0,"enemies":"2 Louse","floor":8,"turns":3},{"damage":0,"enemies":"Cultist","floor":10,"turns":3},{"damage":3,"enemies":"Large Slime","floor":12,"turns":7},{"damage":0,"enemies":"2 Fungi Beasts","floor":14,"turns":4},{"damage":61,"enemies":"Slime Boss","floor":16,"turns":12},{"damage":20,"enemies":"Spheric Guardian","floor":18,"turns":8},{"damage":18,"enemies":"Shell Parasite","floor":20,"turns":7},{"damage":33,"enemies":"Shelled Parasite and Fungi","floor":21,"turns":9},{"damage":27,"enemies":"Sentry and Sphere","floor":24,"turns":4}],"seed_played":"-9147249023219997793","potions_obtained":[{"floor":6,"key":"Strength Potion"},{"floor":14,"key":"Strength Potion"},{"floor":18,"key":"Fruit Juice"},{"floor":20,"key":"Fire Potion"}],"is_trial":false,"path_per_floor":["M","?","$","?","$","E","?","M","T","M","R","M","?","M","R","B",null,"M","$","M","M","?","R","M"],"character_chosen":"THE_SILENT","items_purchased":["Slice","PowerPotion","HandOfGreed","Caltrops"],"campfire_rested":3,"item_purchase_floors":[5,5,19,19],"current_hp_per_floor":[70,70,70,56,56,9,9,9,9,9,30,27,27,27,48,9,70,55,55,37,4,4,26,0],"gold":81,"neow_bonus":"BOSS_RELIC","is_prod":false,"is_daily":false,"chose_seed":false,"campfire_upgraded":0,"win_rate":0,"timestamp":1551606064,"path_taken":["M","?","$","?","$","E","?","M","T","M","R","M","?","M","R","BOSS","M","$","M","M","?","R","M"],"build_version":"2019-01-23","purchased_purges":0,"victory":false,"max_hp_per_floor":[70,70,70,70,70,70,70,70,70,70,70,70,70,70,70,70,70,75,75,75,75,75,75,75],"card_choices":[{"not_picked":["Deadly Poison","Poisoned Stab"],"picked":"PiercingWail","floor":1},{"not_picked":["Deadly Poison","Dagger Spray"],"picked":"Escape Plan","floor":6},{"not_picked":["Dodge and Roll","Flying Knee","Outmaneuver"],"picked":"SKIP","floor":8},{"not_picked":["Outmaneuver","Expertise"],"picked":"Escape Plan","floor":10},{"not_picked":["Backstab","Grand Finale"],"picked":"Noxious Fumes","floor":12},{"not_picked":["Deflect","Underhanded Strike"],"picked":"Endless Agony","floor":14},{"not_picked":["A Thousand Cuts","Doppelganger"],"picked":"After Image","floor":16},{"not_picked":["Sucker Punch","Flechettes"],"picked":"Slice","floor":17},{"not_picked":["Deflect","Dodge and Roll"],"picked":"Cloak And Dagger","floor":17},{"not_picked":["Dagger Throw","Deadly Poison"],"picked":"Backflip","floor":17},{"not_picked":["Flying Knee","Deflect"],"picked":"Dodge and Roll","floor":17},{"not_picked":["Quick Slash","Sucker Punch"],"picked":"Doppelganger","floor":17},{"not_picked":["Acrobatics+1","Dagger Throw"],"picked":"Dagger Spray","floor":18},{"not_picked":["Escape Plan","PiercingWail"],"picked":"Tools of the Trade","floor":20},{"not_picked":["Choke","Bane"],"picked":"Noxious Fumes+1","floor":21}],"player_experience":458688,"relics_obtained":[{"floor":6,"key":"Shovel"},{"floor":9,"key":"Pantograph"}],"event_choices":[{"damage_healed":0,"gold_gain":0,"player_choice":"Ignored","damage_taken":0,"max_hp_gain":0,"max_hp_loss":0,"event_name":"Liars Game","floor":2,"gold_loss":0},{"damage_healed":0,"gold_gain":0,"player_choice":"Entered Light","damage_taken":14,"max_hp_gain":0,"max_hp_loss":0,"event_name":"Shining Light","floor":4,"gold_loss":0,"cards_upgraded":["Strike_G","PiercingWail"]},{"damage_healed":0,"gold_gain":0,"player_choice":"Grow","damage_taken":0,"max_hp_gain":0,"max_hp_loss":0,"event_name":"Living Wall","floor":7,"gold_loss":0,"cards_upgraded":["Neutralize"]},{"damage_healed":0,"gold_gain":0,"player_choice":"Left Gold","damage_taken":0,"max_hp_gain":0,"max_hp_loss":0,"event_name":"World of Goop","floor":13,"gold_loss":32},{"damage_healed":0,"gold_gain":0,"player_choice":"Smashed Altar","damage_taken":0,"max_hp_gain":0,"max_hp_loss":0,"event_name":"Forgotten Altar","floor":22,"gold_loss":0,"cards_obtained":["Decay"]}],"is_beta":false,"boss_relics":[{"not_picked":["Runic Dome","White Beast Statue"],"picked":"Orrery"}],"items_purged_floors":[],"is_endless":false,"potions_floor_spawned":[6,14,18,20],"killed_by":"Sentry and Sphere","ascension_level":4}