{"path_per_floor":["M","?","?","M","$","R","M","R","T","R","E","R","E","M","R","B",null,"M","$","?","M","?","R","M","R","T","R","M","M","E","M","R"],"character_chosen":"DEFECT","items_purchased":["Symbiotic Virus"],"gold_per_floor":[117,117,117,131,56,56,73,73,96,96,124,124,159,172,172,276,276,289,43,43,55,55,55,72,72,118,118,134,151,178,189,189,189],"floor_reached":33,"campfire_rested":2,"playtime":1325,"current_hp_per_floor":[65,50,50,50,50,50,46,46,46,46,36,58,38,40,40,10,75,66,66,66,68,52,52,39,39,39,39,32,34,23,25,47,0],"items_purged":["Regret"],"gold":189,"score":330,"play_id":"27ad05ce-5523-4d32-8c2c-560985d36255","local_time":"20180510094908","is_prod":false,"is_daily":false,"chose_seed":false,"is_ascension_mode":true,"campfire_upgraded":7,"timestamp":1525938548,"path_taken":["M","?","?","?","?","R","M","R","T","R","E","R","E","M","R","BOSS","M","$","?","M","?","R","M","R","T","R","M","?","E","?","R","BOSS"],"build_version":"2018-05-08","seed_source_timestamp":0,"purchased_purges":1,"victory":false,"master_deck":["Zap+1","Dualcast+1","Sweeping Beam","Beam Cell+1","Sweeping Beam","Seek+1","Beam Cell","Seek","Loop+1","Go for the Eyes","Leap","Hologram+1","Conserve Battery","Undo","Undo","Sweeping Beam","Lockon+1","Necronomicurse","Rebound","Force Field+1","Impulse","Doom and Gloom"],"max_hp_per_floor":[75,75,75,75,75,75,75,75,75,75,75,75,75,75,75,75,75,75,75,75,75,75,75,75,75,75,75,75,75,75,75,75,75],"relics":["Cracked Core","Blood Vial","Lantern","Calipers","Ornamental Fan","Pandora\u0027s Box","Symbiotic Virus","Necronomicon","Dream Catcher","Happy Flower"],"card_choices":[{"not_picked":["Go for the Eyes","Rebound"],"picked":"Sweeping Beam","floor":1.0},{"not_picked":["Steam","Recycle"],"picked":"Beam Cell","floor":4.0},{"not_picked":["Cold Snap","Doom and Gloom"],"picked":"Sweeping Beam","floor":7.0},{"not_picked":["Beam Cell","Steam"],"picked":"Seek","floor":11.0},{"not_picked":["Storm","Auto Shields"],"picked":"Beam Cell","floor":13.0},{"not_picked":["Biased Cognition","Fission"],"picked":"Seek","floor":16.0},{"not_picked":["Hologram","Streamline"],"picked":"Lockon","floor":18.0},{"not_picked":["Stack","Chaos"],"picked":"Rebound","floor":28},{"not_picked":["Scrape","Aggregate"],"picked":"Force Field","floor":29},{"not_picked":["Axe Kick","Melter"],"picked":"Impulse","floor":30},{"not_picked":["Rebound","Fission"],"picked":"Doom and Gloom","floor":31}],"player_experience":406598,"potions_floor_usage":[],"damage_taken":[{"damage":10.0,"enemies":"Small Slimes","floor":1.0,"turns":3.0},{"damage":2.0,"enemies":"Cultist","floor":4.0,"turns":2.0},{"damage":6.0,"enemies":"2 Louse","floor":7.0,"turns":2.0},{"damage":12.0,"enemies":"Gremlin Nob","floor":11.0,"turns":3.0},{"damage":22.0,"enemies":"Lagavulin","floor":13.0,"turns":5.0},{"damage":0.0,"enemies":"Blue Slaver","floor":14.0,"turns":2.0},{"damage":32.0,"enemies":"The Guardian","floor":16.0,"turns":12.0},{"damage":9.0,"enemies":"2 Thieves","floor":18.0,"turns":3.0},{"damage":0.0,"enemies":"Spheric Guardian","floor":21.0,"turns":3.0},{"damage":18,"enemies":"Snecko","floor":24,"turns":4},{"damage":17,"enemies":"Chosen and Byrds","floor":28,"turns":5},{"damage":30,"enemies":"Slaver and Parasite","floor":29,"turns":4},{"damage":13,"enemies":"Gremlin Leader","floor":30,"turns":5},{"damage":0,"enemies":"Snecko","floor":31,"turns":3},{"damage":81,"enemies":"Automaton","floor":33,"turns":6}],"event_choices":[{"event_name":"Shining Light","player_choice":"Entered Light","floor":2.0,"damage_taken":0.0},{"event_name":"Big Fish","player_choice":"Box","floor":3.0,"damage_taken":0.0},{"event_name":"Beggar","player_choice":"Ignored","floor":20.0,"damage_taken":0.0},{"event_name":"Cursed Tome","player_choice":"Obtained Book","floor":22,"damage_taken":0}],"boss_relics":[],"potions_floor_spawned":[13,14,21,28],"seed_played":"4831604554643412302","killed_by":"Automaton","ascension_level":4,"is_trial":false}