{"path_per_floor":["M","?","M","M","T","R","M","R","T","M","E","R","E","M","R","B",null,"M","?","?","M","$","R","T","?","T","R","M","$","$","E","R"],"character_chosen":"DEFECT","items_purchased":["Ball Lightning","Leap"],"gold_per_floor":[113,63,80,96,143,143,158,158,158,173,200,200,232,246,246,345,345,345,345,345,345,167,167,167,167,167,167,167,67,67,67,67,67],"floor_reached":33,"campfire_rested":3,"playtime":2851,"item_purchase_floors":[],"current_hp_per_floor":[58,58,58,57,57,57,44,44,44,35,23,45,47,47,47,37,66,24,25,25,16,16,38,38,38,38,38,26,26,26,8,33,0],"items_purged":["Strike_B","Strike_B"],"gold":67,"score":402,"play_id":"e09557ce-d2d8-41fe-94c9-e19bab8c1982","local_time":"20180613203944","is_prod":false,"is_daily":false,"chose_seed":false,"is_ascension_mode":true,"campfire_upgraded":4,"win_rate":0,"timestamp":1528915184,"campfire_choices":[{"data":"Sunder","floor":6.0,"key":"SMITH"},{"data":"Doom and Gloom","floor":8.0,"key":"SMITH"},{"floor":12.0,"key":"REST"},{"data":"Sunder","floor":15.0,"key":"SMITH"},{"floor":23.0,"key":"REST"},{"data":"Recycle","floor":27.0,"key":"SMITH"},{"floor":32,"key":"REST"}],"path_taken":["M","?","?","?","?","R","M","R","T","M","E","R","E","M","R","BOSS","M","?","?","?","$","R","?","?","T","R","M","$","?","E","R","BOSS"],"build_version":"2018-06-12","seed_source_timestamp":0,"purchased_purges":2,"victory":false,"master_deck":["Strike_B","Defend_B","Defend_B","Defend_B","Defend_B","Zap","Dualcast","Sunder+1","Sunder+1","Doom and Gloom+1","Recycle+1","Rainbow+1","Ball Lightning","Leap","Ball Lightning"],"max_hp_per_floor":[75,75,75,75,75,75,75,75,75,75,75,75,75,75,75,75,75,75,75,75,75,75,75,75,75,75,75,77,77,77,84,84,84],"special_seed":0,"relics":["Cracked Core","Happy Flower","Symbiotic Virus","Blood Vial","Frozen Egg 2","Ectoplasm","Red Mask","Calipers","Singing Bowl","Strawberry"],"card_choices":[{"not_picked":["Compile Driver","Go for the Eyes"],"picked":"Sunder","floor":1.0},{"not_picked":["Skim","Hologram","Reprogram"],"picked":"SKIP","floor":3.0},{"not_picked":["Lockon","Steam Power"],"picked":"Sunder","floor":4.0},{"not_picked":["Reboot","Streamline"],"picked":"Doom and Gloom","floor":7.0},{"not_picked":["Undo","Steam","Defragment"],"picked":"SKIP","floor":10.0},{"not_picked":["Ball Lightning","All For One"],"picked":"Recycle","floor":11.0},{"not_picked":["Barrage","Hello World","Streamline"],"picked":"SKIP","floor":13.0},{"not_picked":["Barrage","Steam","Darkness"],"picked":"SKIP","floor":14.0},{"not_picked":["Reboot","Hyperbeam"],"picked":"Rainbow","floor":16.0},{"not_picked":["Scrape","Reprogram+1","Coolheaded+1"],"picked":"SKIP","floor":18.0},{"not_picked":["Cold Snap+1","Gash","Conserve Battery"],"picked":"SKIP","floor":21.0},{"not_picked":["Melter+1","Static Discharge+1","Conserve Battery"],"picked":"Singing Bowl","floor":28.0},{"not_picked":["Streamline","Go for the Eyes+1"],"picked":"Ball Lightning","floor":31}],"player_experience":477874,"potions_floor_usage":[33],"damage_taken":[{"damage":10.0,"enemies":"Small Slimes","floor":1.0,"turns":3.0},{"damage":0.0,"enemies":"2 Louse","floor":3.0,"turns":1.0},{"damage":1.0,"enemies":"Cultist","floor":4.0,"turns":3.0},{"damage":13.0,"enemies":"Lots of Slimes","floor":7.0,"turns":3.0},{"damage":9.0,"enemies":"Exordium Thugs","floor":10.0,"turns":3.0},{"damage":12.0,"enemies":"3 Sentries","floor":11.0,"turns":4.0},{"damage":0.0,"enemies":"Gremlin Nob","floor":13.0,"turns":3.0},{"damage":2.0,"enemies":"3 Louse","floor":14.0,"turns":2.0},{"damage":12.0,"enemies":"Slime Boss","floor":16.0,"turns":8.0},{"damage":44.0,"enemies":"3 Byrds","floor":18.0,"turns":4.0},{"damage":1.0,"floor":19.0,"turns":3.0},{"damage":11.0,"enemies":"Spheric Guardian","floor":21.0,"turns":3.0},{"damage":16.0,"enemies":"Cultist and Chosen","floor":28.0,"turns":5.0},{"damage":27,"enemies":"Gremlin Leader","floor":31,"turns":6},{"damage":48,"enemies":"Champ","floor":33,"turns":10}],"relics_obtained":[{"floor":5.0,"key":"Happy Flower"},{"floor":9.0,"key":"Symbiotic Virus"},{"floor":11.0,"key":"Blood Vial"},{"floor":13.0,"key":"Frozen Egg 2"},{"floor":19.0,"key":"Red Mask"},{"floor":24.0,"key":"Calipers"},{"floor":26.0,"key":"Singing Bowl"},{"floor":31,"key":"Strawberry"}],"event_choices":[{"event_name":"The Cleric","player_choice":"Card Removal","floor":2.0,"damage_taken":0.0},{"event_name":"Masked Bandits","player_choice":"Fought over 345 gold","floor":19.0,"damage_taken":0.0},{"event_name":"Drug Dealer","player_choice":"Ignored","floor":20.0,"damage_taken":0.0},{"event_name":"Upgrade Shrine","player_choice":"Upgraded","floor":25.0,"damage_taken":0.0}],"boss_relics":[{"not_picked":["Nuclear Battery","Black Star"],"picked":"Ectoplasm"}],"items_purged_floors":[],"potions_floor_spawned":[4,7,13,14,16,18,19],"seed_played":"7422513130337254658","killed_by":"Champ","ascension_level":7,"potions_obtained":[{"floor":4.0,"key":"Block Potion"},{"floor":7.0,"key":"EntropicBrew"},{"floor":13.0,"key":"Fire Potion"},{"floor":14.0,"key":"EssenceOfSteel"}],"is_trial":false}