{"gold_per_floor":[99,99,99,99,99,99,99,99,99,99,99,24,24,24,24,24,24,0,0,0,0,0,0,0,0,0,0],"floor_reached":27,"playtime":19950,"items_purged":["Defend_R"],"score":430,"play_id":"9df1e49a-8f20-401e-a61c-61f13744cdfc","local_time":"20190411180037","is_ascension_mode":true,"campfire_choices":[{"data":"Armaments","floor":6,"key":"SMITH"},{"floor":8,"key":"REST"},{"floor":13,"key":"REST"},{"floor":15,"key":"REST"},{"floor":24,"key":"REST"}],"neow_cost":"NONE","seed_source_timestamp":94768642133977,"circlet_count":0,"master_deck":["AscendersBane","Strike_R","Strike_R","Strike_R","Strike_R","Defend_R","Defend_R","Defend_R","Bash","Uppercut","Armaments+1","Warcry","Shrug It Off","Shrug It Off","Body Slam","Shockwave","Barricade","Pommel Strike","Sword Boomerang+1","Evolve","RitualDagger","Entrench","True Grit"],"relics":["Ectoplasm","Golden Idol","Ice Cream","Ancient Tea Set","Sundial","Dodecahedron","Boot","Black Star","Gambling Chip","Matryoshka","Bronze Scales","Tiny Chest","Strawberry","StoneCalendar"],"potions_floor_usage":[11,18,23,23],"damage_taken":[{"damage":0,"enemies":"Small Slimes","floor":1,"turns":3},{"damage":0,"enemies":"Jaw Worm","floor":3,"turns":3},{"damage":0,"enemies":"2 Louse","floor":5,"turns":3},{"damage":26,"enemies":"Gremlin Nob","floor":7,"turns":4},{"damage":4,"enemies":"Red Slaver","floor":10,"turns":2},{"damage":23,"enemies":"3 Sentries","floor":11,"turns":10},{"damage":13,"enemies":"Gremlin Nob","floor":14,"turns":4},{"damage":39,"enemies":"Slime Boss","floor":16,"turns":11},{"damage":14,"enemies":"2 Thieves","floor":18,"turns":4},{"damage":5,"enemies":"Chosen","floor":20,"turns":5},{"damage":18,"enemies":"Centurion and Healer","floor":21,"turns":10},{"damage":13,"enemies":"Gremlin Leader","floor":23,"turns":11},{"damage":15,"enemies":"Slavers","floor":25,"turns":7},{"damage":33,"enemies":"Book of Stabbing","floor":27,"turns":4}],"seed_played":"-6773790979981621225","potions_obtained":[{"floor":1,"key":"SkillPotion"},{"floor":10,"key":"GamblersBrew"},{"floor":14,"key":"BloodPotion"},{"floor":16,"key":"Explosive Potion"},{"floor":21,"key":"Energy Potion"},{"floor":25,"key":"SpeedPotion"}],"is_trial":false,"path_per_floor":["M","?","M","?","M","R","E","R","T","M","E","$","R","E","R","B",null,"M","?","M","M","?","E","R","E","T","E"],"character_chosen":"IRONCLAD","items_purchased":[],"campfire_rested":4,"item_purchase_floors":[],"current_hp_per_floor":[72,52,52,40,40,40,14,38,38,34,11,11,35,22,46,7,62,56,56,51,33,27,14,38,23,30,0],"gold":0,"neow_bonus":"BOSS_RELIC","is_prod":false,"is_daily":false,"chose_seed":false,"campfire_upgraded":1,"win_rate":0,"timestamp":1555030837,"path_taken":["M","?","M","?","M","R","E","R","T","M","E","?","R","E","R","BOSS","M","?","?","M","?","E","R","E","T","E"],"build_version":"2019-01-23","purchased_purges":1,"victory":false,"max_hp_per_floor":[80,80,80,80,80,80,80,80,80,80,80,80,80,80,80,80,80,80,80,80,80,80,80,80,80,87,87],"card_choices":[{"not_picked":["Spot Weakness","Flex"],"picked":"Uppercut","floor":1},{"not_picked":["Blood for Blood","Shrug It Off"],"picked":"Armaments","floor":3},{"not_picked":["Wild Strike","Anger"],"picked":"Warcry","floor":5},{"not_picked":["Flame Barrier","Immolate"],"picked":"Shrug It Off","floor":7},{"not_picked":["Clash","Spot Weakness"],"picked":"Shrug It Off","floor":10},{"not_picked":["Sentinel","Sword Boomerang"],"picked":"Body Slam","floor":11},{"not_picked":["Pommel Strike","Havoc"],"picked":"Shockwave","floor":14},{"not_picked":["Berserk","Bludgeon"],"picked":"Barricade","floor":16},{"not_picked":["Clash","Flex+1"],"picked":"Pommel Strike","floor":18},{"not_picked":["Blood for Blood","Headbutt"],"picked":"Sword Boomerang+1","floor":20},{"not_picked":["Bloodletting+1","Armaments"],"picked":"Evolve","floor":21},{"not_picked":["Clash","Barricade"],"picked":"Entrench","floor":23},{"not_picked":["Sever Soul","Spot Weakness"],"picked":"True Grit","floor":25}],"player_experience":640926,"relics_obtained":[{"floor":7,"key":"Ancient Tea Set"},{"floor":9,"key":"Sundial"},{"floor":11,"key":"Dodecahedron"},{"floor":14,"key":"Boot"},{"floor":23,"key":"Gambling Chip"},{"floor":23,"key":"Matryoshka"},{"floor":25,"key":"Bronze Scales"},{"floor":25,"key":"Tiny Chest"},{"floor":26,"key":"Strawberry"},{"floor":26,"key":"StoneCalendar"}],"event_choices":[{"damage_healed":0,"gold_gain":0,"player_choice":"Take Damage","damage_taken":20,"relics_obtained":["Golden Idol"],"max_hp_gain":0,"max_hp_loss":0,"event_name":"Golden Idol","floor":2,"gold_loss":0},{"damage_healed":0,"gold_gain":0,"player_choice":"Success","damage_taken":12,"relics_obtained":["Ice Cream"],"max_hp_gain":0,"max_hp_loss":0,"event_name":"Scrap Ooze","floor":4,"gold_loss":0},{"cards_removed":["Strike_R"],"damage_healed":0,"gold_gain":0,"player_choice":"Offered Basic","damage_taken":0,"max_hp_gain":0,"max_hp_loss":0,"event_name":"Bonfire Elementals","floor":19,"gold_loss":0},{"damage_healed":0,"gold_gain":0,"player_choice":"Joined the Cult","damage_taken":6,"max_hp_gain":0,"max_hp_loss":0,"event_name":"Nest","floor":22,"gold_loss":0,"cards_obtained":["RitualDagger"]}],"is_beta":false,"boss_relics":[{"not_picked":["Tiny House","Empty Cage"],"picked":"Black Star"}],"items_purged_floors":[12],"is_endless":false,"potions_floor_spawned":[1,10,14,16,21,25],"killed_by":"Book of Stabbing","ascension_level":12}