{"gold_per_floor":[119,119,129,129,140,140,160,172,172,172],"floor_reached":10,"playtime":2149,"items_purged":[],"score":60,"play_id":"739ee89f-8c23-4e4f-b967-a4dbb1566532","local_time":"20190804131548","is_ascension_mode":false,"campfire_choices":[{"data":"Loop","floor":6,"key":"SMITH"}],"neow_cost":"NONE","seed_source_timestamp":2052032129335333,"circlet_count":0,"master_deck":["Strike_B","Strike_B","Strike_B","Strike_B","Defend_B","Defend_B","Defend_B","Defend_B","Zap","Dualcast","Darkness+1","Loop+1","Redo","Machine Learning","Coolheaded"],"relics":["Cracked Core","Bag of Marbles"],"potions_floor_usage":[7,8,10],"damage_taken":[{"damage":0,"enemies":"Small Slimes","floor":1,"turns":2},{"damage":9,"enemies":"Cultist","floor":3,"turns":4},{"damage":1,"enemies":"Jaw Worm","floor":5,"turns":3},{"damage":18,"enemies":"Large Slime","floor":7,"turns":4},{"damage":22,"enemies":"Gremlin Gang","floor":8,"turns":5},{"damage":39,"enemies":"The Mushroom Lair","floor":10,"turns":4}],"seed_played":"4465626072105443098","potions_obtained":[{"floor":4,"key":"SteroidPotion"},{"floor":4,"key":"Weak Potion"},{"floor":4,"key":"FearPotion"},{"floor":7,"key":"Energy Potion"},{"floor":8,"key":"Swift Potion"}],"is_trial":false,"path_per_floor":["M","?","M","?","M","R","M","M","T","?"],"character_chosen":"DEFECT","items_purchased":[],"campfire_rested":0,"item_purchase_floors":[],"current_hp_per_floor":[82,82,73,73,72,72,54,32,32,0],"gold":172,"neow_bonus":"TEN_PERCENT_HP_BONUS","is_prod":false,"is_daily":false,"chose_seed":false,"campfire_upgraded":1,"win_rate":0.0,"timestamp":1564942548,"path_taken":["M","?","M","?","M","R","?","?","T","?"],"build_version":"2019-07-17","purchased_purges":0,"victory":false,"max_hp_per_floor":[82,82,82,82,82,82,82,82,82,82],"card_choices":[{"not_picked":["Conserve Battery","Ball Lightning"],"picked":"Darkness","floor":1},{"not_picked":["Chaos","Gash"],"picked":"Loop","floor":3},{"not_picked":["Go for the Eyes","Compile Driver"],"picked":"Redo","floor":5},{"not_picked":["Coolheaded","Rip and Tear"],"picked":"Machine Learning","floor":7},{"not_picked":["Sweeping Beam","Double Energy"],"picked":"Coolheaded","floor":8}],"player_experience":12298,"relics_obtained":[{"floor":9,"key":"Bag of Marbles"}],"event_choices":[{"damage_healed":0,"gold_gain":0,"player_choice":"Grow","damage_taken":0,"max_hp_gain":0,"max_hp_loss":0,"event_name":"Living Wall","floor":2,"gold_loss":0,"cards_upgraded":["Darkness"]},{"damage_healed":0,"gold_gain":0,"player_choice":"Got Potions","damage_taken":0,"max_hp_gain":0,"max_hp_loss":0,"event_name":"Lab","floor":4,"gold_loss":0},{"damage_healed":0,"gold_gain":0,"player_choice":"Fought Mushrooms","damage_taken":0,"max_hp_gain":0,"max_hp_loss":0,"event_name":"Mushrooms","floor":10,"gold_loss":0}],"is_beta":false,"boss_relics":[],"items_purged_floors":[],"is_endless":false,"potions_floor_spawned":[5,7,8],"killed_by":"The Mushroom Lair","ascension_level":0}