{"gold_per_floor":[112,36,36,36,36,36,54,54,54,67,81,81,6,19,19,142,142,162,187,208,123,123,141,206,206],"floor_reached":25,"playtime":1162,"items_purged":["Injury"],"score":238,"play_id":"8aa2f0fa-14c1-4cf3-8e3b-fdaea696e3c7","local_time":"20190206153122","is_ascension_mode":false,"campfire_choices":[{"data":"Limit Break","floor":6,"key":"SMITH"},{"data":"True Grit","floor":8,"key":"SMITH"},{"data":"1","floor":15,"key":"LIFT"}],"neow_cost":"CURSE","seed_source_timestamp":819153048912901,"circlet_count":0,"master_deck":["Strike_R","Strike_R","Strike_R","Strike_R","Strike_R","Defend_R","Defend_R","Defend_R","Defend_R","Bash","Limit Break+1","Inflame","True Grit+1"],"relics":["Burning Blood","Mango","Girya","Golden Idol","Fusion Hammer","Pear","Tiny Chest"],"potions_floor_usage":[23,24,25],"damage_taken":[{"damage":8,"enemies":"Small Slimes","floor":1,"turns":3},{"damage":6,"enemies":"Jaw Worm","floor":7,"turns":5},{"damage":6,"enemies":"2 Louse","floor":10,"turns":3},{"damage":8,"enemies":"2 Fungi Beasts","floor":11,"turns":4},{"damage":10,"enemies":"Looter","floor":14,"turns":4},{"damage":51,"enemies":"Slime Boss","floor":16,"turns":10},{"damage":16,"enemies":"2 Thieves","floor":18,"turns":4},{"damage":0,"enemies":"Chosen","floor":19,"turns":4},{"damage":42,"enemies":"Snake Plant","floor":20,"turns":4},{"damage":25,"enemies":"Shelled Parasite and Fungi","floor":23,"turns":8},{"damage":61,"enemies":"Slavers","floor":24,"turns":9},{"damage":10,"enemies":"Centurion and Healer","floor":25,"turns":3}],"seed_played":"-815083558599041456","potions_obtained":[{"floor":10,"key":"Dexterity Potion"},{"floor":14,"key":"Dexterity Potion"},{"floor":16,"key":"Weak Potion"},{"floor":20,"key":"Regen Potion"}],"is_trial":false,"path_per_floor":["M","$","?","T","?","R","M","R","T","M","M","?","$","M","R","B",null,"M","M","M","?","?","M","E","M"],"character_chosen":"IRONCLAD","items_purchased":["Inflame"],"campfire_rested":0,"item_purchase_floors":[2],"current_hp_per_floor":[78,78,83,83,94,94,94,94,94,94,92,68,68,64,64,19,99,89,95,59,69,69,65,10,0],"gold":206,"neow_bonus":"THREE_RARE_CARDS","is_prod":false,"is_daily":false,"chose_seed":false,"campfire_upgraded":2,"win_rate":0,"timestamp":1549492282,"path_taken":["M","$","?","?","?","R","M","R","T","M","M","?","?","?","R","BOSS","M","M","?","?","?","M","E","M"],"build_version":"2019-01-23","purchased_purges":1,"victory":false,"max_hp_per_floor":[80,80,85,85,99,99,99,99,99,99,99,99,99,99,99,99,99,99,99,99,109,109,109,109,109],"card_choices":[{"not_picked":["Juggernaut","Berserk"],"picked":"Limit Break","floor":0},{"not_picked":["Perfected Strike","Carnage","Thunderclap"],"picked":"SKIP","floor":1},{"not_picked":["Shrug It Off","Clothesline"],"picked":"True Grit","floor":7},{"not_picked":["Thunderclap","Corruption","Pommel Strike"],"picked":"SKIP","floor":10},{"not_picked":["Wild Strike","Body Slam","Pommel Strike"],"picked":"SKIP","floor":11},{"not_picked":["Pommel Strike","Perfected Strike","Iron Wave"],"picked":"SKIP","floor":14},{"not_picked":["Clothesline","Thunderclap","Twin Strike"],"picked":"SKIP","floor":18},{"not_picked":["Iron Wave","Feel No Pain","Burning Pact+1"],"picked":"SKIP","floor":19},{"not_picked":["Headbutt+1","Heavy Blade","Cleave+1"],"picked":"SKIP","floor":20},{"not_picked":["Havoc","Body Slam+1","Thunderclap"],"picked":"SKIP","floor":23},{"not_picked":["Sentinel+1","Clothesline","Seeing Red"],"picked":"SKIP","floor":24}],"player_experience":376571,"relics_obtained":[{"floor":9,"key":"Girya"},{"floor":24,"key":"Tiny Chest"}],"event_choices":[{"damage_healed":0,"gold_gain":0,"player_choice":"Donut","damage_taken":0,"max_hp_gain":5,"max_hp_loss":0,"event_name":"Big Fish","floor":3,"gold_loss":0},{"damage_healed":0,"gold_gain":0,"player_choice":"Success","damage_taken":3,"relics_obtained":["Mango"],"max_hp_gain":0,"max_hp_loss":0,"event_name":"Scrap Ooze","floor":5,"gold_loss":0},{"damage_healed":0,"gold_gain":0,"player_choice":"Take Damage","damage_taken":24,"relics_obtained":["Golden Idol"],"max_hp_gain":0,"max_hp_loss":0,"event_name":"Golden Idol","floor":12,"gold_loss":0},{"damage_healed":0,"gold_gain":0,"player_choice":"Obtained Relic","damage_taken":0,"relics_obtained":["Pear"],"max_hp_gain":0,"max_hp_loss":0,"event_name":"Addict","floor":21,"gold_loss":85},{"damage_healed":0,"gold_gain":0,"player_choice":"Bought 0 Potions","damage_taken":0,"max_hp_gain":0,"max_hp_loss":0,"event_name":"The Woman in Blue","floor":22,"gold_loss":0}],"is_beta":false,"boss_relics":[{"not_picked":["Mark of Pain","Philosopher\u0027s Stone"],"picked":"Fusion Hammer"}],"items_purged_floors":[13],"is_endless":false,"potions_floor_spawned":[10,14,16,18,20],"killed_by":"Centurion and Healer","ascension_level":0}