{"gold_per_floor":[112,132,142,152,164,190,205,205,229,266,278,290,302,334,346,459,471,495,519,531],"floor_reached":20,"playtime":1123,"items_purged":[],"score":188,"play_id":"9013368b-aa7c-4b7b-8162-97783716ea5f","local_time":"20190705202447","is_ascension_mode":false,"campfire_choices":[{"floor":13,"key":"REST"},{"floor":15,"key":"REST"}],"neow_cost":"NONE","seed_source_timestamp":730917332202412,"circlet_count":0,"master_deck":["Strike_R","Strike_R","Strike_R","Strike_R","Strike_R","Defend_R+1","Defend_R","Defend_R+1","Defend_R","Bash","Heavy Blade","Rampage","Thunderclap","Heavy Blade","Twin Strike","Perfected Strike","Anger","Headbutt","Cleave","Immolate","Blood for Blood+1"],"relics":["Burning Blood","NeowsBlessing","War Paint","MawBank","Regal Pillow","Black Star"],"potions_floor_usage":[6,16,19],"damage_taken":[{"damage":0,"enemies":"2 Louse","floor":1,"turns":1},{"damage":0,"enemies":"Jaw Worm","floor":2,"turns":1},{"damage":0,"enemies":"Cultist","floor":3,"turns":1},{"damage":9,"enemies":"2 Fungi Beasts","floor":4,"turns":3},{"damage":14,"enemies":"Lots of Slimes","floor":5,"turns":4},{"damage":32,"enemies":"3 Sentries","floor":6,"turns":7},{"damage":10,"enemies":"Looter","floor":7,"turns":2},{"damage":46,"enemies":"Lagavulin","floor":10,"turns":6},{"damage":12,"enemies":"Exordium Wildlife","floor":14,"turns":3},{"damage":58,"enemies":"Slime Boss","floor":16,"turns":11},{"damage":35,"enemies":"3 Byrds","floor":18,"turns":5},{"damage":42,"enemies":"Shell Parasite","floor":19,"turns":5},{"damage":16,"enemies":"Cultist and Chosen","floor":20,"turns":2}],"seed_played":"-555111355703367483","potions_obtained":[{"floor":2,"key":"Strength Potion"},{"floor":4,"key":"Block Potion"},{"floor":5,"key":"Weak Potion"},{"floor":14,"key":"Ancient Potion"},{"floor":18,"key":"Weak Potion"}],"is_trial":false,"path_per_floor":["M","M","M","M","M","E","M","?","T","E","?","$","R","M","R","B",null,"M","M","M"],"character_chosen":"IRONCLAD","items_purchased":[],"campfire_rested":2,"item_purchase_floors":[],"current_hp_per_floor":[80,80,80,77,69,43,39,65,65,25,25,25,64,58,80,28,80,51,15,0],"gold":531,"neow_bonus":"THREE_ENEMY_KILL","is_prod":false,"is_daily":false,"chose_seed":false,"campfire_upgraded":0,"win_rate":0.0,"timestamp":1562354687,"path_taken":["M","M","M","M","M","E","M","?","T","E","?","?","R","M","R","BOSS","M","M","M"],"build_version":"2019-07-01","purchased_purges":0,"victory":false,"max_hp_per_floor":[80,80,80,80,80,80,80,80,80,80,80,80,80,80,80,80,80,80,80,80],"card_choices":[{"not_picked":["Clothesline","Shrug It Off"],"picked":"Heavy Blade","floor":1},{"not_picked":["Flame Barrier","Entrench"],"picked":"Rampage","floor":2},{"not_picked":["Wild Strike","Second Wind"],"picked":"Thunderclap","floor":3},{"not_picked":["Rage","Infernal Blade"],"picked":"Heavy Blade","floor":4},{"not_picked":["Sword Boomerang","Wild Strike"],"picked":"Twin Strike","floor":5},{"not_picked":["Pummel","True Grit"],"picked":"Perfected Strike","floor":6},{"not_picked":["Limit Break","Ghostly Armor"],"picked":"Anger","floor":7},{"not_picked":["Twin Strike","Hemokinesis"],"picked":"Headbutt","floor":10},{"not_picked":["Clash","Barricade"],"picked":"Cleave","floor":14},{"not_picked":["Double Tap","Brutality"],"picked":"Immolate","floor":16},{"not_picked":["Twin Strike","Combust","Wild Strike"],"picked":"SKIP","floor":18},{"not_picked":["Flex","Shrug It Off"],"picked":"Blood for Blood+1","floor":19}],"player_experience":24325,"relics_obtained":[{"floor":6,"key":"War Paint"},{"floor":9,"key":"MawBank"},{"floor":10,"key":"Regal Pillow"}],"event_choices":[{"damage_healed":26,"gold_gain":0,"player_choice":"Banana","damage_taken":0,"max_hp_gain":0,"max_hp_loss":0,"event_name":"Big Fish","floor":8,"gold_loss":0},{"damage_healed":0,"gold_gain":0,"player_choice":"Fled","damage_taken":0,"max_hp_gain":0,"max_hp_loss":0,"event_name":"Scrap Ooze","floor":11,"gold_loss":0}],"is_beta":false,"boss_relics":[{"not_picked":["Sozu","Orrery"],"picked":"Black Star"}],"items_purged_floors":[],"is_endless":false,"potions_floor_spawned":[2,4,5,14,16,18],"killed_by":"Cultist and Chosen","ascension_level":0}