{"gold_per_floor":[118,43,57,31,31,31,57,57,57,82,98,98,98,112,112,216,216,197,52,69,69,144,144,173,173,173,198,230,252,298,329,341,449,461,485,516,528,540,552],"floor_reached":40,"playtime":3848,"items_purged":["Strike_G","Defend_G"],"score":717,"play_id":"22c6b203-da6c-4b61-8fbf-84430031a391","local_time":"20190813022753","is_ascension_mode":true,"campfire_choices":[{"data":"Footwork","floor":6.0,"key":"SMITH"},{"data":"Backflip","floor":8.0,"key":"SMITH"},{"data":"A Thousand Cuts","floor":12.0,"key":"SMITH"},{"data":"Cloak And Dagger","floor":15.0,"key":"SMITH"},{"data":"Dodge and Roll","floor":23,"key":"SMITH"},{"data":"Dodge and Roll","floor":25,"key":"SMITH"},{"data":"Footwork","floor":32,"key":"SMITH"}],"neow_cost":"NONE","seed_source_timestamp":152901747206349,"circlet_count":0,"master_deck":["Strike_G","Strike_G","Strike_G","Defend_G","Defend_G","Defend_G","Defend_G","Survivor","Neutralize","Footwork+1","Cloak And Dagger+1","Backflip+1","Dash","A Thousand Cuts+1","Calculated Gamble","Burst","Backflip","Dodge and Roll+1","Accuracy+1","Dodge and Roll+1","Cloak And Dagger+1","Leg Sweep","Footwork+1","Storm of Steel","Backflip+1"],"special_seed":0,"relics":["Ring of the Snake","NeowsBlessing","Omamori","Snake Skull","Thread and Needle","WristBlade","Strawberry","Mummified Hand","MawBank","Bronze Scales","Coffee Dripper"],"potions_floor_usage":[24,27,35,39,39,39],"damage_taken":[{"damage":0.0,"enemies":"Jaw Worm","floor":1.0,"turns":1.0},{"damage":0.0,"enemies":"Small Slimes","floor":3.0,"turns":1.0},{"damage":0.0,"enemies":"Gremlin Nob","floor":7.0,"turns":1.0},{"damage":7.0,"enemies":"Lagavulin","floor":10.0,"turns":16.0},{"damage":0.0,"enemies":"Cultist","floor":11.0,"turns":5.0},{"damage":0.0,"enemies":"Large Slime","floor":14.0,"turns":5.0},{"damage":17.0,"enemies":"Slime Boss","floor":16.0,"turns":12.0},{"damage":1,"enemies":"2 Thieves","floor":18,"turns":5},{"damage":0,"enemies":"Chosen","floor":20,"turns":8},{"damage":7,"enemies":"Book of Stabbing","floor":24,"turns":9},{"damage":5,"enemies":"Slavers","floor":27,"turns":6},{"damage":0,"enemies":"Snecko","floor":28,"turns":6},{"damage":0,"enemies":"Centurion and Healer","floor":29,"turns":8},{"damage":0,"enemies":"Gremlin Leader","floor":30,"turns":7},{"damage":0,"enemies":"Chosen and Byrds","floor":31,"turns":5},{"damage":12,"enemies":"Automaton","floor":33,"turns":11},{"damage":0,"enemies":"3 Darklings","floor":35,"turns":4},{"damage":0,"enemies":"Orb Walker","floor":36,"turns":3},{"damage":10,"enemies":"Awakened One","floor":39,"turns":20}],"seed_played":"-501000476581089311","potions_obtained":[{"floor":1.0,"key":"Poison Potion"},{"floor":10.0,"key":"SpeedPotion"},{"floor":11.0,"key":"GamblersBrew"},{"floor":14.0,"key":"Regen Potion"},{"floor":18,"key":"AttackPotion"},{"floor":28,"key":"GhostInAJar"},{"floor":30,"key":"Ancient Potion"},{"floor":31,"key":"SteroidPotion"},{"floor":35,"key":"EssenceOfSteel"},{"floor":36,"key":"Dexterity Potion"}],"is_trial":false,"path_per_floor":["M","$","M","$","?","R","E","R","T","E","M","R","?","M","R","B",null,"M","$","M","?","?","R","E","R","T","E","M","M","E","M","R","B",null,"M","M","?","?","B",null],"character_chosen":"THE_SILENT","items_purchased":["Backflip","Dodge and Roll"],"campfire_rested":0,"item_purchase_floors":[4,19],"current_hp_per_floor":[70,70,70,70,70,70,70,70,70,63,63,63,63,63,63,46,70,69,69,69,69,62,62,62,62,62,57,57,57,57,57,57,45,77,77,77,73,73,63],"gold":564,"neow_bonus":"THREE_ENEMY_KILL","is_prod":false,"is_daily":false,"chose_seed":false,"campfire_upgraded":7,"win_rate":0,"timestamp":1565681273,"path_taken":["M","$","M","$","?","R","E","R","T","E","M","R","?","M","R","BOSS","M","$","?","?","?","R","E","R","T","E","M","M","E","?","R","BOSS","M","?","?","?","BOSS"],"build_version":"2019-07-17","purchased_purges":2,"victory":true,"max_hp_per_floor":[70,70,70,70,70,70,70,70,70,70,70,70,70,70,70,70,70,70,70,70,70,70,70,77,77,77,77,77,77,77,77,77,77,77,77,77,73,73,73],"card_choices":[{"not_picked":["Deflect","PiercingWail"],"picked":"Footwork","floor":1.0},{"not_picked":["Quick Slash","Acrobatics"],"picked":"Cloak And Dagger","floor":3.0},{"not_picked":["Dodge and Roll","Caltrops"],"picked":"Dash","floor":7.0},{"not_picked":["Expertise","Poisoned Stab"],"picked":"A Thousand Cuts","floor":10.0},{"not_picked":["Catalyst","Dagger Throw","Sucker Punch"],"picked":"SKIP","floor":11.0},{"not_picked":["Terror","PiercingWail","Acrobatics"],"picked":"SKIP","floor":14.0},{"not_picked":["Unload","A Thousand Cuts"],"picked":"Burst","floor":16.0},{"not_picked":["Bane+1","Dagger Spray+1"],"picked":"Backflip","floor":18},{"not_picked":["Cloak And Dagger","Choke"],"picked":"Accuracy+1","floor":20},{"not_picked":["Outmaneuver+1","Sucker Punch+1"],"picked":"Dodge and Roll","floor":24},{"not_picked":["Tactician","Masterful Stab"],"picked":"Cloak And Dagger+1","floor":27},{"not_picked":["Doppelganger","Dagger Throw","Terror"],"picked":"SKIP","floor":28},{"not_picked":["Crippling Poison+1","Prepared","Dash+1"],"picked":"SKIP","floor":29},{"not_picked":["Endless Agony","Doppelganger"],"picked":"Leg Sweep","floor":30},{"not_picked":["Outmaneuver","Slice"],"picked":"Footwork","floor":31},{"not_picked":["Malaise","Wraith Form v2"],"picked":"Storm of Steel","floor":33},{"not_picked":["Blade Dance+1","Prepared+1"],"picked":"Backflip+1","floor":35},{"not_picked":["PiercingWail+1","Quick Slash","Terror"],"picked":"SKIP","floor":36}],"player_experience":95233,"relics_obtained":[{"floor":7.0,"key":"Omamori"},{"floor":9.0,"key":"Snake Skull"},{"floor":10.0,"key":"Thread and Needle"},{"floor":24,"key":"Strawberry"},{"floor":26,"key":"Mummified Hand"},{"floor":27,"key":"MawBank"},{"floor":30,"key":"Bronze Scales"}],"event_choices":[{"damage_healed":0.0,"max_hp_gain":0.0,"max_hp_loss":0.0,"gold_gain":0.0,"event_name":"Scrap Ooze","player_choice":"Fled","floor":5.0,"gold_loss":0.0,"damage_taken":0.0},{"damage_healed":0.0,"max_hp_gain":0.0,"max_hp_loss":0.0,"gold_gain":0.0,"cards_transformed":["Strike_G"],"event_name":"Transmorgrifier","player_choice":"Transformed","floor":13.0,"gold_loss":0.0,"damage_taken":0.0,"cards_obtained":["Calculated Gamble"]},{"damage_healed":0,"gold_gain":75,"player_choice":"Touch","damage_taken":7,"max_hp_gain":0,"max_hp_loss":0,"event_name":"FaceTrader","floor":22,"gold_loss":0},{"damage_healed":0,"gold_gain":0,"player_choice":"Max HP","damage_taken":0,"max_hp_gain":0,"max_hp_loss":4,"event_name":"Winding Halls","floor":37,"gold_loss":0},{"damage_healed":0,"gold_gain":0,"player_choice":"Took Portal","damage_taken":0,"max_hp_gain":0,"max_hp_loss":0,"event_name":"SecretPortal","floor":38,"gold_loss":0}],"is_beta":false,"boss_relics":[{"not_picked":["Orrery","Empty Cage"],"picked":"WristBlade"},{"not_picked":["Fusion Hammer","Calling Bell"],"picked":"Coffee Dripper"}],"items_purged_floors":[2,19],"is_endless":false,"potions_floor_spawned":[1,10,11,14,18,20,28,30,31,35,36],"ascension_level":2}