{"gold_per_floor":[110,110,6,24,24,49,61,61,61,86,97,123,136,154,154,154],"floor_reached":16,"playtime":669,"items_purged":[],"score":184,"play_id":"efbc724c-aac6-487c-9720-e6f7b90a9ebd","local_time":"20190206164005","is_ascension_mode":true,"campfire_choices":[{"data":"Bash","floor":8,"key":"SMITH"},{"floor":15,"key":"REST"}],"neow_cost":"NONE","seed_source_timestamp":823770977797861,"circlet_count":0,"master_deck":["Strike_R","Strike_R","Strike_R","Strike_R","Strike_R","Defend_R+1","Defend_R+1","Defend_R","Bash+1","Dropkick","Burning Pact","Dropkick"],"relics":["Burning Blood","NeowsBlessing","Dodecahedron","War Paint","Bronze Scales","PreservedInsect"],"potions_floor_usage":[10,12,16],"damage_taken":[{"damage":0,"enemies":"2 Louse","floor":1,"turns":1},{"damage":0,"enemies":"Cultist","floor":4,"turns":1},{"damage":0,"enemies":"Gremlin Nob","floor":6,"turns":1},{"damage":0,"enemies":"Small Slimes","floor":7,"turns":2},{"damage":30,"enemies":"Lagavulin","floor":10,"turns":7},{"damage":0,"enemies":"Blue Slaver","floor":11,"turns":4},{"damage":44,"enemies":"3 Sentries","floor":12,"turns":9},{"damage":11,"enemies":"2 Fungi Beasts","floor":13,"turns":3},{"damage":3,"enemies":"Looter","floor":14,"turns":3},{"damage":53,"enemies":"Slime Boss","floor":16,"turns":10}],"seed_played":"-1113562443863722323","potions_obtained":[{"floor":4,"key":"Weak Potion"},{"floor":6,"key":"Weak Potion"},{"floor":12,"key":"SpeedPotion"}],"is_trial":false,"path_per_floor":["M","?","$","M","$","E","M","R","T","E","M","E","M","M","R","B"],"character_chosen":"IRONCLAD","items_purchased":["Dropkick","Burning Pact"],"campfire_rested":1,"item_purchase_floors":[3,3],"current_hp_per_floor":[80,80,80,80,80,80,80,80,80,56,62,24,19,22,46,0],"gold":154,"neow_bonus":"THREE_ENEMY_KILL","is_prod":false,"is_daily":false,"chose_seed":false,"campfire_upgraded":1,"win_rate":0,"timestamp":1549496405,"path_taken":["M","?","$","M","$","E","M","R","T","E","M","E","?","M","R","BOSS"],"build_version":"2019-01-23","purchased_purges":0,"victory":false,"max_hp_per_floor":[80,80,80,80,80,80,80,80,80,80,80,80,80,80,80,80],"card_choices":[{"not_picked":["Perfected Strike","Shrug It Off","Infernal Blade"],"picked":"SKIP","floor":1},{"not_picked":["Disarm","Havoc","Entrench"],"picked":"SKIP","floor":4},{"not_picked":["Wild Strike","Seeing Red","Twin Strike"],"picked":"SKIP","floor":6},{"not_picked":["Thunderclap","Clash","Shockwave"],"picked":"SKIP","floor":7},{"not_picked":["Offering","Flex","Fire Breathing"],"picked":"SKIP","floor":10},{"not_picked":["Wild Strike","Blood for Blood","Shrug It Off"],"picked":"SKIP","floor":11},{"not_picked":["Clothesline","Thunderclap","Sword Boomerang"],"picked":"SKIP","floor":12},{"not_picked":["Fire Breathing","Warcry","Sword Boomerang"],"picked":"SKIP","floor":13},{"not_picked":["Entrench","Body Slam"],"picked":"Dropkick","floor":14}],"player_experience":381054,"relics_obtained":[{"floor":6,"key":"Dodecahedron"},{"floor":9,"key":"War Paint"},{"floor":10,"key":"Bronze Scales"},{"floor":12,"key":"PreservedInsect"}],"event_choices":[{"cards_removed":["Defend_R"],"damage_healed":0,"gold_gain":0,"player_choice":"Purged","damage_taken":0,"max_hp_gain":0,"max_hp_loss":0,"event_name":"Purifier","floor":2,"gold_loss":0}],"is_beta":false,"boss_relics":[],"items_purged_floors":[],"is_endless":false,"potions_floor_spawned":[4,6,12],"killed_by":"Slime Boss","ascension_level":5}