{"gold_per_floor":[111,121,131,144,319,319,330,47,47,75,75,89,89,143,143,244,244,264,179,191,10,26,26,40,65,65,65],"floor_reached":27,"playtime":1511,"items_purged":["Doubt"],"score":294,"play_id":"940a14f0-1cdf-416e-b8a4-51e7b24be52d","local_time":"20190713140808","is_ascension_mode":true,"campfire_choices":[{"data":"Metallicize","floor":6,"key":"SMITH"},{"floor":13,"key":"REST"},{"floor":15,"key":"REST"},{"floor":23,"key":"REST"}],"neow_cost":"NONE","seed_source_timestamp":48798777457804,"circlet_count":0,"master_deck":["Strike_R","Strike_R","Strike_R","Strike_R","Strike_R+1","Defend_R","Defend_R+1","Defend_R","Defend_R","Bash+1","Metallicize+1","Warcry","Cleave","Inflame","Pommel Strike","Metallicize+1","Bludgeon","Metallicize+1","Double Tap","Fire Breathing+1","Warcry+1","Headbutt","Spot Weakness","Corruption+1"],"relics":["Burning Blood","DollysMirror","Frozen Egg 2","Bronze Scales","Boot","Mark of Pain","Shuriken","Red Skull","Pantograph","Darkstone Periapt"],"potions_floor_usage":[4,16,18,27,27],"damage_taken":[{"damage":9,"enemies":"Jaw Worm","floor":1,"turns":3},{"damage":5,"enemies":"2 Louse","floor":2,"turns":3},{"damage":19,"enemies":"Small Slimes","floor":3,"turns":4},{"damage":3,"enemies":"2 Fungi Beasts","floor":4,"turns":3},{"damage":11,"enemies":"Large Slime","floor":7,"turns":4},{"damage":28,"enemies":"3 Sentries","floor":10,"turns":8},{"damage":0,"enemies":"3 Louse","floor":12,"turns":2},{"damage":32,"enemies":"The Guardian","floor":16,"turns":10},{"damage":19,"enemies":"Chosen","floor":18,"turns":5},{"damage":0,"enemies":"3 Byrds","floor":20,"turns":4},{"damage":20,"enemies":"Snake Plant","floor":22,"turns":2},{"damage":11,"enemies":"Chosen and Byrds","floor":24,"turns":3},{"damage":52,"enemies":"Book of Stabbing","floor":25,"turns":5},{"damage":36,"enemies":"Gremlin Leader","floor":27,"turns":2}],"seed_played":"6902122070661898695","potions_obtained":[{"floor":2,"key":"SpeedPotion"},{"floor":3,"key":"AttackPotion"},{"floor":7,"key":"Block Potion"},{"floor":16,"key":"BloodPotion"},{"floor":18,"key":"SteroidPotion"},{"floor":24,"key":"SneckoOil"},{"floor":25,"key":"Energy Potion"}],"is_trial":false,"path_per_floor":["M","M","M","M","?","R","M","$","T","E","?","M","R","T","R","B",null,"M","?","M","$","M","R","M","E","T","E"],"character_chosen":"IRONCLAD","items_purchased":["DollysMirror","Headbutt","Red Skull"],"campfire_rested":3,"item_purchase_floors":[8,21,21],"current_hp_per_floor":[77,78,65,68,68,68,63,63,63,41,25,31,55,55,79,53,73,80,80,80,80,66,80,75,29,29,0],"gold":65,"neow_bonus":"UPGRADE_CARD","is_prod":false,"is_daily":false,"chose_seed":false,"campfire_upgraded":1,"win_rate":0,"timestamp":1563023288,"path_taken":["M","M","M","M","?","R","M","$","T","E","?","M","R","?","R","BOSS","M","?","M","$","M","R","M","E","T","E"],"build_version":"2019-07-05","purchased_purges":1,"victory":false,"max_hp_per_floor":[80,80,80,80,80,80,80,80,80,80,80,80,80,80,80,80,80,80,80,80,80,80,80,80,80,80,80],"card_choices":[{"not_picked":["Body Slam","Sword Boomerang"],"picked":"Metallicize","floor":1},{"not_picked":["Havoc","Entrench"],"picked":"Warcry","floor":2},{"not_picked":["Sword Boomerang","Dropkick"],"picked":"Cleave","floor":3},{"not_picked":["Searing Blow","Sword Boomerang"],"picked":"Inflame","floor":4},{"not_picked":["Iron Wave","Armaments"],"picked":"Pommel Strike","floor":7},{"not_picked":["True Grit","Body Slam"],"picked":"Bludgeon","floor":10},{"not_picked":["Armaments","Entrench"],"picked":"Metallicize+1","floor":12},{"not_picked":["Exhume","Feed"],"picked":"Double Tap","floor":16},{"not_picked":["Perfected Strike","Twin Strike"],"picked":"Fire Breathing+1","floor":18},{"not_picked":["Cleave","Sever Soul"],"picked":"Warcry+1","floor":20},{"not_picked":["Disarm","Heavy Blade"],"picked":"Spot Weakness","floor":22},{"not_picked":["Perfected Strike","Clothesline"],"picked":"Corruption+1","floor":24},{"not_picked":["Wild Strike+1","Second Wind","Dropkick"],"picked":"SKIP","floor":25}],"player_experience":119808,"relics_obtained":[{"floor":9,"key":"Frozen Egg 2"},{"floor":10,"key":"Bronze Scales"},{"floor":14,"key":"Boot"},{"floor":25,"key":"Pantograph"},{"floor":26,"key":"Darkstone Periapt"}],"event_choices":[{"damage_healed":0,"gold_gain":175,"player_choice":"AGREE","damage_taken":0,"max_hp_gain":0,"max_hp_loss":0,"event_name":"Liars Game","floor":5,"gold_loss":0,"cards_obtained":["Doubt"]},{"damage_healed":0,"gold_gain":0,"player_choice":"Entered Light","damage_taken":16,"max_hp_gain":0,"max_hp_loss":0,"event_name":"Shining Light","floor":11,"gold_loss":0,"cards_upgraded":["Defend_R","Strike_R"]},{"damage_healed":0,"gold_gain":0,"player_choice":"Obtained Relic","damage_taken":0,"relics_obtained":["Shuriken"],"max_hp_gain":0,"max_hp_loss":0,"event_name":"Addict","floor":19,"gold_loss":85}],"is_beta":false,"boss_relics":[{"not_picked":["Sozu","Coffee Dripper"],"picked":"Mark of Pain"}],"items_purged_floors":[8],"is_endless":false,"potions_floor_spawned":[2,3,7,16,18,24,25],"killed_by":"Gremlin Leader","ascension_level":5}