{"gold_per_floor":[113,113,126,126,2,2,37,37,37,312,116,130,186,197,197,294,294,313,323,223,236,111,111],"floor_reached":23,"playtime":1172,"items_purged":["Regret","Strike_R","Strike_R"],"score":358,"play_id":"763cb174-031c-40b3-8853-aba4109e4618","local_time":"20190407120525","is_ascension_mode":true,"campfire_choices":[{"data":"True Grit","floor":6,"key":"SMITH"},{"data":"Bash","floor":8,"key":"SMITH"},{"data":"Entrench","floor":15,"key":"SMITH"}],"neow_cost":"CURSE","seed_source_timestamp":106672338649548,"circlet_count":0,"master_deck":["AscendersBane","Strike_R","Strike_R","Strike_R","Defend_R","Defend_R","Defend_R","Defend_R","Bash+1","Clumsy","Reaper","Sever Soul","Spot Weakness","Rampage","True Grit+1","Metallicize","Shrug It Off","Inflame","Barricade","Entrench+1","Heavy Blade","Limit Break","True Grit","Armaments"],"relics":["Burning Blood","WarpedTongs","Meat on the Bone","Happy Flower","Tiny Chest","Velvet Choker"],"potions_floor_usage":[19,19,19,21],"damage_taken":[{"damage":1,"enemies":"2 Louse","floor":1,"turns":3},{"damage":3,"enemies":"Cultist","floor":3,"turns":3},{"damage":32,"enemies":"Gremlin Nob","floor":7,"turns":5},{"damage":5,"enemies":"Small Slimes","floor":12,"turns":4},{"damage":42,"enemies":"3 Sentries","floor":13,"turns":7},{"damage":18,"enemies":"Exordium Thugs","floor":14,"turns":8},{"damage":31,"enemies":"Hexaghost","floor":16,"turns":15},{"damage":19,"enemies":"Spheric Guardian","floor":18,"turns":5},{"damage":58,"enemies":"3 Byrds","floor":19,"turns":6},{"damage":34,"enemies":"Centurion and Healer","floor":21,"turns":7},{"damage":60,"enemies":"Gremlin Leader","floor":23,"turns":6}],"seed_played":"-7584133147311747611","potions_obtained":[{"floor":1,"key":"Strength Potion"},{"floor":3,"key":"Weak Potion"},{"floor":13,"key":"SteroidPotion"},{"floor":18,"key":"EntropicBrew"},{"floor":21,"key":"FairyPotion"}],"is_trial":false,"path_per_floor":["M","?","M","?","$","R","E","R","T","?","$","M","E","M","R","B",null,"M","M","$","M","$","E"],"character_chosen":"IRONCLAD","items_purchased":["Rampage","True Grit","Shrug It Off","Inflame"],"campfire_rested":0,"item_purchase_floors":[5,5,11,11],"current_hp_per_floor":[80,80,80,80,80,80,58,58,58,58,58,77,60,62,62,53,73,60,30,30,36,36,0],"gold":111,"neow_bonus":"THREE_RARE_CARDS","is_prod":false,"is_daily":false,"chose_seed":false,"campfire_upgraded":3,"win_rate":0,"timestamp":1554663925,"path_taken":["M","?","?","?","?","R","E","R","T","?","$","M","E","?","R","BOSS","M","M","$","M","$","E"],"build_version":"2019-01-23","purchased_purges":3,"victory":false,"max_hp_per_floor":[80,80,80,80,80,80,80,80,80,80,80,80,80,80,80,80,80,80,80,80,80,80,80],"card_choices":[{"not_picked":["Brutality","Immolate"],"picked":"Reaper","floor":0},{"not_picked":["Havoc","Iron Wave"],"picked":"Sever Soul","floor":1},{"not_picked":["Headbutt","Havoc"],"picked":"Spot Weakness","floor":3},{"not_picked":["Body Slam","Seeing Red"],"picked":"Metallicize","floor":7},{"not_picked":["Intimidate","Iron Wave"],"picked":"Barricade","floor":12},{"not_picked":["Flame Barrier","Clash"],"picked":"Entrench","floor":13},{"not_picked":["Sword Boomerang","Bloodletting"],"picked":"Heavy Blade","floor":14},{"not_picked":["Brutality","Exhume"],"picked":"Limit Break","floor":16},{"not_picked":["Shrug It Off","Headbutt"],"picked":"True Grit","floor":18},{"not_picked":["Havoc","Wild Strike","Anger"],"picked":"SKIP","floor":19},{"not_picked":["Anger","Inflame"],"picked":"Armaments","floor":21}],"player_experience":629618,"relics_obtained":[{"floor":7,"key":"Meat on the Bone"},{"floor":9,"key":"Happy Flower"},{"floor":13,"key":"Tiny Chest"}],"event_choices":[{"damage_healed":0,"gold_gain":0,"player_choice":"Rummage","damage_taken":0,"relics_obtained":["WarpedTongs"],"max_hp_gain":0,"max_hp_loss":0,"event_name":"Accursed Blacksmith","floor":2,"gold_loss":0,"cards_obtained":["Pain"]},{"cards_removed":["Pain"],"damage_healed":0,"gold_gain":0,"player_choice":"Forget","damage_taken":0,"max_hp_gain":0,"max_hp_loss":0,"event_name":"Living Wall","floor":4,"gold_loss":0},{"damage_healed":0,"gold_gain":275,"player_choice":"Desecrate","damage_taken":0,"max_hp_gain":0,"max_hp_loss":0,"event_name":"Golden Shrine","floor":10,"gold_loss":0,"cards_obtained":["Regret"]}],"is_beta":false,"boss_relics":[{"not_picked":["White Beast Statue","Eternal Feather"],"picked":"Velvet Choker"}],"items_purged_floors":[11,20,22],"is_endless":false,"potions_floor_spawned":[1,3,13,18,21],"killed_by":"Gremlin Leader","ascension_level":12}