{"gold_per_floor":[19,19,34,34,34,69,69,69,69,102,112,112,125,152,152,250,250,269,279,279,297,5,5],"floor_reached":23,"playtime":1195,"items_purged":["Strike_B"],"score":265,"play_id":"880bdca7-503e-482e-892e-a5aee5640f32","local_time":"20190117194226","is_ascension_mode":true,"campfire_choices":[{"data":"Fusion","floor":8,"key":"SMITH"},{"data":"Echo Form","floor":12,"key":"SMITH"},{"data":"Zap","floor":15,"key":"SMITH"}],"neow_cost":"NO_GOLD","seed_source_timestamp":572624812977155,"circlet_count":0,"master_deck":["Strike_B","Strike_B","Defend_B","Defend_B","Defend_B+1","Zap+1","Dualcast+1","Echo Form+1","Fusion+1","Gash","Multi-Cast","Echo Form","Gash+1","Ghostly","Ghostly","Ghostly","Ghostly","Ghostly","Beam Cell","Gash","Double Energy"],"relics":["Cracked Core","Meat on the Bone","War Paint","Question Card","Mercury Hourglass","Sundial","Empty Cage","Membership Card"],"potions_floor_usage":[6,13,14,14,16,23],"damage_taken":[{"damage":0,"enemies":"Small Slimes","floor":1,"turns":3},{"damage":0,"enemies":"Cultist","floor":3,"turns":3},{"damage":16,"enemies":"Gremlin Nob","floor":6,"turns":3},{"damage":12,"enemies":"Lagavulin","floor":10,"turns":8},{"damage":12,"enemies":"Jaw Worm","floor":11,"turns":3},{"damage":3,"enemies":"Large Slime","floor":13,"turns":4},{"damage":20,"enemies":"3 Sentries","floor":14,"turns":5},{"damage":34,"enemies":"Hexaghost","floor":16,"turns":9},{"damage":28,"enemies":"Chosen","floor":18,"turns":5},{"damage":22,"enemies":"Spheric Guardian","floor":19,"turns":4},{"damage":2,"enemies":"Snecko","floor":21,"turns":5},{"damage":38,"enemies":"Book of Stabbing","floor":23,"turns":5}],"seed_played":"2396863099974882610","potions_obtained":[{"floor":3,"key":"AttackPotion"},{"floor":6,"key":"Explosive Potion"},{"floor":10,"key":"Weak Potion"},{"floor":13,"key":"Regen Potion"},{"floor":14,"key":"SpeedPotion"},{"floor":16,"key":"FearPotion"},{"floor":19,"key":"Fire Potion"},{"floor":21,"key":"Explosive Potion"}],"is_trial":false,"path_per_floor":["M","?","M","$","?","E","?","R","T","E","M","R","M","E","R","B",null,"M","M","?","M","$","E"],"character_chosen":"DEFECT","items_purchased":["Membership Card","Gash","Double Energy"],"campfire_rested":0,"item_purchase_floors":[22,22,22],"current_hp_per_floor":[75,75,75,75,80,64,61,61,61,49,49,49,46,50,50,28,80,52,42,40,38,38,0],"gold":5,"neow_bonus":"THREE_RARE_CARDS","is_prod":false,"is_daily":false,"chose_seed":false,"campfire_upgraded":3,"win_rate":0,"timestamp":1547779346,"path_taken":["M","?","M","?","?","E","?","R","T","E","M","R","M","E","R","BOSS","M","M","?","M","$","E"],"build_version":"2019-01-10","purchased_purges":1,"victory":false,"max_hp_per_floor":[75,75,75,75,80,80,80,80,80,80,80,80,80,80,80,80,80,80,80,40,40,40,40],"card_choices":[{"not_picked":["Rainbow","Fission"],"picked":"Echo Form","floor":0},{"not_picked":["Sweeping Beam","Auto Shields","Streamline"],"picked":"SKIP","floor":1},{"not_picked":["Undo","Blizzard"],"picked":"Fusion","floor":3},{"not_picked":["Darkness","Capacitor","Steam"],"picked":"SKIP","floor":6},{"not_picked":["Loop","Undo","Rebound","Leap"],"picked":"SKIP","floor":10},{"not_picked":["Reprogram","Darkness","Leap"],"picked":"Gash","floor":11},{"not_picked":["Sweeping Beam","Lockon","Darkness","Barrage"],"picked":"SKIP","floor":13},{"not_picked":["Ball Lightning","Reinforced Body","Cold Snap"],"picked":"Multi-Cast","floor":14},{"not_picked":["Machine Learning","Reboot","Amplify"],"picked":"Echo Form","floor":16},{"not_picked":["White Noise","Streamline","Turbo+1"],"picked":"Gash+1","floor":18},{"not_picked":["Rebound","Streamline","Cold Snap","Sweeping Beam"],"picked":"SKIP","floor":19},{"not_picked":["Go for the Eyes","Steam+1","Fission"],"picked":"Beam Cell","floor":21}],"player_experience":309997,"relics_obtained":[{"floor":6,"key":"Meat on the Bone"},{"floor":9,"key":"Question Card"},{"floor":10,"key":"Mercury Hourglass"},{"floor":14,"key":"Sundial"}],"event_choices":[{"damage_healed":0,"gold_gain":0,"player_choice":"Ignored","damage_taken":0,"max_hp_gain":0,"max_hp_loss":0,"event_name":"WeMeetAgain","floor":2,"gold_loss":0},{"damage_healed":0,"gold_gain":0,"player_choice":"Donut","damage_taken":0,"max_hp_gain":5,"max_hp_loss":0,"event_name":"Big Fish","floor":5,"gold_loss":0},{"damage_healed":0,"gold_gain":0,"player_choice":"Success","damage_taken":3,"relics_obtained":["War Paint"],"max_hp_gain":0,"max_hp_loss":0,"event_name":"Scrap Ooze","floor":7,"gold_loss":0},{"damage_healed":0,"gold_gain":0,"player_choice":"Became a Ghost","damage_taken":0,"max_hp_gain":0,"max_hp_loss":40,"event_name":"Ghosts","floor":20,"gold_loss":0,"cards_obtained":["Ghostly","Ghostly","Ghostly","Ghostly","Ghostly"]}],"is_beta":false,"boss_relics":[{"not_picked":["Busted Crown","Velvet Choker"],"picked":"Empty Cage"}],"items_purged_floors":[22],"is_endless":false,"potions_floor_spawned":[3,6,10,13,14,16,19,21],"killed_by":"Book of Stabbing","ascension_level":3}