{"gold_per_floor":[110,128,78,78,96,96,130,130,157,191,191,191,224,29,29,127,127,146,146,246,201],"floor_reached":21,"playtime":905,"items_purged":[],"score":309,"play_id":"03809bdf-a368-44f5-9bfd-5313073f0577","local_time":"20190411181628","is_ascension_mode":true,"campfire_choices":[{"data":"Armaments","floor":6,"key":"SMITH"},{"floor":8,"key":"REST"},{"data":"Juggernaut","floor":12,"key":"SMITH"},{"floor":15,"key":"REST"}],"neow_cost":"CURSE","seed_source_timestamp":114691888428985,"circlet_count":0,"master_deck":["AscendersBane","Strike_R+1","Strike_R+1","Strike_R+1","Strike_R+1","Strike_R+1","Defend_R+1","Defend_R+1","Defend_R+1","Defend_R+1","Bash","True Grit","Disarm","Fire Breathing","Swift Strike","Armaments+1","Corruption","Juggernaut+1","Second Wind","Apotheosis","Dark Embrace","Metallicize","Inflame"],"special_seed":0,"relics":["Burning Blood","Nunchaku","PreservedInsect","Boot","Question Card","Omamori","Black Star","Ice Cream","Meat on the Bone"],"potions_floor_usage":[20,20,21],"damage_taken":[{"damage":14,"enemies":"Jaw Worm","floor":1,"turns":4},{"damage":10,"enemies":"Small Slimes","floor":2,"turns":3},{"damage":1,"enemies":"Cultist","floor":5,"turns":4},{"damage":34,"enemies":"3 Sentries","floor":7,"turns":11},{"damage":6,"enemies":"Lagavulin","floor":10,"turns":7},{"damage":18,"enemies":"3 Sentries","floor":13,"turns":5},{"damage":26,"enemies":"Slime Boss","floor":16,"turns":9},{"damage":24,"enemies":"Shell Parasite","floor":18,"turns":6},{"damage":48,"enemies":"Colosseum Slavers","floor":20,"turns":6},{"damage":16,"enemies":"Colosseum Nobs","floor":20,"turns":5},{"damage":13,"enemies":"2 Thieves","floor":21,"turns":2}],"seed_played":"-2273705851808940129","potions_obtained":[{"floor":2,"key":"BloodPotion"},{"floor":7,"key":"Ancient Potion"},{"floor":13,"key":"Strength Potion"},{"floor":20,"key":"SpeedPotion"}],"is_trial":false,"path_per_floor":["M","M","?","?","M","R","E","R","T","E","$","R","E","$","R","B",null,"M","?","?","M"],"character_chosen":"IRONCLAD","items_purchased":["Apotheosis"],"campfire_rested":2,"item_purchase_floors":[14],"current_hp_per_floor":[64,60,60,60,65,65,37,61,61,61,61,61,49,49,73,53,73,55,55,11,0],"gold":201,"neow_bonus":"ONE_RARE_RELIC","is_prod":false,"is_daily":false,"chose_seed":false,"campfire_upgraded":2,"win_rate":0,"timestamp":1555031788,"path_taken":["M","M","?","?","?","R","E","R","T","E","?","R","E","$","R","BOSS","M","?","?","M"],"build_version":"2019-01-23","purchased_purges":0,"victory":false,"max_hp_per_floor":[80,80,80,80,80,80,80,80,80,80,80,80,80,80,80,80,80,80,80,80,80],"card_choices":[{"not_picked":["Pummel","Hemokinesis"],"picked":"True Grit","floor":1},{"not_picked":["Twin Strike","Wild Strike"],"picked":"Disarm","floor":2},{"not_picked":["Clash","Shrug It Off"],"picked":"Armaments","floor":5},{"not_picked":["Thunderclap","Metallicize"],"picked":"Corruption","floor":7},{"not_picked":["Sword Boomerang","Havoc"],"picked":"Juggernaut","floor":10},{"not_picked":["Sever Soul","Shockwave","Burning Pact"],"picked":"Second Wind","floor":13},{"not_picked":["Immolate","Berserk","Brutality"],"picked":"Dark Embrace","floor":16},{"not_picked":["Corruption+1","Blood for Blood","Anger"],"picked":"Metallicize","floor":18},{"not_picked":["Clash","Twin Strike","Thunderclap"],"picked":"Inflame","floor":20}],"player_experience":660876,"relics_obtained":[{"floor":7,"key":"PreservedInsect"},{"floor":9,"key":"Boot"},{"floor":10,"key":"Question Card"},{"floor":13,"key":"Omamori"},{"floor":20,"key":"Ice Cream"},{"floor":20,"key":"Meat on the Bone"}],"event_choices":[{"cards_removed":["Decay"],"damage_healed":0,"gold_gain":0,"player_choice":"Card Removal","damage_taken":0,"max_hp_gain":0,"max_hp_loss":0,"event_name":"The Cleric","floor":3,"gold_loss":50},{"damage_healed":0,"gold_gain":0,"player_choice":"2 cards matched","damage_taken":0,"max_hp_gain":0,"max_hp_loss":0,"event_name":"Match and Keep!","floor":4,"gold_loss":0,"cards_obtained":["Fire Breathing","Swift Strike"]},{"damage_healed":0,"gold_gain":0,"player_choice":"2 cards matched","damage_taken":0,"max_hp_gain":0,"max_hp_loss":0,"event_name":"Match and Keep!","floor":4,"gold_loss":0,"cards_obtained":["Fire Breathing","Swift Strike"]},{"damage_healed":0,"gold_gain":0,"player_choice":"Simplicity","damage_taken":0,"max_hp_gain":0,"max_hp_loss":0,"event_name":"Back to Basics","floor":19,"gold_loss":0,"cards_upgraded":["Strike_R","Strike_R","Strike_R","Strike_R","Strike_R","Defend_R","Defend_R","Defend_R","Defend_R"]},{"damage_healed":0,"gold_gain":0,"player_choice":"Fight","damage_taken":0,"max_hp_gain":0,"max_hp_loss":0,"event_name":"Colosseum","floor":20,"gold_loss":0},{"damage_healed":0,"gold_gain":0,"player_choice":"Fought Nobs","damage_taken":0,"max_hp_gain":0,"max_hp_loss":0,"event_name":"Colosseum","floor":20,"gold_loss":0}],"is_beta":false,"boss_relics":[{"not_picked":["Black Blood","Fusion Hammer"],"picked":"Black Star"}],"items_purged_floors":[],"is_endless":false,"potions_floor_spawned":[2,7,13,20],"killed_by":"2 Thieves","ascension_level":12}