{"path_per_floor":["M","?","?","$","?","R","M","R","T","?","R","E","R","T","R","B",null,"M","?","?","$","M","?","M","R","T","R","M","R","$","M","R","B",null,"M","M","M","M","M","R","?","R","T","M","R","M","$","M","R"],"character_chosen":"DEFECT","items_purchased":["Kunai","Oddly Smooth Stone"],"gold_per_floor":[115,115,65,65,65,65,85,85,85,85,85,113,113,139,139,239,239,259,259,259,20,31,31,49,49,49,49,59,59,59,71,71,166,166,178,191,204,224,241,241,241,241,241,252,252,271,51,64,64,64],"floor_reached":50,"campfire_rested":7,"playtime":1752,"current_hp_per_floor":[75,75,75,75,75,75,74,74,74,67,67,47,47,47,47,38,75,69,55,55,55,40,40,21,21,21,45,33,57,57,59,80,28,80,71,59,43,32,7,31,31,55,69,52,80,38,38,26,54,0],"items_purged":["Defend_B"],"gold":64,"score":531,"play_id":"41ddc334-0726-425f-8b76-087160f92f6e","local_time":"20180509181013","is_prod":false,"is_daily":false,"chose_seed":false,"is_ascension_mode":true,"campfire_upgraded":6,"timestamp":1525882213,"path_taken":["M","?","?","$","?","R","?","R","T","?","R","E","R","?","R","BOSS","M","?","?","$","M","?","M","R","T","R","?","R","$","M","R","BOSS","M","?","?","M","M","R","?","R","T","M","R","M","$","M","R","BOSS"],"build_version":"2018-05-08","seed_source_timestamp":2696759875318872,"purchased_purges":1,"victory":false,"master_deck":["Defend_B","Defend_B+1","Defend_B+1","Zap+1","Dualcast+1","Ball Lightning+1","Thunder Strike+1","Beam Cell","Ball Lightning+1","Turbo+1","Skim","Leap","Scrape+1"],"max_hp_per_floor":[75,75,75,75,75,75,75,75,75,75,75,75,75,75,75,75,75,75,80,80,80,80,80,80,80,80,80,80,80,80,80,80,80,80,80,80,80,80,80,80,80,80,94,94,94,94,94,94,94,94],"relics":["Cracked Core","Blue Candle","Art of War","Whetstone","Sozu","Blood Vial","Kunai","Mercury Hourglass","Black Star","Mango","Oddly Smooth Stone"],"card_choices":[{"not_picked":["Rebound","Go for the Eyes"],"picked":"Ball Lightning","floor":7},{"not_picked":["Seek","Biased Cognition"],"picked":"Thunder Strike","floor":16},{"not_picked":["Hologram","Turbo"],"picked":"Beam Cell","floor":31},{"not_picked":["Axe Kick","Go for the Eyes"],"picked":"Ball Lightning","floor":35},{"not_picked":["Undo","Blizzard"],"picked":"Turbo","floor":36},{"not_picked":["Axe Kick","Streamline"],"picked":"Skim","floor":39},{"not_picked":["Steam","Turbo"],"picked":"Leap","floor":44},{"not_picked":["All For One","Steam"],"picked":"Scrape","floor":48}],"player_experience":392203,"potions_floor_usage":[33],"damage_taken":[{"damage":0,"enemies":"Jaw Worm","floor":1,"turns":3},{"damage":1,"enemies":"Cultist","floor":7,"turns":4},{"damage":20,"enemies":"Lagavulin","floor":12,"turns":6},{"damage":9,"enemies":"Slime Boss","floor":16,"turns":8},{"damage":6,"enemies":"3 Byrds","floor":18,"turns":3},{"damage":17,"enemies":"2 Thieves","floor":22,"turns":3},{"damage":21,"enemies":"Cultist and Chosen","floor":24,"turns":4},{"damage":14,"enemies":"Chosen and Byrds","floor":28,"turns":4},{"damage":0,"enemies":"Sentry and Sphere","floor":31,"turns":3},{"damage":52,"enemies":"Champ","floor":33,"turns":9},{"damage":9,"enemies":"Orb Walker","floor":35,"turns":3},{"damage":14,"enemies":"Flame Bruiser 1 Orb","floor":36,"turns":4},{"damage":18,"enemies":"Maw","floor":37,"turns":5},{"damage":13,"enemies":"Sphere and 2 Shapes","floor":38,"turns":4},{"damage":27,"enemies":"3 Darklings","floor":39,"turns":5},{"damage":19,"enemies":"Maw","floor":44,"turns":7},{"damage":44,"enemies":"4 Shapes","floor":46,"turns":5},{"damage":14,"enemies":"3 Darklings","floor":48,"turns":5},{"damage":75,"enemies":"Awakened One","floor":50,"turns":6}],"event_choices":[{"event_name":"Wheel of Change","player_choice":"Card Removal","floor":2,"damage_taken":0},{"event_name":"The Cleric","player_choice":"Card Removal","floor":3,"damage_taken":0},{"event_name":"Living Wall","player_choice":"Forget","floor":5,"damage_taken":0},{"event_name":"Golden Wing","player_choice":"Card Removal","floor":10,"damage_taken":0},{"event_name":"Forgotten Altar","player_choice":"Shed Blood","floor":19,"damage_taken":0},{"event_name":"The Mausoleum","player_choice":"Yes","floor":20,"damage_taken":0},{"event_name":"Transmorgrifier","player_choice":"Skipped","floor":23,"damage_taken":0},{"event_name":"Tomb of Lord Red Mask","player_choice":"Ignored","floor":41,"damage_taken":0}],"boss_relics":[{"not_picked":["Nuclear Battery","Velvet Choker"],"picked":"Sozu"},{"not_picked":["Astrolabe","Philosopher\u0027s Stone"],"picked":"Black Star"}],"potions_floor_spawned":[1,24,31,36,39],"seed_played":"9020049775473909746","killed_by":"Awakened One","ascension_level":3,"is_trial":false}