{"gold_per_floor":[111,128,128,53,228,256,256,281,281,316,80,91,91,106,106,208,208,224,45,45,58,78,78,110,110,110,110,110,110,110],"floor_reached":30,"playtime":1357,"items_purged":["Bash","Strike_R","Doubt"],"score":353,"play_id":"38b32bc7-7237-44b0-a06e-77c37fc7b8c5","local_time":"20181221090100","is_ascension_mode":true,"campfire_choices":[{"data":"Uppercut","floor":7,"key":"SMITH"},{"floor":13,"key":"REST"},{"data":"Demon Form","floor":15,"key":"SMITH"},{"data":"Ghostly","floor":23,"key":"SMITH"},{"data":"Ghostly","floor":25,"key":"SMITH"},{"data":"Barricade","floor":29,"key":"SMITH"}],"neow_cost":"NONE","seed_source_timestamp":170645779407236,"circlet_count":0,"master_deck":["Defend_R","Defend_R","Defend_R","Defend_R","Uppercut+1","Demon Form+1","Berserk","Battle Trance","Barricade+1","Iron Wave+1","Shrug It Off","Ghostly+1","Ghostly+1","Ghostly","Ghostly","Ghostly","Ghostly Armor","Whirlwind+1","Bite+1","Bite+1","Bite+1","Bite+1","Bite+1"],"relics":["Burning Blood","NeowsBlessing","Pear","Darkstone Periapt","Dream Catcher","Bag of Preparation","Du-Vu Doll","Philosopher\u0027s Stone","Molten Egg 2","FossilizedHelix","Sundial"],"potions_floor_usage":[18,21,22],"damage_taken":[{"damage":0,"enemies":"2 Louse","floor":1,"turns":1},{"damage":0,"enemies":"Small Slimes","floor":2,"turns":1},{"damage":0,"enemies":"3 Sentries","floor":6,"turns":2},{"damage":43,"enemies":"Gremlin Nob","floor":8,"turns":6},{"damage":49,"enemies":"3 Sentries","floor":10,"turns":8},{"damage":6,"enemies":"Jaw Worm","floor":12,"turns":5},{"damage":7,"enemies":"Looter","floor":14,"turns":3},{"damage":53,"enemies":"Slime Boss","floor":16,"turns":7},{"damage":21,"enemies":"Chosen","floor":18,"turns":6},{"damage":15,"enemies":"3 Byrds","floor":21,"turns":6},{"damage":14,"enemies":"Shelled Parasite and Fungi","floor":22,"turns":8},{"damage":2,"enemies":"Book of Stabbing","floor":24,"turns":6},{"damage":33,"enemies":"Cultist and Chosen","floor":30,"turns":4}],"seed_played":"-8605931365260608101","potions_obtained":[{"floor":2,"key":"FairyPotion"},{"floor":12,"key":"SpeedPotion"},{"floor":16,"key":"Swift Potion"},{"floor":18,"key":"Strength Potion"},{"floor":21,"key":"SkillPotion"}],"is_trial":false,"path_per_floor":["M","M","?","$","?","E","R","E","T","E","$","M","R","M","R","B",null,"M","$","?","M","M","R","E","R","T","?","?","R","M"],"character_chosen":"IRONCLAD","items_purchased":["Berserk","Shrug It Off"],"campfire_rested":1,"item_purchase_floors":[11,19],"current_hp_per_floor":[80,80,87,87,87,90,90,53,53,10,10,10,37,36,36,14,90,75,75,45,36,28,28,32,32,32,32,31,31,0],"gold":110,"neow_bonus":"THREE_ENEMY_KILL","is_prod":false,"is_daily":false,"chose_seed":false,"campfire_upgraded":5,"win_rate":0,"timestamp":1545408060,"path_taken":["M","M","?","$","?","E","R","E","T","E","$","M","R","M","R","BOSS","M","$","?","M","M","R","E","R","T","?","?","R","M"],"build_version":"2018-12-20","purchased_purges":3,"victory":false,"max_hp_per_floor":[80,80,90,90,90,90,90,90,90,90,90,90,90,90,90,90,90,90,90,45,45,45,45,45,45,45,45,31,31,31],"card_choices":[{"not_picked":["Thunderclap","Armaments"],"picked":"Uppercut","floor":1},{"not_picked":["Headbutt","Sever Soul","Armaments"],"picked":"SKIP","floor":2},{"not_picked":["Body Slam","Flame Barrier","Uppercut"],"picked":"SKIP","floor":6},{"not_picked":["Bloodletting","Dropkick"],"picked":"Demon Form","floor":8},{"not_picked":["Twin Strike","Cleave","Wild Strike"],"picked":"SKIP","floor":10},{"not_picked":["Clash","Thunderclap"],"picked":"Battle Trance","floor":12},{"not_picked":["Bloodletting","Armaments","Clothesline"],"picked":"SKIP","floor":14},{"not_picked":["Dark Embrace","Bludgeon"],"picked":"Barricade","floor":16},{"not_picked":["Body Slam","Pommel Strike"],"picked":"Iron Wave+1","floor":18},{"not_picked":["Twin Strike+1","Flex"],"picked":"Ghostly Armor","floor":21},{"not_picked":["Fire Breathing","Power Through","Pommel Strike+1"],"picked":"SKIP","floor":22},{"not_picked":["Dark Embrace","Shrug It Off+1"],"picked":"Whirlwind+1","floor":24}],"player_experience":160954,"relics_obtained":[{"floor":6,"key":"Darkstone Periapt"},{"floor":8,"key":"Dream Catcher"},{"floor":9,"key":"Bag of Preparation"},{"floor":10,"key":"Du-Vu Doll"},{"floor":24,"key":"Molten Egg 2"},{"floor":26,"key":"FossilizedHelix"}],"event_choices":[{"damage_healed":0,"gold_gain":0,"player_choice":"Success","damage_taken":3,"relics_obtained":["Pear"],"max_hp_gain":0,"max_hp_loss":0,"event_name":"Scrap Ooze","floor":3,"gold_loss":0},{"damage_healed":0,"gold_gain":175,"player_choice":"AGREE","damage_taken":0,"max_hp_gain":0,"max_hp_loss":0,"event_name":"Liars Game","floor":5,"gold_loss":0,"cards_obtained":["Doubt"]},{"damage_healed":0,"gold_gain":0,"player_choice":"Became a Ghost","damage_taken":0,"max_hp_gain":0,"max_hp_loss":45,"event_name":"Ghosts","floor":20,"gold_loss":0,"cards_obtained":["Ghostly","Ghostly","Ghostly","Ghostly","Ghostly"]},{"damage_healed":0,"gold_gain":0,"player_choice":"Opened","damage_taken":0,"relics_obtained":["Sundial"],"max_hp_gain":0,"max_hp_loss":0,"event_name":"The Mausoleum","floor":27,"gold_loss":0},{"damage_healed":0,"gold_gain":0,"player_choice":"Became a vampire","damage_taken":0,"max_hp_gain":0,"max_hp_loss":14,"event_name":"Vampires","floor":28,"gold_loss":0,"cards_obtained":["Bite","Bite","Bite","Bite","Bite"]}],"is_beta":false,"boss_relics":[{"not_picked":["Pandora\u0027s Box","Black Star"],"picked":"Philosopher\u0027s Stone"}],"items_purged_floors":[4,11,19],"is_endless":false,"potions_floor_spawned":[2,12,16,18,21],"killed_by":"Cultist and Chosen","ascension_level":1}