{"gold_per_floor":[360,360,376,1,18,18,53,65,65,76,76,106,106,6,6,6],"floor_reached":16,"playtime":1308,"items_purged":["Strike_G","Strike_G"],"score":116,"play_id":"9d08421a-b933-4568-8f8d-d3fd9d8bf7f3","local_time":"20181219183744","is_ascension_mode":true,"campfire_choices":[{"data":"Neutralize","floor":6,"key":"SMITH"},{"data":"Footwork","floor":11,"key":"SMITH"},{"data":"Footwork","floor":13,"key":"SMITH"},{"floor":15,"key":"REST"}],"neow_cost":"TEN_PERCENT_HP_LOSS","seed_source_timestamp":32491518189572,"circlet_count":0,"master_deck":["Defend_G","Defend_G","Defend_G","Defend_G","Defend_G","Strike_G","Strike_G","Strike_G","Survivor","Neutralize+1","Dash","Prepared","Footwork+1","Flying Knee","Footwork+1","Ball Lightning","Rebound"],"relics":["Ring of the Snake","PrismaticShard","Oddly Smooth Stone","Pear","Letter Opener"],"potions_floor_usage":[7,10],"damage_taken":[{"damage":11,"enemies":"Jaw Worm","floor":1,"turns":4},{"damage":0,"enemies":"Cultist","floor":3,"turns":4},{"damage":0,"enemies":"2 Louse","floor":5,"turns":2},{"damage":36,"enemies":"3 Sentries","floor":7,"turns":10},{"damage":3,"enemies":"Gremlin Gang","floor":8,"turns":8},{"damage":3,"enemies":"Large Slime","floor":10,"turns":7},{"damage":3,"enemies":"Lagavulin","floor":12,"turns":8},{"damage":41,"enemies":"Slime Boss","floor":16,"turns":17}],"seed_played":"3549581097703124951","potions_obtained":[{"floor":5,"key":"Strength Potion"},{"floor":8,"key":"Fire Potion"}],"is_trial":false,"path_per_floor":["M","?","M","$","M","R","E","M","T","M","R","E","R","$","R","B"],"character_chosen":"THE_SILENT","items_purchased":["PrismaticShard","Flying Knee","Footwork"],"campfire_rested":1,"item_purchase_floors":[4,4,4],"current_hp_per_floor":[52,52,52,52,52,52,16,13,23,20,20,17,17,17,38,0],"gold":6,"neow_bonus":"TWO_FIFTY_GOLD","is_prod":false,"is_daily":false,"chose_seed":false,"campfire_upgraded":3,"win_rate":0,"timestamp":1545269864,"path_taken":["M","?","M","$","M","R","E","M","T","?","R","E","R","$","R","BOSS"],"build_version":"2018-12-13","purchased_purges":2,"victory":false,"max_hp_per_floor":[63,63,63,63,63,63,63,63,73,73,73,73,73,73,73,73],"card_choices":[{"not_picked":["Sucker Punch","Dagger Throw"],"picked":"Dash","floor":1},{"not_picked":["Dagger Spray","PiercingWail","Cloak And Dagger"],"picked":"SKIP","floor":3},{"not_picked":["Barrage","Dropkick","Lockon"],"picked":"SKIP","floor":5},{"not_picked":["Steam Power","Combust","Dark Embrace"],"picked":"SKIP","floor":7},{"not_picked":["Flying Knee","Clash"],"picked":"Ball Lightning","floor":8},{"not_picked":["Capacitor","Consume"],"picked":"Rebound","floor":10},{"not_picked":["Havoc","Perfected Strike","Reckless Charge"],"picked":"SKIP","floor":12}],"player_experience":112653,"relics_obtained":[{"floor":7,"key":"Oddly Smooth Stone"},{"floor":9,"key":"Pear"},{"floor":12,"key":"Letter Opener"}],"event_choices":[{"damage_healed":0,"gold_gain":0,"player_choice":"2 cards matched","damage_taken":0,"max_hp_gain":0,"max_hp_loss":0,"event_name":"Match and Keep!","floor":2,"gold_loss":0,"cards_obtained":["Prepared","Footwork"]}],"is_beta":false,"boss_relics":[],"items_purged_floors":[4,14],"is_endless":false,"potions_floor_spawned":[5,8],"killed_by":"Slime Boss","ascension_level":1}