{"path_per_floor":["M","M","M","?","?","R","E","R","T","E","R","M","?","M","R","B",null,"M","?","?","$","?","E","R","M","T","$","R","?","R","M","R","B",null,"M","?","T","M"],"character_chosen":"DEFECT","items_purchased":["Gash","Magnetism"],"gold_per_floor":[112,127,143,143,143,143,176,176,203,258,258,275,305,317,317,416,416,427,427,427,352,352,379,379,394,394,21,21,21,21,41,41,136,136,151,151,204,219,219],"floor_reached":39,"campfire_rested":2,"playtime":6390,"current_hp_per_floor":[21,21,21,75,75,75,57,57,57,32,32,32,32,29,66,1,75,69,55,55,55,55,67,67,61,61,61,61,61,61,49,80,16,80,80,80,80,46,0],"items_purged":["Strike_B","Strike_B"],"gold":219,"score":516,"play_id":"db648717-1e69-46ad-94cf-0f22a2bc531d","local_time":"20180510120253","is_prod":false,"is_daily":false,"chose_seed":false,"is_ascension_mode":true,"campfire_upgraded":6,"timestamp":1525946573,"path_taken":["M","M","M","?","?","R","E","R","T","E","R","M","?","M","R","BOSS","M","?","?","$","?","E","R","M","T","$","R","?","R","M","R","BOSS","M","?","?","?","M"],"build_version":"2018-05-08","seed_source_timestamp":2756484140761551,"purchased_purges":2,"victory":false,"master_deck":["Strike_B","Strike_B","Defend_B","Defend_B","Defend_B","Defend_B","Zap+1","Dualcast+1","Reboot","FTL","Scrape+1","Beam Cell","Gash+1","Go for the Eyes","Reprogram","Beam Cell+1","Reboot","Scrape+1","Gash+1","Axe Kick","Machine Learning+1","Beam Cell"],"max_hp_per_floor":[75,75,75,75,75,75,75,75,75,75,75,75,75,75,75,75,75,75,80,80,80,80,80,80,80,80,80,80,80,80,80,80,80,80,80,80,80,80,80],"relics":["Cracked Core","Regal Pillow","Ancient Tea Set","Tiny Chest","DataDisk","Orrery","Bronze Scales","Frozen Egg 2","Black Star","Orichalcum"],"card_choices":[{"not_picked":["Meteor Strike","Rainbow"],"picked":"Reboot","floor":0},{"not_picked":["Capacitor","Steam"],"picked":"FTL","floor":1},{"not_picked":["Capacitor","Turbo"],"picked":"Scrape","floor":10},{"not_picked":["Hologram","FTL"],"picked":"Beam Cell","floor":17},{"not_picked":["Leap","Ball Lightning"],"picked":"Gash","floor":17},{"not_picked":["Coolheaded","Streamline"],"picked":"Go for the Eyes","floor":17},{"not_picked":["Redo","Sweeping Beam"],"picked":"Reprogram","floor":17},{"not_picked":["Darkness","Cold Snap"],"picked":"Beam Cell","floor":18},{"not_picked":["Streamline","Sunder"],"picked":"Scrape","floor":23},{"not_picked":["Redo","Lockon"],"picked":"Axe Kick","floor":31},{"not_picked":["Echo Form","Amplify"],"picked":"Machine Learning","floor":33},{"not_picked":["Reinforced Body","Streamline"],"picked":"Beam Cell","floor":38}],"player_experience":409486,"potions_floor_usage":[7,10,16,23,23,33,33],"damage_taken":[{"damage":17,"enemies":"Small Slimes","floor":1,"turns":3},{"damage":0,"enemies":"Cultist","floor":2,"turns":2},{"damage":0,"enemies":"2 Louse","floor":3,"turns":2},{"damage":18,"enemies":"3 Sentries","floor":7,"turns":5},{"damage":25,"enemies":"Lagavulin","floor":10,"turns":6},{"damage":0,"enemies":"2 Fungi Beasts","floor":12,"turns":2},{"damage":3,"enemies":"Blue Slaver","floor":14,"turns":2},{"damage":65,"enemies":"The Guardian","floor":16,"turns":10},{"damage":6,"enemies":"3 Byrds","floor":18,"turns":4},{"damage":0,"enemies":"Gremlin Leader","floor":23,"turns":6},{"damage":6,"enemies":"2 Thieves","floor":25,"turns":2},{"damage":12,"enemies":"Snake Plant","floor":31,"turns":1},{"damage":73,"enemies":"Automaton","floor":33,"turns":7},{"damage":0,"enemies":"Flame Bruiser 1 Orb","floor":35,"turns":2},{"damage":34,"enemies":"3 Darklings","floor":38,"turns":6},{"damage":51,"enemies":"Maw","floor":39,"turns":5}],"event_choices":[{"event_name":"Wheel of Change","player_choice":"Full Heal","floor":4,"damage_taken":0},{"event_name":"The Lab","player_choice":"Got Potions","floor":5,"damage_taken":0},{"event_name":"Dead Adventurer","player_choice":"Searched \u00272\u0027 times","floor":13,"damage_taken":0},{"event_name":"Forgotten Altar","player_choice":"Shed Blood","floor":19,"damage_taken":0},{"event_name":"Duplicator","player_choice":"One dupe","floor":20,"damage_taken":0},{"event_name":"Cursed Tome","player_choice":"Ignored","floor":22,"damage_taken":0},{"event_name":"Beggar","player_choice":"Ignored","floor":29,"damage_taken":0}],"boss_relics":[{"not_picked":["Astrolabe","Pandora\u0027s Box"],"picked":"Orrery"},{"not_picked":["Calling Bell","Runic Pyramid"],"picked":"Black Star"}],"potions_floor_spawned":[2,12,14,25,31,33,35,38],"seed_played":"-1021983121943723857","killed_by":"Maw","ascension_level":4,"is_trial":false}