{"gold_per_floor":[109,119,134,59,77,77,108,108,108,125,153,153,228,228,228,228],"floor_reached":16,"playtime":688,"items_purged":["Strike_R"],"score":166,"play_id":"6020030c-6ac9-40b4-a489-c256955d415a","local_time":"20181221075018","is_ascension_mode":true,"campfire_choices":[{"data":"Feed","floor":6,"key":"SMITH"},{"data":"Feed","floor":8,"key":"SMITH"},{"floor":12,"key":"REST"},{"data":"Hemokinesis","floor":15,"key":"SMITH"}],"neow_cost":"NONE","seed_source_timestamp":167073722175655,"circlet_count":0,"master_deck":["Strike_R","Strike_R","Strike_R","Defend_R","Defend_R","Defend_R","Defend_R","Bash","Feed+1","Hemokinesis+1","Hemokinesis","Shrug It Off","Feed+1","True Grit"],"relics":["Burning Blood","Bottled Flame","Pear","Letter Opener"],"potions_floor_usage":[7,11,16],"damage_taken":[{"damage":0,"enemies":"Cultist","floor":1,"turns":2},{"damage":3,"enemies":"2 Louse","floor":2,"turns":2},{"damage":15,"enemies":"Jaw Worm","floor":3,"turns":4},{"damage":23,"enemies":"Red Slaver","floor":5,"turns":4},{"damage":20,"enemies":"Gremlin Nob","floor":7,"turns":3},{"damage":24,"enemies":"Large Slime","floor":10,"turns":7},{"damage":54,"enemies":"3 Sentries","floor":11,"turns":8},{"damage":35,"enemies":"The Guardian","floor":16,"turns":7}],"seed_played":"-7987526069282704080","potions_obtained":[{"floor":1,"key":"Poison Potion"},{"floor":5,"key":"FearPotion"},{"floor":11,"key":"Ancient Potion"}],"is_trial":false,"path_per_floor":["M","M","M","$","M","R","E","R","T","M","E","R","?","?","R","B"],"character_chosen":"IRONCLAD","items_purchased":[],"campfire_rested":1,"item_purchase_floors":[],"current_hp_per_floor":[83,86,80,80,66,66,56,56,66,56,16,52,41,34,34,0],"gold":228,"neow_bonus":"ONE_RANDOM_RARE_CARD","is_prod":false,"is_daily":false,"chose_seed":false,"campfire_upgraded":3,"win_rate":0,"timestamp":1545403818,"path_taken":["M","M","M","$","M","R","E","R","T","M","E","R","?","?","R","BOSS"],"build_version":"2018-12-20","purchased_purges":1,"victory":false,"max_hp_per_floor":[83,86,89,89,92,92,96,96,106,114,122,122,122,122,122,122],"card_choices":[{"not_picked":["Battle Trance","Infernal Blade","Clothesline"],"picked":"SKIP","floor":1},{"not_picked":["Sword Boomerang","Pommel Strike"],"picked":"Hemokinesis","floor":2},{"not_picked":["Body Slam","Twin Strike"],"picked":"Hemokinesis","floor":3},{"not_picked":["Cleave","Body Slam"],"picked":"Shrug It Off","floor":5},{"not_picked":["True Grit","Heavy Blade"],"picked":"Feed","floor":7},{"not_picked":["Wild Strike","Pommel Strike","Clash"],"picked":"SKIP","floor":10},{"not_picked":["Wild Strike","Pommel Strike","Clash"],"picked":"SKIP","floor":10},{"not_picked":["Heavy Blade","Pommel Strike"],"picked":"True Grit","floor":11}],"player_experience":157499,"relics_obtained":[{"floor":7,"key":"Bottled Flame"},{"floor":9,"key":"Pear"},{"floor":11,"key":"Letter Opener"}],"event_choices":[{"damage_healed":0,"gold_gain":75,"player_choice":"Gather Gold","damage_taken":11,"max_hp_gain":0,"max_hp_loss":0,"event_name":"World of Goop","floor":13,"gold_loss":0},{"cards_removed":["Strike_R"],"damage_healed":0,"gold_gain":0,"player_choice":"Card Removal","damage_taken":7,"max_hp_gain":0,"max_hp_loss":0,"event_name":"Golden Wing","floor":14,"gold_loss":0}],"is_beta":false,"boss_relics":[],"items_purged_floors":[4],"is_endless":false,"potions_floor_spawned":[1,5,11],"killed_by":"The Guardian","ascension_level":1}