{"gold_per_floor":[119,135,135,155,1,35,35,70,70,87,12,24,24,40,40,140,140,152,167,167,217,234,234,234],"floor_reached":24,"playtime":1418,"items_purged":["Writhe"],"score":306,"play_id":"94e833fe-6067-4d6c-b299-b1fec9ec886c","local_time":"20190725184458","is_ascension_mode":true,"campfire_choices":[{"data":"Uppercut","floor":7,"key":"SMITH"},{"floor":13,"key":"REST"},{"data":"True Grit","floor":15,"key":"SMITH"},{"floor":23,"key":"REST"}],"neow_cost":"CURSE","seed_source_timestamp":212063774471445,"circlet_count":0,"master_deck":["Strike_R","Strike_R","Strike_R","Strike_R","Strike_R","Defend_R","Defend_R","Defend_R","Defend_R","Bash","Uppercut+1","Shrug It Off","Whirlwind","Feel No Pain","Sword Boomerang","Dual Wield","True Grit+1","Feed","Dark Embrace","Blood for Blood","Twin Strike+1"],"relics":["Burning Blood","Vajra","Strawberry","Bottled Lightning","Lantern","Sozu","Bird Faced Urn"],"potions_floor_usage":[8,10,12,16,19],"damage_taken":[{"damage":10,"enemies":"2 Louse","floor":1,"turns":3},{"damage":9,"enemies":"Cultist","floor":2,"turns":4},{"damage":2,"enemies":"Small Slimes","floor":4,"turns":4},{"damage":27,"enemies":"Gremlin Nob","floor":6,"turns":5},{"damage":32,"enemies":"3 Sentries","floor":8,"turns":5},{"damage":8,"enemies":"Gremlin Gang","floor":10,"turns":6},{"damage":5,"enemies":"Blue Slaver","floor":12,"turns":2},{"damage":16,"enemies":"2 Fungi Beasts","floor":14,"turns":3},{"damage":76,"enemies":"Hexaghost","floor":16,"turns":11},{"damage":22,"enemies":"Shell Parasite","floor":18,"turns":5},{"damage":4,"enemies":"Chosen","floor":19,"turns":4},{"damage":37,"enemies":"Centurion and Healer","floor":22,"turns":7},{"damage":67,"enemies":"Gremlin Leader","floor":24,"turns":7}],"seed_played":"-2016026871512329462","potions_obtained":[{"floor":3,"key":"FearPotion"},{"floor":3,"key":"Block Potion"},{"floor":3,"key":"AttackPotion"},{"floor":6,"key":"BloodPotion"},{"floor":10,"key":"AttackPotion"},{"floor":16,"key":"BloodPotion"}],"is_trial":false,"path_per_floor":["M","M","?","M","$","E","R","E","T","M","$","M","R","M","R","B",null,"M","M","?","?","M","R","E"],"character_chosen":"IRONCLAD","items_purchased":["Vajra"],"campfire_rested":2,"item_purchase_floors":[5],"current_hp_per_floor":[84,81,81,85,85,71,71,70,70,68,68,69,99,89,89,22,85,69,100,100,100,71,103,40],"gold":234,"neow_bonus":"TWENTY_PERCENT_HP_BONUS","is_prod":false,"is_daily":false,"chose_seed":false,"campfire_upgraded":2,"win_rate":0,"timestamp":1564076698,"path_taken":["M","M","?","M","$","E","R","E","T","M","$","?","R","M","R","BOSS","M","M","?","?","?","R","E"],"build_version":"2019-07-05","purchased_purges":1,"victory":false,"max_hp_per_floor":[96,96,96,96,96,103,103,103,103,103,103,103,103,103,103,106,106,106,109,109,109,109,109,109],"card_choices":[{"not_picked":["Havoc","Twin Strike"],"picked":"Uppercut","floor":1},{"not_picked":["Hemokinesis","Anger"],"picked":"Shrug It Off","floor":2},{"not_picked":["Iron Wave","Warcry"],"picked":"Whirlwind","floor":4},{"not_picked":["Evolve","Sever Soul"],"picked":"Feel No Pain","floor":6},{"not_picked":["Cleave","Ghostly Armor"],"picked":"Sword Boomerang","floor":8},{"not_picked":["Thunderclap","Perfected Strike"],"picked":"Dual Wield","floor":10},{"not_picked":["Evolve","Anger"],"picked":"True Grit","floor":12},{"not_picked":["Searing Blow","Carnage"],"picked":"Feed","floor":14},{"not_picked":["Feed","Immolate"],"picked":"Dark Embrace","floor":16},{"not_picked":["Power Through+1","Heavy Blade","Body Slam"],"picked":"SKIP","floor":18},{"not_picked":["Flex","Power Through+1"],"picked":"Blood for Blood","floor":19},{"not_picked":["Corruption","Armaments"],"picked":"Twin Strike+1","floor":22}],"player_experience":161968,"relics_obtained":[{"floor":6,"key":"Strawberry"},{"floor":8,"key":"Bottled Lightning"},{"floor":9,"key":"Lantern"}],"event_choices":[{"damage_healed":0,"gold_gain":0,"player_choice":"Got Potions","damage_taken":0,"max_hp_gain":0,"max_hp_loss":0,"event_name":"Lab","floor":3,"gold_loss":0},{"damage_healed":0,"gold_gain":0,"player_choice":"Opened","damage_taken":0,"relics_obtained":["Bird Faced Urn"],"max_hp_gain":0,"max_hp_loss":0,"event_name":"The Mausoleum","floor":20,"gold_loss":0},{"damage_healed":0,"gold_gain":100,"player_choice":"Bet on Murderer","damage_taken":0,"max_hp_gain":0,"max_hp_loss":0,"event_name":"The Joust","floor":21,"gold_loss":50}],"is_beta":false,"boss_relics":[{"not_picked":["Coffee Dripper","Runic Dome"],"picked":"Sozu"}],"items_purged_floors":[11],"is_endless":false,"potions_floor_spawned":[4,6,10,16,19,22],"killed_by":"Gremlin Leader","ascension_level":7}