{"gold_per_floor":[114,114,114,133,83,83,99,130,130,16,16,16,51,72,72,200,200,225,244,267,12,28,28,28,52,99,113,113,113,113,136,136,261,261,284,299,299],"floor_reached":37,"playtime":1842,"items_purged":[],"score":476,"play_id":"bb242b9f-37ab-4db7-bab5-f80ca8203511","local_time":"20190201202040","is_ascension_mode":true,"campfire_choices":[{"data":"Thunderclap","floor":6,"key":"SMITH"},{"floor":12,"key":"REST"},{"floor":15,"key":"REST"},{"floor":23,"key":"REST"},{"floor":28,"key":"REST"},{"data":"Pommel Strike","floor":29,"key":"SMITH"},{"data":"Rage","floor":30,"key":"SMITH"},{"data":"Limit Break","floor":32,"key":"SMITH"}],"neow_cost":"NONE","seed_source_timestamp":403819072378332,"circlet_count":0,"master_deck":["Strike_R","Strike_R","Strike_R+1","Defend_R","Defend_R","Defend_R","Defend_R","Bash+1","Thunderclap+1","Pommel Strike","Pommel Strike+1","Rage+1","Dual Wield","Shockwave","Limit Break+1","Dropkick","Shrug It Off","Berserk","Second Wind"],"relics":["Burning Blood","NeowsBlessing","Golden Idol","Shuriken","WingedGreaves","Busted Crown","Membership Card","Lantern","Sozu"],"potions_floor_usage":[8,14,16,25,33,33],"damage_taken":[{"damage":0,"enemies":"2 Louse","floor":1,"turns":1},{"damage":0,"enemies":"Jaw Worm","floor":4,"turns":1},{"damage":0,"enemies":"Cultist","floor":7,"turns":1},{"damage":40,"enemies":"Lagavulin","floor":8,"turns":6},{"damage":27,"enemies":"Gremlin Nob","floor":13,"turns":4},{"damage":10,"enemies":"Gremlin Gang","floor":14,"turns":3},{"damage":40,"enemies":"Hexaghost","floor":16,"turns":9},{"damage":21,"enemies":"Spheric Guardian","floor":18,"turns":4},{"damage":3,"enemies":"Chosen","floor":19,"turns":3},{"damage":14,"enemies":"Centurion and Healer","floor":20,"turns":7},{"damage":18,"enemies":"Cultist and Chosen","floor":22,"turns":5},{"damage":38,"enemies":"Snake Plant","floor":25,"turns":5},{"damage":20,"enemies":"3 Cultists","floor":27,"turns":5},{"damage":1,"enemies":"Centurion and Healer","floor":31,"turns":4},{"damage":41,"enemies":"Champ","floor":33,"turns":9},{"damage":13,"enemies":"3 Darklings","floor":35,"turns":6},{"damage":30,"enemies":"3 Shapes","floor":36,"turns":5},{"damage":34,"enemies":"Writhing Mass","floor":37,"turns":5}],"seed_played":"-3570740943561841526","potions_obtained":[{"floor":1,"key":"LiquidBronze"},{"floor":8,"key":"Ancient Potion"},{"floor":14,"key":"FearPotion"},{"floor":22,"key":"Regen Potion"},{"floor":25,"key":"SkillPotion"},{"floor":31,"key":"Swift Potion"}],"is_trial":false,"path_per_floor":["M","?","?","M","?","R","M","E","T","$","?","R","E","M","R","B",null,"M","M","M","$","M","R","$","M","T","M","R","R","R","M","R","B",null,"M","M","M"],"character_chosen":"IRONCLAD","items_purchased":["Rage","Dual Wield","Membership Card","Dropkick","Shrug It Off"],"campfire_rested":4,"item_purchase_floors":[10,10,21,21,21],"current_hp_per_floor":[80,60,44,50,50,50,56,22,22,22,22,46,25,21,45,11,63,48,51,43,43,31,55,55,37,37,23,47,47,47,52,52,17,64,57,33,0],"gold":299,"neow_bonus":"THREE_ENEMY_KILL","is_prod":false,"is_daily":false,"chose_seed":false,"campfire_upgraded":4,"win_rate":0,"timestamp":1549077640,"path_taken":["M","?","?","M","?","R","?","E","T","$","?","R","E","?","R","BOSS","M","M","?","$","M","R","?","M","T","M","R","R","R","M","R","BOSS","M","M","M"],"build_version":"2019-01-23","purchased_purges":0,"victory":false,"max_hp_per_floor":[80,80,80,80,80,80,80,80,80,80,80,80,80,80,80,80,80,80,80,80,80,80,80,80,80,80,80,80,80,80,80,80,80,80,80,80,80],"card_choices":[{"not_picked":["Bloodletting","Intimidate","Twin Strike"],"picked":"SKIP","floor":1},{"not_picked":["Havoc","Twin Strike"],"picked":"Thunderclap","floor":4},{"not_picked":["True Grit","Flex"],"picked":"Pommel Strike","floor":7},{"not_picked":["Rampage","Armaments"],"picked":"Pommel Strike","floor":8},{"not_picked":["Impervious","Twin Strike","Reckless Charge"],"picked":"SKIP","floor":13},{"not_picked":["Body Slam","Spot Weakness"],"picked":"Shockwave","floor":14},{"not_picked":["Feed","Fiend Fire"],"picked":"Limit Break","floor":16},{"not_picked":["Cleave"],"picked":"SKIP","floor":18},{"not_picked":["Body Slam"],"picked":"SKIP","floor":19},{"not_picked":["Reckless Charge+1"],"picked":"SKIP","floor":20},{"not_picked":["Flex"],"picked":"SKIP","floor":22},{"not_picked":["Iron Wave"],"picked":"SKIP","floor":25},{"not_picked":["Body Slam"],"picked":"SKIP","floor":27},{"not_picked":["Thunderclap+1"],"picked":"SKIP","floor":31},{"not_picked":[],"picked":"Berserk","floor":33},{"not_picked":["Anger"],"picked":"SKIP","floor":35},{"not_picked":[],"picked":"Second Wind","floor":36}],"player_experience":353741,"relics_obtained":[{"floor":8,"key":"Shuriken"},{"floor":13,"key":"WingedGreaves"},{"floor":26,"key":"Lantern"}],"event_choices":[{"damage_healed":0,"gold_gain":0,"player_choice":"Take Damage","damage_taken":20,"relics_obtained":["Golden Idol"],"max_hp_gain":0,"max_hp_loss":0,"event_name":"Golden Idol","floor":2,"gold_loss":0},{"damage_healed":0,"gold_gain":0,"player_choice":"Entered Light","damage_taken":16,"max_hp_gain":0,"max_hp_loss":0,"event_name":"Shining Light","floor":3,"gold_loss":0,"cards_upgraded":["Strike_R","Bash"]},{"cards_removed":["Strike_R"],"damage_healed":0,"gold_gain":0,"player_choice":"Card Removal","damage_taken":0,"max_hp_gain":0,"max_hp_loss":0,"event_name":"The Cleric","floor":5,"gold_loss":50},{"cards_removed":["Strike_R"],"damage_healed":0,"gold_gain":0,"player_choice":"Purged","damage_taken":0,"max_hp_gain":0,"max_hp_loss":0,"event_name":"Purifier","floor":11,"gold_loss":0}],"is_beta":false,"boss_relics":[{"not_picked":["Lizard Tail","Fusion Hammer"],"picked":"Busted Crown"},{"not_picked":["Eternal Feather","Pandora\u0027s Box"],"picked":"Sozu"}],"items_purged_floors":[],"is_endless":false,"potions_floor_spawned":[1,8,14,22,25,31,35,36],"killed_by":"Writhing Mass","ascension_level":5}