{"gold_per_floor":[118,118,118,130,145,180,180,215,215,215,229,229,229,253,253,383,383,396,596,612,26,46,46,46,46],"floor_reached":25,"playtime":1225,"items_purged":["Strike_G"],"score":222,"play_id":"e36c9be3-90f8-41ae-9d92-7a29a6a36050","local_time":"20181230223555","is_ascension_mode":true,"campfire_choices":[{"data":"Finisher","floor":7,"key":"SMITH"},{"floor":12,"key":"REST"},{"floor":15,"key":"REST"},{"floor":23,"key":"REST"}],"neow_cost":"TEN_PERCENT_HP_LOSS","seed_source_timestamp":46490288288930,"circlet_count":0,"master_deck":["Defend_G","Defend_G","Defend_G+1","Defend_G","Strike_G","Strike_G+1","Strike_G+1","Strike_G","Survivor","Neutralize+1","Dagger Throw","Finisher+1","Backflip","Acrobatics","Dagger Throw","Injury","Deadly Poison","Burst","Bane","Infinite Blades","Panache","Poisoned Stab"],"relics":["Ring of the Serpent","Du-Vu Doll","Whetstone","The Specimen","Mercury Hourglass","Shovel","Golden Idol","Torii","Frozen Egg 2"],"potions_floor_usage":[6,8,16,25,25],"damage_taken":[{"damage":0,"enemies":"2 Louse","floor":1,"turns":4},{"damage":0,"enemies":"Small Slimes","floor":4,"turns":3},{"damage":0,"enemies":"Jaw Worm","floor":5,"turns":3},{"damage":6,"enemies":"Gremlin Nob","floor":6,"turns":3},{"damage":26,"enemies":"Lagavulin","floor":8,"turns":6},{"damage":0,"enemies":"3 Louse","floor":11,"turns":2},{"damage":0,"enemies":"2 Fungi Beasts","floor":14,"turns":2},{"damage":19,"enemies":"Hexaghost","floor":16,"turns":10},{"damage":20,"enemies":"3 Byrds","floor":18,"turns":5},{"damage":21,"enemies":"Spheric Guardian","floor":20,"turns":7},{"damage":19,"enemies":"Centurion and Healer","floor":22,"turns":5},{"damage":27,"enemies":"Slavers","floor":25,"turns":1}],"seed_played":"532016486321094666","potions_obtained":[{"floor":4,"key":"SpeedPotion"},{"floor":5,"key":"Fire Potion"},{"floor":11,"key":"EssenceOfSteel"},{"floor":18,"key":"Poison Potion"},{"floor":22,"key":"Regen Potion"}],"is_trial":false,"path_per_floor":["M","?","?","M","M","E","R","E","T","?","M","R","?","M","R","B",null,"M","?","M","$","M","R","T","E"],"character_chosen":"THE_SILENT","items_purchased":["Panache","Torii","Poisoned Stab"],"campfire_rested":3,"item_purchase_floors":[21,21,21],"current_hp_per_floor":[63,56,43,43,43,37,37,11,11,4,4,22,22,22,40,21,63,43,43,22,22,3,21,21,0],"gold":46,"neow_bonus":"ONE_RARE_RELIC","is_prod":false,"is_daily":false,"chose_seed":false,"campfire_upgraded":1,"win_rate":0,"timestamp":1546234555,"path_taken":["M","?","?","?","M","E","R","E","T","?","M","R","?","M","R","BOSS","M","?","M","$","?","R","?","E"],"build_version":"2018-12-20","purchased_purges":1,"victory":false,"max_hp_per_floor":[63,63,63,63,63,63,63,63,63,63,63,63,63,63,63,63,63,63,63,63,63,63,63,63,63],"card_choices":[{"not_picked":["Riddle With Holes","Setup"],"picked":"Dagger Throw","floor":1},{"not_picked":["Deflect","Poisoned Stab","Quick Slash"],"picked":"SKIP","floor":4},{"not_picked":["Bouncing Flask","Concentrate"],"picked":"Finisher","floor":5},{"not_picked":["Catalyst","Terror"],"picked":"Backflip","floor":6},{"not_picked":["Sucker Punch","Glass Knife"],"picked":"Acrobatics","floor":8},{"not_picked":["Prepared","Flechettes"],"picked":"Dagger Throw","floor":11},{"not_picked":["Poisoned Stab","Dagger Throw"],"picked":"Deadly Poison","floor":14},{"not_picked":["Unload","Phantasmal Killer"],"picked":"Burst","floor":16},{"not_picked":["Underhanded Strike+1","Skewer"],"picked":"Bane","floor":18},{"not_picked":["Finisher","Backstab+1"],"picked":"Infinite Blades","floor":20},{"not_picked":["Cloak And Dagger","Sucker Punch","Acrobatics"],"picked":"SKIP","floor":22}],"player_experience":213819,"relics_obtained":[{"floor":6,"key":"Whetstone"},{"floor":8,"key":"The Specimen"},{"floor":9,"key":"Mercury Hourglass"},{"floor":24,"key":"Frozen Egg 2"}],"event_choices":[{"cards_removed":["Defend_G"],"damage_healed":0,"gold_gain":0,"player_choice":"Card Removal","damage_taken":7,"max_hp_gain":0,"max_hp_loss":0,"event_name":"Golden Wing","floor":2,"gold_loss":0},{"damage_healed":0,"gold_gain":0,"player_choice":"Entered Light","damage_taken":13,"max_hp_gain":0,"max_hp_loss":0,"event_name":"Shining Light","floor":3,"gold_loss":0,"cards_upgraded":["Strike_G","Defend_G"]},{"damage_healed":0,"gold_gain":0,"player_choice":"Success","damage_taken":7,"relics_obtained":["Shovel"],"max_hp_gain":0,"max_hp_loss":0,"event_name":"Scrap Ooze","floor":10,"gold_loss":0},{"damage_healed":0,"gold_gain":0,"player_choice":"Take Wound","damage_taken":0,"relics_obtained":["Golden Idol"],"max_hp_gain":0,"max_hp_loss":0,"event_name":"Golden Idol","floor":13,"gold_loss":0,"cards_obtained":["Injury"]},{"damage_healed":0,"gold_gain":200,"player_choice":"Gold","damage_taken":0,"max_hp_gain":0,"max_hp_loss":0,"event_name":"Wheel of Change","floor":19,"gold_loss":0}],"is_beta":false,"boss_relics":[{"not_picked":["Snecko Eye","Tiny House"],"picked":"Ring of the Serpent"}],"items_purged_floors":[21],"is_endless":false,"potions_floor_spawned":[4,5,11,18,22],"killed_by":"Slavers","ascension_level":1}