{"gold_per_floor":[118,118,77,91,111,111,137,0,71,105,116,116,133,152,152,152],"floor_reached":16,"playtime":765,"items_purged":[],"score":168,"play_id":"af3a122c-1450-4c6c-bf86-888d9f3320af","local_time":"20190324230937","is_ascension_mode":true,"campfire_choices":[{"data":"Uppercut","floor":6,"key":"SMITH"},{"floor":15,"key":"REST"}],"neow_cost":"TEN_PERCENT_HP_LOSS","seed_source_timestamp":92177344824322,"circlet_count":0,"master_deck":["AscendersBane","Strike_R","Strike_R","Strike_R","Strike_R","Strike_R","Defend_R","Defend_R","Bash+1","Sword Boomerang","Uppercut+1","Ghostly Armor","Feed","Metallicize","Dual Wield","Metallicize","True Grit","Barricade","Burning Pact"],"relics":["Burning Blood","Omamori","Ornamental Fan","Anchor"],"potions_floor_usage":[10,14,16],"damage_taken":[{"damage":15,"enemies":"Small Slimes","floor":1,"turns":3},{"damage":1,"enemies":"Cultist","floor":4,"turns":3},{"damage":2,"enemies":"Jaw Worm","floor":5,"turns":3},{"damage":31,"enemies":"Lagavulin","floor":7,"turns":6},{"damage":21,"enemies":"Gremlin Nob","floor":10,"turns":4},{"damage":29,"enemies":"Gremlin Gang","floor":11,"turns":7},{"damage":3,"enemies":"Blue Slaver","floor":13,"turns":4},{"damage":9,"enemies":"Exordium Thugs","floor":14,"turns":7},{"damage":68,"enemies":"Slime Boss","floor":16,"turns":10}],"seed_played":"3325218825888574538","potions_obtained":[{"floor":7,"key":"FearPotion"},{"floor":13,"key":"AttackPotion"},{"floor":14,"key":"Strength Potion"}],"is_trial":false,"path_per_floor":["M","?","$","M","M","R","E","$","T","E","M","?","M","M","R","B"],"character_chosen":"IRONCLAD","items_purchased":["Uppercut","Metallicize","Dual Wield"],"campfire_rested":1,"item_purchase_floors":[3,8,8],"current_hp_per_floor":[63,63,63,68,72,72,47,47,47,35,15,34,40,40,65,0],"gold":152,"neow_bonus":"REMOVE_TWO","is_prod":false,"is_daily":false,"chose_seed":false,"campfire_upgraded":1,"win_rate":0,"timestamp":1553494177,"path_taken":["M","?","$","M","M","R","E","?","T","E","M","?","?","M","R","BOSS"],"build_version":"2019-01-23","purchased_purges":0,"victory":false,"max_hp_per_floor":[72,72,72,72,72,72,72,72,72,75,78,78,81,84,84,84],"card_choices":[{"not_picked":["Clothesline","Clash"],"picked":"Sword Boomerang","floor":1},{"not_picked":["Clash","Perfected Strike"],"picked":"Ghostly Armor","floor":4},{"not_picked":["Warcry","Body Slam","Flex"],"picked":"SKIP","floor":5},{"not_picked":["Body Slam","Warcry"],"picked":"Feed","floor":7},{"not_picked":["Armaments","Combust"],"picked":"Metallicize","floor":10},{"not_picked":["Sentinel","Twin Strike"],"picked":"True Grit","floor":11},{"not_picked":["Warcry","Sword Boomerang"],"picked":"Barricade","floor":13},{"not_picked":["Warcry","Wild Strike"],"picked":"Burning Pact","floor":14}],"player_experience":537475,"relics_obtained":[{"floor":7,"key":"Omamori"},{"floor":9,"key":"Ornamental Fan"},{"floor":10,"key":"Anchor"}],"event_choices":[{"damage_healed":0,"gold_gain":0,"player_choice":"Upgraded","damage_taken":0,"max_hp_gain":0,"max_hp_loss":0,"event_name":"Upgrade Shrine","floor":2,"gold_loss":0,"cards_upgraded":["Bash"]},{"damage_healed":19,"gold_gain":0,"player_choice":"Healed and dodged fight","damage_taken":0,"max_hp_gain":0,"max_hp_loss":0,"event_name":"Mushrooms","floor":12,"gold_loss":0,"cards_obtained":["Parasite"]}],"is_beta":false,"boss_relics":[],"items_purged_floors":[],"is_endless":false,"potions_floor_spawned":[7,13,14],"killed_by":"Slime Boss","ascension_level":10}