{"gold_per_floor":[114,64,64,40,55,55,130,130,130,166,91,91,91,128,140,282,294,325,361,373,399,425,437,465,477,544,556],"floor_reached":27,"playtime":1456,"items_purged":["Strike_R"],"score":264,"play_id":"a169db11-f6da-4c7b-8a04-90df8134a064","local_time":"20190126221955","is_ascension_mode":true,"campfire_choices":[{"data":"Thunderclap","floor":6,"key":"SMITH"},{"data":"Shrug It Off","floor":8,"key":"SMITH"},{"data":"Flex","floor":12,"key":"SMITH"},{"data":"Defend_R","floor":15,"key":"SMITH"},{"floor":23,"key":"REST"},{"data":"Barricade","floor":25,"key":"SMITH"}],"neow_cost":"NONE","seed_source_timestamp":78026144337641,"circlet_count":0,"master_deck":["Strike_R","Defend_R","Defend_R","Defend_R","Defend_R+1","Bash","Impervious","Thunderclap+1","Shrug It Off+1","Flex+1","Blood for Blood+1","Barricade+1","Uppercut+1","Pommel Strike+1"],"relics":["Burning Blood","Golden Idol","Molten Egg 2","Bag of Preparation","MawBank","Empty Cage"],"potions_floor_usage":[22,22,27],"damage_taken":[{"damage":0,"enemies":"2 Louse","floor":1,"turns":2},{"damage":6,"enemies":"Jaw Worm","floor":5,"turns":5},{"damage":30,"enemies":"3 Sentries","floor":10,"turns":9},{"damage":0,"enemies":"Small Slimes","floor":14,"turns":2},{"damage":23,"enemies":"The Guardian","floor":16,"turns":13},{"damage":17,"enemies":"Shell Parasite","floor":18,"turns":7},{"damage":28,"enemies":"Spheric Guardian","floor":19,"turns":12},{"damage":15,"enemies":"3 Cultists","floor":21,"turns":5},{"damage":14,"enemies":"Chosen and Byrds","floor":22,"turns":8},{"damage":19,"enemies":"Snecko","floor":24,"turns":6},{"damage":29,"enemies":"Slavers","floor":27,"turns":3}],"seed_played":"4155589125544267428","potions_obtained":[{"floor":16,"key":"PowerPotion"},{"floor":21,"key":"Fire Potion"},{"floor":24,"key":"Strength Potion"}],"is_trial":false,"path_per_floor":["M","?","?","$","M","R","?","R","T","E","$","R","T","M","R","B",null,"M","M","?","M","M","R","M","R","T","E"],"character_chosen":"IRONCLAD","items_purchased":["Shrug It Off"],"campfire_rested":1,"item_purchase_floors":[4],"current_hp_per_floor":[80,80,60,60,60,60,49,49,49,25,25,25,25,31,31,14,64,53,31,31,22,14,38,25,25,25,0],"gold":556,"neow_bonus":"ONE_RANDOM_RARE_CARD","is_prod":false,"is_daily":false,"chose_seed":false,"campfire_upgraded":5,"win_rate":0,"timestamp":1548566395,"path_taken":["M","?","?","?","M","R","?","R","T","E","$","R","?","M","R","BOSS","M","M","?","M","M","R","M","R","T","E"],"build_version":"2019-01-23","purchased_purges":1,"victory":false,"max_hp_per_floor":[80,80,80,80,80,80,80,80,80,80,80,80,80,80,80,80,80,80,80,80,80,80,80,80,80,80,80],"card_choices":[{"not_picked":["Flame Barrier","Carnage"],"picked":"Thunderclap","floor":1},{"not_picked":["Havoc","Perfected Strike","Headbutt"],"picked":"SKIP","floor":5},{"not_picked":["Anger+1","Second Wind"],"picked":"Flex","floor":10},{"not_picked":["Sword Boomerang+1","Iron Wave+1"],"picked":"Blood for Blood+1","floor":14},{"not_picked":["Exhume","Juggernaut"],"picked":"Barricade","floor":16},{"not_picked":["Havoc+1","Sentinel","Rage"],"picked":"SKIP","floor":18},{"not_picked":["Headbutt+1","Heavy Blade+1","Rage"],"picked":"SKIP","floor":19},{"not_picked":["Battle Trance","Twin Strike+1","Anger+1"],"picked":"SKIP","floor":21},{"not_picked":["Pommel Strike+1","Clothesline+1"],"picked":"Uppercut+1","floor":22},{"not_picked":["Headbutt+1","Anger+1"],"picked":"Pommel Strike+1","floor":24}],"player_experience":321087,"relics_obtained":[{"floor":9,"key":"Molten Egg 2"},{"floor":10,"key":"Bag of Preparation"},{"floor":13,"key":"MawBank"}],"event_choices":[{"cards_removed":["Strike_R"],"damage_healed":0,"gold_gain":0,"player_choice":"Card Removal","damage_taken":0,"max_hp_gain":0,"max_hp_loss":0,"event_name":"The Cleric","floor":2,"gold_loss":50},{"damage_healed":0,"gold_gain":0,"player_choice":"Take Damage","damage_taken":20,"relics_obtained":["Golden Idol"],"max_hp_gain":0,"max_hp_loss":0,"event_name":"Golden Idol","floor":3,"gold_loss":0},{"damage_healed":0,"gold_gain":75,"player_choice":"Gather Gold","damage_taken":11,"max_hp_gain":0,"max_hp_loss":0,"event_name":"World of Goop","floor":7,"gold_loss":0},{"damage_healed":0,"gold_gain":0,"player_choice":"Ignored","damage_taken":0,"max_hp_gain":0,"max_hp_loss":0,"event_name":"Vampires","floor":20,"gold_loss":0}],"is_beta":false,"boss_relics":[{"not_picked":["White Beast Statue","Runic Cube"],"picked":"Empty Cage"}],"items_purged_floors":[11],"is_endless":false,"potions_floor_spawned":[16,21,24],"killed_by":"Slavers","ascension_level":5}