{"gold_per_floor":[210,224,184,92,106,133,133,150,150,150,183,202,55,71,71,170,170,187,187,187,200,220,220,248,248,248,248],"floor_reached":27,"playtime":2049,"items_purged":[],"score":268,"play_id":"56d8df7e-ce39-471e-b011-b0d837b02ff1","local_time":"20190705180425","is_ascension_mode":false,"campfire_choices":[{"floor":7,"key":"REST"},{"data":"Pommel Strike","floor":10,"key":"SMITH"},{"data":"Rage","floor":15,"key":"SMITH"},{"floor":23,"key":"REST"}],"neow_cost":"NONE","seed_source_timestamp":721561358395970,"circlet_count":0,"master_deck":["Strike_R","Strike_R","Strike_R","Strike_R","Strike_R","Defend_R","Defend_R","Defend_R","Defend_R","Bash","Clash","Dropkick","Pommel Strike+1","Blood for Blood","Clash","Rage+1","Headbutt","Pommel Strike","Dropkick","Offering","Bludgeon","Clash","Clash","Armaments+1","Writhe"],"relics":["Burning Blood","Sundial","Question Card","Mummified Hand","Regal Pillow","White Beast Statue","MutagenicStrength","Matryoshka","Shovel","Bag of Preparation","Boot"],"potions_floor_usage":[6,6,14,16,24,24,27,27],"damage_taken":[{"damage":6,"enemies":"Cultist","floor":1,"turns":4},{"damage":13,"enemies":"2 Louse","floor":2,"turns":3},{"damage":6,"enemies":"Small Slimes","floor":5,"turns":3},{"damage":22,"enemies":"3 Sentries","floor":6,"turns":6},{"damage":10,"enemies":"Looter","floor":8,"turns":2},{"damage":14,"enemies":"Gremlin Nob","floor":11,"turns":3},{"damage":2,"enemies":"Blue Slaver","floor":12,"turns":2},{"damage":0,"enemies":"2 Fungi Beasts","floor":14,"turns":2},{"damage":32,"enemies":"Slime Boss","floor":16,"turns":10},{"damage":17,"enemies":"3 Byrds","floor":18,"turns":6},{"damage":6,"enemies":"Spheric Guardian","floor":21,"turns":2},{"damage":20,"enemies":"Centurion and Healer","floor":22,"turns":4},{"damage":31,"enemies":"Slavers","floor":24,"turns":5},{"damage":67,"enemies":"Gremlin Leader","floor":27,"turns":3}],"seed_played":"1329166176637058756","potions_obtained":[{"floor":3,"key":"Ancient Potion"},{"floor":3,"key":"Strength Potion"},{"floor":3,"key":"AttackPotion"},{"floor":6,"key":"Energy Potion"},{"floor":8,"key":"Ancient Potion"},{"floor":14,"key":"Dexterity Potion"},{"floor":16,"key":"Regen Potion"},{"floor":22,"key":"Explosive Potion"},{"floor":24,"key":"EssenceOfSteel"}],"is_trial":false,"path_per_floor":["M","M","?","$","M","E","R","M","T","R","E","M","$","M","R","B",null,"M","?","?","M","M","R","E","?","T","E"],"character_chosen":"IRONCLAD","items_purchased":["Pommel Strike","Blood for Blood","Regal Pillow"],"campfire_rested":2,"item_purchase_floors":[4,4,13],"current_hp_per_floor":[80,73,73,73,73,57,80,76,76,76,68,72,72,78,78,52,80,69,69,69,69,55,80,64,64,64,0],"gold":248,"neow_bonus":"HUNDRED_GOLD","is_prod":false,"is_daily":false,"chose_seed":false,"campfire_upgraded":2,"win_rate":0.0,"timestamp":1562346265,"path_taken":["M","M","?","$","?","E","R","?","T","R","E","M","$","M","R","BOSS","M","?","?","M","?","R","E","?","T","E"],"build_version":"2019-07-01","purchased_purges":0,"victory":false,"max_hp_per_floor":[80,80,80,80,80,80,80,80,80,80,80,80,80,80,80,80,80,80,80,80,80,80,80,80,80,80,80],"card_choices":[{"not_picked":["Sword Boomerang","Armaments"],"picked":"Clash","floor":1},{"not_picked":["Warcry","Iron Wave"],"picked":"Dropkick","floor":2},{"not_picked":["Sword Boomerang","Perfected Strike"],"picked":"Clash","floor":5},{"not_picked":["Infernal Blade","Seeing Red"],"picked":"Rage","floor":6},{"not_picked":["Cleave","Blood for Blood"],"picked":"Headbutt","floor":8},{"not_picked":["Burning Pact","Power Through","Iron Wave"],"picked":"Pommel Strike","floor":11},{"not_picked":["Power Through","Clothesline","Seeing Red"],"picked":"Dropkick","floor":12},{"not_picked":["Dropkick","Bloodletting","Power Through"],"picked":"Offering","floor":14},{"not_picked":["Barricade","Berserk","Fiend Fire"],"picked":"Bludgeon","floor":16},{"not_picked":["Body Slam","Warcry","Rampage"],"picked":"Clash","floor":18},{"not_picked":["Corruption","Rupture","Twin Strike+1"],"picked":"Clash","floor":21},{"not_picked":["Shrug It Off","Dark Embrace","Burning Pact","Ghostly Armor"],"picked":"SKIP","floor":22},{"not_picked":["Shrug It Off","Anger","Shockwave"],"picked":"Armaments+1","floor":24}],"player_experience":15120,"relics_obtained":[{"floor":6,"key":"Sundial"},{"floor":9,"key":"Question Card"},{"floor":11,"key":"Mummified Hand"},{"floor":24,"key":"Matryoshka"},{"floor":26,"key":"Bag of Preparation"},{"floor":26,"key":"Boot"}],"event_choices":[{"damage_healed":0,"gold_gain":0,"player_choice":"Bought 3 Potions","damage_taken":0,"max_hp_gain":0,"max_hp_loss":0,"event_name":"The Woman in Blue","floor":3,"gold_loss":0},{"damage_healed":0,"gold_gain":0,"player_choice":"Inject Mutagens","damage_taken":0,"relics_obtained":["MutagenicStrength"],"max_hp_gain":0,"max_hp_loss":0,"event_name":"Drug Dealer","floor":19,"gold_loss":0},{"damage_healed":0,"gold_gain":0,"player_choice":"Ignored","damage_taken":0,"max_hp_gain":0,"max_hp_loss":0,"event_name":"NoteForYourself","floor":20,"gold_loss":0},{"damage_healed":0,"gold_gain":0,"player_choice":"Opened","damage_taken":0,"relics_obtained":["Shovel"],"max_hp_gain":0,"max_hp_loss":0,"event_name":"The Mausoleum","floor":25,"gold_loss":0,"cards_obtained":["Writhe"]}],"is_beta":false,"boss_relics":[{"not_picked":["Runic Pyramid","Tiny House"],"picked":"White Beast Statue"}],"items_purged_floors":[],"is_endless":false,"potions_floor_spawned":[5,6,8,14,16,18,21,22,24],"killed_by":"Gremlin Leader","ascension_level":0}