{"gold_per_floor":[213,229,249,52,72,72,106,106,106,106],"floor_reached":10,"playtime":1372,"items_purged":[],"score":109,"play_id":"6ee34a7e-eb99-48c5-b42b-8cc79cb9bf37","local_time":"20190811175842","is_ascension_mode":true,"campfire_choices":[{"data":"Armaments","floor":6,"key":"SMITH"}],"neow_cost":"NONE","seed_source_timestamp":16420731782125,"circlet_count":0,"master_deck":["AscendersBane","Strike_R","Strike_R","Strike_R+1","Strike_R","Strike_R","Defend_R","Defend_R","Defend_R","Defend_R+1","Bash","Thunderclap","Disarm","Perfected Strike","Armaments+1","Inflame"],"relics":["Burning Blood","Medical Kit","Oddly Smooth Stone","Bag of Marbles"],"potions_floor_usage":[7],"damage_taken":[{"damage":6,"enemies":"Jaw Worm","floor":1,"turns":5},{"damage":4,"enemies":"2 Louse","floor":2,"turns":4},{"damage":6,"enemies":"Cultist","floor":3,"turns":3},{"damage":26,"enemies":"Exordium Wildlife","floor":5,"turns":6},{"damage":21,"enemies":"Gremlin Nob","floor":7,"turns":4},{"damage":42,"enemies":"Lagavulin","floor":10,"turns":5}],"seed_played":"5289995042051667445","potions_obtained":[{"floor":2,"key":"Regen Potion"}],"is_trial":false,"path_per_floor":["M","M","M","$","M","R","E","?","T","E"],"character_chosen":"IRONCLAD","items_purchased":["Medical Kit"],"campfire_rested":0,"item_purchase_floors":[4],"current_hp_per_floor":[72,74,74,74,54,54,51,35,35,0],"gold":106,"neow_bonus":"HUNDRED_GOLD","is_prod":false,"is_daily":false,"chose_seed":false,"campfire_upgraded":1,"win_rate":0,"timestamp":1565571522,"path_taken":["M","M","M","$","M","R","E","?","T","E"],"build_version":"2019-07-17","purchased_purges":0,"victory":false,"max_hp_per_floor":[80,80,80,80,80,80,80,80,80,80],"card_choices":[{"not_picked":["Cleave","Feel No Pain"],"picked":"Thunderclap","floor":1},{"not_picked":["Clothesline","Sword Boomerang"],"picked":"Disarm","floor":2},{"not_picked":["Clash","Havoc"],"picked":"Perfected Strike","floor":3},{"not_picked":["Flex","Warcry"],"picked":"Armaments","floor":5},{"not_picked":["Dual Wield","Armaments"],"picked":"Inflame","floor":7}],"player_experience":691412,"relics_obtained":[{"floor":7,"key":"Oddly Smooth Stone"},{"floor":9,"key":"Bag of Marbles"}],"event_choices":[{"damage_healed":0,"gold_gain":0,"player_choice":"Entered Light","damage_taken":16,"max_hp_gain":0,"max_hp_loss":0,"event_name":"Shining Light","floor":8,"gold_loss":0,"cards_upgraded":["Strike_R","Defend_R"]}],"is_beta":false,"boss_relics":[],"items_purged_floors":[],"is_endless":false,"potions_floor_spawned":[2],"killed_by":"Lagavulin","ascension_level":12}