{"gold_per_floor":[111,111,123,123,48,48,48,76,76,76,76,76,100,131,131,255,255,280,40,40,40,65,65,101,101,101,114,163,179,179,179,179,179],"floor_reached":33,"playtime":1391,"items_purged":["Strike_B"],"score":337,"play_id":"ca17434d-e0e2-440b-9b27-5d75027d28cd","local_time":"20181223023445","is_ascension_mode":true,"campfire_choices":[{"data":"Genetic Algorithm","floor":6,"key":"SMITH"},{"data":"Streamline","floor":11,"key":"SMITH"},{"floor":15,"key":"REST"},{"data":"Leap","floor":23,"key":"SMITH"},{"data":"Tempest","floor":25,"key":"SMITH"},{"data":"Bite","floor":32,"key":"SMITH"}],"neow_cost":"NONE","seed_source_timestamp":108427339177176,"circlet_count":0,"master_deck":["Defend_B","Defend_B","Defend_B","Defend_B","Zap+1","Dualcast","Redo","Leap+1","Genetic Algorithm+1","Streamline+1","Static Discharge+1","Machine Learning+1","Storm+1","Ball Lightning","Conserve Battery+1","Tempest+1","Double Energy+1","Bite+1","Bite","Bite","Bite","Bite"],"relics":["Cracked Core","NeowsBlessing","Frozen Egg 2","Shuriken","Mercury Hourglass","Bloody Idol","Odd Mushroom","Coffee Dripper","Blue Candle","Enchiridion","Ornamental Fan","Cables","Centennial Puzzle"],"potions_floor_usage":[24,24,29,33],"damage_taken":[{"damage":0,"enemies":"2 Louse","floor":1,"turns":1},{"damage":0,"enemies":"Cultist","floor":3,"turns":1},{"damage":0,"enemies":"Lagavulin","floor":8,"turns":1},{"damage":0,"enemies":"Small Slimes","floor":13,"turns":2},{"damage":16,"enemies":"The Mushroom Lair","floor":14,"turns":3},{"damage":16,"enemies":"The Guardian","floor":16,"turns":8},{"damage":22,"enemies":"2 Thieves","floor":18,"turns":3},{"damage":9,"enemies":"Shell Parasite","floor":22,"turns":2},{"damage":26,"enemies":"Slavers","floor":24,"turns":4},{"damage":0,"enemies":"Snake Plant","floor":27,"turns":2},{"damage":0,"enemies":"Centurion and Healer","floor":29,"turns":5},{"damage":25,"enemies":"Collector","floor":33,"turns":2}],"seed_played":"3800085181711231671","potions_obtained":[{"floor":8,"key":"Strength Potion"},{"floor":16,"key":"LiquidBronze"},{"floor":18,"key":"LiquidBronze"},{"floor":24,"key":"EssenceOfSteel"},{"floor":29,"key":"Energy Potion"}],"is_trial":false,"path_per_floor":["M","?","M","?","$","R","?","E","T","?","R","?","M","?","R","B",null,"M","$","?","?","M","R","E","R","T","M","T","M","?","?","R","B"],"character_chosen":"DEFECT","items_purchased":["Blue Candle"],"campfire_rested":1,"item_purchase_floors":[19],"current_hp_per_floor":[75,75,75,63,63,63,48,48,48,53,53,33,33,17,41,25,80,58,58,58,42,33,33,7,7,7,7,7,7,7,7,7,0],"gold":179,"neow_bonus":"THREE_ENEMY_KILL","is_prod":false,"is_daily":false,"chose_seed":false,"campfire_upgraded":5,"win_rate":0,"timestamp":1545557685,"path_taken":["M","?","?","?","$","R","?","E","T","?","R","?","M","?","R","BOSS","M","$","?","?","M","R","E","R","T","M","?","?","?","?","R","BOSS"],"build_version":"2018-12-20","purchased_purges":1,"victory":false,"max_hp_per_floor":[75,75,75,75,75,75,75,75,75,80,80,80,80,80,80,80,80,80,80,80,80,80,80,80,80,80,80,80,80,80,56,56,56],"card_choices":[{"not_picked":["Sweeping Beam","Hologram"],"picked":"Redo","floor":1},{"not_picked":["Sunder","Blizzard"],"picked":"Genetic Algorithm","floor":3},{"not_picked":["Steam","Sunder"],"picked":"Streamline","floor":8},{"not_picked":["Hello World+1","Sunder","Double Energy"],"picked":"SKIP","floor":13},{"not_picked":["Sunder","Steam"],"picked":"Static Discharge+1","floor":14},{"not_picked":["Rainbow","Buffer+1"],"picked":"Machine Learning+1","floor":16},{"not_picked":["Turbo+1","Sweeping Beam"],"picked":"Storm+1","floor":18},{"not_picked":["Skim","Chaos"],"picked":"Conserve Battery+1","floor":22},{"not_picked":["Streamline","Turbo"],"picked":"Tempest","floor":24},{"not_picked":["Rip and Tear","Ball Lightning","Hologram"],"picked":"SKIP","floor":27},{"not_picked":["Echo Form+1","Ball Lightning"],"picked":"Double Energy+1","floor":29}],"player_experience":180852,"relics_obtained":[{"floor":8,"key":"Shuriken"},{"floor":9,"key":"Mercury Hourglass"},{"floor":14,"key":"Odd Mushroom"},{"floor":21,"key":"Enchiridion"},{"floor":24,"key":"Ornamental Fan"},{"floor":26,"key":"Cables"},{"floor":28,"key":"Centennial Puzzle"}],"event_choices":[{"damage_healed":0,"gold_gain":0,"cards_transformed":["Strike_B"],"player_choice":"Transformed","damage_taken":0,"max_hp_gain":0,"max_hp_loss":0,"event_name":"Transmorgrifier","floor":2,"gold_loss":0,"cards_obtained":["Leap"]},{"damage_healed":0,"gold_gain":0,"player_choice":"Success","damage_taken":12,"relics_obtained":["Frozen Egg 2"],"max_hp_gain":0,"max_hp_loss":0,"event_name":"Scrap Ooze","floor":4,"gold_loss":0},{"damage_healed":0,"gold_gain":0,"player_choice":"Entered Light","damage_taken":15,"max_hp_gain":0,"max_hp_loss":0,"event_name":"Shining Light","floor":7,"gold_loss":0,"cards_upgraded":["Strike_B","Zap"]},{"damage_healed":0,"gold_gain":0,"player_choice":"Donut","damage_taken":0,"max_hp_gain":5,"max_hp_loss":0,"event_name":"Big Fish","floor":10,"gold_loss":0},{"damage_healed":0,"gold_gain":0,"player_choice":"Take Damage","damage_taken":20,"relics_obtained":["Golden Idol"],"max_hp_gain":0,"max_hp_loss":0,"event_name":"Golden Idol","floor":12,"gold_loss":0},{"damage_healed":0,"gold_gain":0,"player_choice":"Fought Mushrooms","damage_taken":0,"max_hp_gain":0,"max_hp_loss":0,"event_name":"Mushrooms","floor":14,"gold_loss":0},{"damage_healed":0,"gold_gain":0,"player_choice":"Read","damage_taken":0,"max_hp_gain":0,"max_hp_loss":0,"event_name":"The Library","floor":20,"gold_loss":0,"cards_obtained":["Ball Lightning"]},{"damage_healed":0,"gold_gain":0,"player_choice":"Obtained Book","damage_taken":16,"max_hp_gain":0,"max_hp_loss":0,"event_name":"Cursed Tome","floor":21,"gold_loss":0},{"damage_healed":0,"gold_gain":0,"player_choice":"Gave Idol","damage_taken":0,"relics_obtained":["Bloody Idol"],"max_hp_gain":0,"max_hp_loss":0,"event_name":"Forgotten Altar","floor":30,"relics_lost":["Golden Idol"],"gold_loss":0},{"damage_healed":0,"gold_gain":0,"player_choice":"Became a vampire","damage_taken":0,"max_hp_gain":0,"max_hp_loss":24,"event_name":"Vampires","floor":31,"gold_loss":0,"cards_obtained":["Bite","Bite","Bite","Bite","Bite"]}],"is_beta":false,"boss_relics":[{"not_picked":["Velvet Choker","Orrery"],"picked":"Coffee Dripper"}],"items_purged_floors":[5],"is_endless":false,"potions_floor_spawned":[8,16,18,24,29],"killed_by":"Collector","ascension_level":2}