{"gold_per_floor":[109,123,133,133,133,133,150,150,150,37,37,47,47,60,60,159,159,178,178,178,192,219,219],"floor_reached":23,"playtime":2124,"items_purged":["Defend_G"],"score":206,"play_id":"b275f9ce-064b-4f4e-873f-5d7261cf1f5a","local_time":"20181213201646","is_ascension_mode":false,"campfire_choices":[{"data":"Infinite Blades","floor":6,"key":"SMITH"},{"data":"Neutralize","floor":8,"key":"SMITH"},{"data":"Dagger Throw","floor":11,"key":"SMITH"},{"data":"Survivor","floor":13,"key":"SMITH"},{"data":"Unload","floor":15,"key":"SMITH"}],"neow_cost":"NONE","seed_source_timestamp":145850113958122,"circlet_count":0,"master_deck":["Defend_G+1","Defend_G","Defend_G+1","Defend_G","Survivor+1","Neutralize+1","Distraction+1","Infinite Blades+1","Well Laid Plans","Dagger Throw+1","Dagger Throw","Well Laid Plans","Unload+1","Phantasmal Killer","Terror+1","Bite","Bite","Bite","Bite","Bite","Acrobatics","Prepared+1"],"relics":["Ring of the Serpent","Dodecahedron","War Paint","Red Mask"],"potions_floor_usage":[16,21,22,22],"damage_taken":[{"damage":11,"enemies":"Cultist","floor":1,"turns":6},{"damage":2,"enemies":"Small Slimes","floor":2,"turns":3},{"damage":6,"enemies":"2 Louse","floor":3,"turns":3},{"damage":0,"enemies":"Large Slime","floor":7,"turns":6},{"damage":3,"enemies":"Red Slaver","floor":12,"turns":3},{"damage":0,"enemies":"Looter","floor":14,"turns":3},{"damage":10,"enemies":"The Guardian","floor":16,"turns":13},{"damage":0,"enemies":"Chosen","floor":18,"turns":3},{"damage":24,"enemies":"2 Thieves","floor":21,"turns":3},{"damage":24,"enemies":"Masked Bandits","floor":22,"turns":7},{"damage":22,"enemies":"Slavers","floor":23,"turns":2}],"seed_played":"-3269257515520989320","potions_obtained":[{"floor":1,"key":"SneckoOil"},{"floor":2,"key":"GhostInAJar"},{"floor":7,"key":"GamblersBrew"},{"floor":18,"key":"Dexterity Potion"},{"floor":21,"key":"Dexterity Potion"}],"is_trial":false,"path_per_floor":["M","M","M","?","?","R","M","R","T","$","R","M","R","M","R","B",null,"M","?","?","M","?","E"],"character_chosen":"THE_SILENT","items_purchased":["Well Laid Plans"],"campfire_rested":0,"item_purchase_floors":[10],"current_hp_per_floor":[59,57,51,37,30,30,30,30,30,30,30,27,27,27,27,17,70,70,49,49,25,17,0],"gold":219,"neow_bonus":"THREE_CARDS","is_prod":false,"is_daily":false,"chose_seed":false,"campfire_upgraded":5,"win_rate":0.0,"timestamp":1544757406,"path_taken":["M","?","M","?","?","R","M","R","T","$","R","M","R","M","R","BOSS","M","?","?","?","?","E"],"build_version":"2018-12-13","purchased_purges":1,"victory":false,"max_hp_per_floor":[70,70,70,70,70,70,70,70,70,70,70,70,70,70,70,70,70,70,49,49,49,49,49],"card_choices":[{"not_picked":["PiercingWail","Leg Sweep"],"picked":"Distraction","floor":0},{"not_picked":["Choke","Underhanded Strike"],"picked":"Infinite Blades","floor":1},{"not_picked":["Leg Sweep","Blade Dance"],"picked":"Well Laid Plans","floor":2},{"not_picked":["Reflex","Blade Dance"],"picked":"Dagger Throw","floor":3},{"not_picked":["Choke","Prepared"],"picked":"Dagger Throw","floor":7},{"not_picked":["Outmaneuver","Bane","Underhanded Strike"],"picked":"SKIP","floor":12},{"not_picked":["Slice","PiercingWail"],"picked":"Unload","floor":14},{"not_picked":["Adrenaline","Burst"],"picked":"Phantasmal Killer","floor":16},{"not_picked":["Sucker Punch+1","Underhanded Strike"],"picked":"Terror+1","floor":18},{"not_picked":["Deflect","Underhanded Strike"],"picked":"Acrobatics","floor":21},{"not_picked":["Endless Agony+1","Expertise+1"],"picked":"Prepared+1","floor":22}],"player_experience":86706,"relics_obtained":[{"floor":9,"key":"Dodecahedron"},{"floor":22,"key":"Red Mask"}],"event_choices":[{"damage_healed":0,"gold_gain":0,"player_choice":"Entered Light","damage_taken":14,"max_hp_gain":0,"max_hp_loss":0,"event_name":"Shining Light","floor":4,"gold_loss":0,"cards_upgraded":["Strike_G","Distraction"]},{"cards_removed":["Strike_G"],"damage_healed":0,"gold_gain":0,"player_choice":"Card Removal","damage_taken":7,"max_hp_gain":0,"max_hp_loss":0,"event_name":"Golden Wing","floor":5,"gold_loss":0},{"damage_healed":0,"gold_gain":0,"player_choice":"Became a vampire","damage_taken":0,"max_hp_gain":0,"max_hp_loss":21,"event_name":"Vampires","floor":19,"gold_loss":0,"cards_obtained":["Bite","Bite","Bite","Bite","Bite"]},{"damage_healed":0,"gold_gain":0,"player_choice":"Gave Potion","damage_taken":0,"relics_obtained":["War Paint"],"max_hp_gain":0,"max_hp_loss":0,"event_name":"WeMeetAgain","floor":20,"gold_loss":0},{"damage_healed":0,"gold_gain":0,"player_choice":"Fought Bandits","damage_taken":0,"max_hp_gain":0,"max_hp_loss":0,"event_name":"Masked Bandits","floor":22,"gold_loss":0}],"is_beta":false,"boss_relics":[{"not_picked":["Empty Cage","Calling Bell"],"picked":"Ring of the Serpent"}],"items_purged_floors":[10],"is_endless":false,"potions_floor_spawned":[1,2,7,14,18,21],"killed_by":"Slavers","ascension_level":0}