{"gold_per_floor":[114,64,64,77,94,125,142,174,174,194,194,194,210,47,47,152,152,166,179,179,179,193,193,222,242,290,300,300,300,313,313,313,412,412,429,429,2,2,18,46,61,61,85,101,117,137,137,137,137,137],"floor_reached":51,"playtime":4264,"items_purged":["Decay"],"score":920,"play_id":"1e56cf69-6699-43e6-ac55-737e193de522","local_time":"20190731220713","is_ascension_mode":true,"campfire_choices":[{"floor":12,"key":"REST"},{"floor":15,"key":"REST"},{"floor":23,"key":"REST"},{"floor":28,"key":"REST"},{"floor":32,"key":"REST"},{"data":"Shrug It Off","floor":42,"key":"SMITH"},{"data":"Parasite","floor":47,"key":"PURGE"},{"data":"Defend_R+1","floor":49,"key":"PURGE"}],"neow_cost":"NONE","seed_source_timestamp":259167732647893,"circlet_count":0,"master_deck":["Strike_R+1","Strike_R+1","Strike_R+1","Strike_R+1","Defend_R+1","Defend_R+1","Defend_R+1","Bash+1","Impervious+1","Shrug It Off+1","Shrug It Off+1","Spot Weakness+1","Seeing Red+1","Spot Weakness+1","True Grit+1","Clothesline+1","Reaper+1","Uppercut+1","Limit Break+1","Havoc+1","Body Slam+1","Infernal Blade+1","Perfected Strike+1","Battle Trance+1","Headbutt+1","Fiend Fire+1","Headbutt+1","Dramatic Entrance+1","Body Slam+1","Anger+1","Ghostly Armor+1","Pummel+1","Battle Trance+1","True Grit+1","Shockwave+1"],"relics":["Black Blood","StoneCalendar","Ginger","Peace Pipe","Gambling Chip","Red Skull","Oddly Smooth Stone","Girya","Coffee Dripper","Strawberry","Happy Flower","Prayer Wheel","Centennial Puzzle","Mark of the Bloom"],"potions_floor_usage":[8,16,21,22,24,25,33,39,41,44,45,46,46,46,50],"damage_taken":[{"damage":10,"enemies":"Small Slimes","floor":1,"turns":5},{"damage":15,"enemies":"Cultist","floor":4,"turns":5},{"damage":9,"enemies":"2 Louse","floor":5,"turns":3},{"damage":24,"enemies":"3 Sentries","floor":6,"turns":7},{"damage":13,"enemies":"Exordium Wildlife","floor":7,"turns":5},{"damage":7,"enemies":"Lagavulin","floor":8,"turns":7},{"damage":17,"enemies":"2 Fungi Beasts","floor":10,"turns":5},{"damage":4,"enemies":"Looter","floor":13,"turns":3},{"damage":36,"enemies":"The Guardian","floor":16,"turns":9},{"damage":37,"enemies":"Chosen","floor":18,"turns":7},{"damage":33,"enemies":"Spheric Guardian","floor":19,"turns":4},{"damage":16,"enemies":"Snake Plant","floor":21,"turns":2},{"damage":31,"enemies":"Snecko","floor":22,"turns":7},{"damage":55,"enemies":"Book of Stabbing","floor":24,"turns":7},{"damage":5,"enemies":"Centurion and Healer","floor":25,"turns":6},{"damage":30,"enemies":"Snake Plant","floor":27,"turns":3},{"damage":13,"enemies":"Snecko","floor":30,"turns":3},{"damage":69,"enemies":"Champ","floor":33,"turns":9},{"damage":24,"enemies":"Orb Walker","floor":35,"turns":4},{"damage":32,"enemies":"3 Darklings","floor":39,"turns":6},{"damage":43,"enemies":"Nemesis","floor":40,"turns":7},{"damage":11,"enemies":"4 Shapes","floor":41,"turns":4},{"damage":0,"enemies":"Writhing Mass","floor":44,"turns":3},{"damage":6,"enemies":"Transient","floor":45,"turns":5},{"damage":1,"enemies":"Maw","floor":46,"turns":6},{"damage":61,"enemies":"Awakened One","floor":50,"turns":8}],"seed_played":"-5454158063126616027","potions_obtained":[{"floor":4,"key":"Strength Potion"},{"floor":10,"key":"Ancient Potion"},{"floor":13,"key":"EssenceOfSteel"},{"floor":16,"key":"SmokeBomb"},{"floor":22,"key":"Weak Potion"},{"floor":24,"key":"EssenceOfSteel"},{"floor":27,"key":"Poison Potion"},{"floor":33,"key":"SkillPotion"},{"floor":40,"key":"Explosive Potion"},{"floor":44,"key":"GamblersBrew"},{"floor":45,"key":"EntropicBrew"}],"is_trial":false,"path_per_floor":["M","?","?","M","M","E","M","E","T","M","?","R","M","$","R","B",null,"M","M","$","M","M","R","E","M","T","M","R","?","M","?","R","B",null,"M","?","$","?","M","E","M","R","T","M","M","M","R","?","R","B",null],"character_chosen":"IRONCLAD","items_purchased":["Reaper","Uppercut","Strawberry","Happy Flower","Energy Potion"],"campfire_rested":5,"item_purchase_floors":[14,14,37,37,37],"current_hp_per_floor":[68,68,68,59,56,38,31,30,30,19,19,43,45,45,69,46,72,56,33,33,31,16,40,11,36,36,16,40,40,44,44,68,37,69,61,61,68,68,60,27,26,26,26,36,47,66,66,66,66,5],"gold":137,"neow_bonus":"ONE_RANDOM_RARE_CARD","is_prod":false,"is_daily":false,"chose_seed":false,"campfire_upgraded":1,"win_rate":0,"timestamp":1564607233,"path_taken":["M","?","?","M","M","E","?","E","T","M","?","R","M","$","R","BOSS","M","M","$","M","M","R","E","M","T","M","R","?","M","?","R","BOSS","M","?","$","?","?","E","M","R","T","M","?","M","R","?","R","BOSS"],"build_version":"2019-07-05","purchased_purges":1,"victory":true,"max_hp_per_floor":[80,80,80,80,80,80,80,80,80,80,80,80,80,80,80,80,80,80,80,80,80,80,80,80,80,80,80,80,80,80,80,80,80,80,80,80,87,87,87,87,87,87,87,87,87,87,84,84,84,84],"card_choices":[{"not_picked":["True Grit","Perfected Strike"],"picked":"Twin Strike","floor":1},{"not_picked":["Combust","Flame Barrier"],"picked":"Shrug It Off","floor":4},{"not_picked":["Warcry","Rampage"],"picked":"Shrug It Off","floor":5},{"not_picked":["Warcry","Headbutt"],"picked":"Spot Weakness","floor":6},{"not_picked":["Burning Pact","Sentinel"],"picked":"Seeing Red","floor":7},{"not_picked":["Flex","Perfected Strike"],"picked":"Spot Weakness","floor":8},{"not_picked":["Corruption","Clothesline"],"picked":"True Grit","floor":10},{"not_picked":["Armaments","Bloodletting"],"picked":"Clothesline","floor":13},{"not_picked":["Double Tap","Brutality"],"picked":"Limit Break","floor":16},{"not_picked":["Cleave","Carnage"],"picked":"Havoc+1","floor":18},{"not_picked":["Burning Pact","Sentinel","Perfected Strike"],"picked":"SKIP","floor":19},{"not_picked":["Reckless Charge","Wild Strike"],"picked":"Body Slam+1","floor":22},{"not_picked":["Evolve","Whirlwind"],"picked":"Infernal Blade+1","floor":24},{"not_picked":["Corruption","Clothesline"],"picked":"Perfected Strike+1","floor":25},{"not_picked":["Shrug It Off+1","Havoc"],"picked":"Battle Trance+1","floor":27},{"not_picked":["Twin Strike","Armaments+1"],"picked":"Headbutt+1","floor":30},{"not_picked":["Feed","Juggernaut"],"picked":"Fiend Fire","floor":33},{"not_picked":["Clothesline+1","Burning Pact"],"picked":"Headbutt+1","floor":35},{"not_picked":["Transmutation","Finesse"],"picked":"Dramatic Entrance","floor":36},{"not_picked":["Armaments+1","Headbutt+1"],"picked":"Body Slam+1","floor":39},{"not_picked":["Cleave","Clothesline"],"picked":"Anger+1","floor":40},{"not_picked":["Fire Breathing+1","Flex","Bloodletting+1"],"picked":"SKIP","floor":41},{"not_picked":["Offering","Bloodletting+1","Rampage+1"],"picked":"SKIP","floor":41},{"not_picked":["Carnage","Whirlwind"],"picked":"Ghostly Armor+1","floor":44},{"not_picked":["Reckless Charge+1","Flex+1"],"picked":"Pummel","floor":44},{"not_picked":["Combust","Body Slam"],"picked":"Battle Trance","floor":45},{"not_picked":["Seeing Red","Blood for Blood","Rupture"],"picked":"SKIP","floor":45},{"not_picked":["Iron Wave+1","Cleave+1"],"picked":"True Grit+1","floor":46},{"not_picked":["Heavy Blade","Wild Strike+1"],"picked":"Shockwave+1","floor":46}],"player_experience":164129,"relics_obtained":[{"floor":6,"key":"Ginger"},{"floor":8,"key":"Peace Pipe"},{"floor":9,"key":"Gambling Chip"},{"floor":24,"key":"Red Skull"},{"floor":26,"key":"Oddly Smooth Stone"},{"floor":40,"key":"Prayer Wheel"},{"floor":43,"key":"Centennial Puzzle"}],"event_choices":[{"cards_removed":["Strike_R"],"damage_healed":0,"gold_gain":0,"player_choice":"Card Removal","damage_taken":0,"max_hp_gain":0,"max_hp_loss":0,"event_name":"The Cleric","floor":2,"gold_loss":50},{"cards_removed":["Twin Strike"],"damage_healed":0,"gold_gain":0,"player_choice":"Gave Card","damage_taken":0,"relics_obtained":["StoneCalendar"],"max_hp_gain":0,"max_hp_loss":0,"event_name":"WeMeetAgain","floor":3,"gold_loss":0},{"damage_healed":0,"gold_gain":0,"player_choice":"Fled","damage_taken":0,"max_hp_gain":0,"max_hp_loss":0,"event_name":"Scrap Ooze","floor":11,"gold_loss":0},{"damage_healed":0,"gold_gain":0,"player_choice":"Opened","damage_taken":0,"relics_obtained":["Girya"],"max_hp_gain":0,"max_hp_loss":0,"event_name":"The Mausoleum","floor":29,"gold_loss":0},{"damage_healed":0,"gold_gain":0,"player_choice":"Smashed Altar","damage_taken":0,"max_hp_gain":0,"max_hp_loss":0,"event_name":"Forgotten Altar","floor":31,"gold_loss":0,"cards_obtained":["Decay"]},{"damage_healed":0,"gold_gain":0,"player_choice":"Memory 1","damage_taken":0,"max_hp_gain":0,"max_hp_loss":0,"event_name":"SensoryStone","floor":36,"gold_loss":0},{"damage_healed":0,"gold_gain":0,"player_choice":"Forge","damage_taken":0,"max_hp_gain":0,"max_hp_loss":0,"event_name":"Accursed Blacksmith","floor":38,"gold_loss":0,"cards_upgraded":["Limit Break"]},{"damage_healed":0,"gold_gain":0,"player_choice":"Upgrade","damage_taken":0,"relics_obtained":["Mark of the Bloom"],"max_hp_gain":0,"max_hp_loss":0,"event_name":"MindBloom","floor":48,"gold_loss":0,"cards_upgraded":["Strike_R","Strike_R","Strike_R","Strike_R","Defend_R","Defend_R","Defend_R","Defend_R","Bash","Impervious","Shrug It Off","Spot Weakness","Seeing Red","Spot Weakness","True Grit","Clothesline","Reaper","Uppercut","Fiend Fire","Dramatic Entrance","Pummel","Battle Trance"]}],"is_beta":false,"boss_relics":[{"not_picked":["Snecko Eye","Tiny House"],"picked":"Black Blood"},{"not_picked":["Black Star","Empty Cage"],"picked":"Coffee Dripper"}],"items_purged_floors":[37],"is_endless":false,"potions_floor_spawned":[4,10,13,16,22,24,27,33,40,44,45],"ascension_level":7}