{"gold_per_floor":[111,35,35,110,121,148,148,160,160,176,210,67,67,13,13,13],"floor_reached":16,"playtime":733,"items_purged":["Searing Blow"],"score":108,"play_id":"3e0e819e-9b55-4bb1-80cb-a93ad6626121","local_time":"20181209174251","is_ascension_mode":false,"campfire_choices":[{"data":"Perfected Strike","floor":7,"key":"SMITH"},{"data":"Perfected Strike","floor":13,"key":"SMITH"},{"data":"Perfected Strike","floor":15,"key":"SMITH"}],"neow_cost":"NONE","seed_source_timestamp":426391302646209,"circlet_count":0,"master_deck":["Strike_R","Strike_R","Strike_R","Strike_R","Strike_R","Defend_R","Defend_R","Defend_R","Bash","Berserk","Perfected Strike+1","Perfected Strike+1","Perfected Strike+1","Headbutt","Headbutt","Spot Weakness","Warcry"],"relics":["Burning Blood","Charon\u0027s Ashes","Prayer Wheel","Ancient Tea Set"],"potions_floor_usage":[11,16,16],"damage_taken":[{"damage":0,"enemies":"2 Louse","floor":1,"turns":3},{"damage":6,"enemies":"Cultist","floor":5,"turns":3},{"damage":23,"enemies":"Gremlin Nob","floor":6,"turns":4},{"damage":1,"enemies":"Jaw Worm","floor":8,"turns":3},{"damage":12,"enemies":"Large Slime","floor":10,"turns":4},{"damage":13,"enemies":"Lagavulin","floor":11,"turns":5},{"damage":41,"enemies":"Hexaghost","floor":16,"turns":4}],"seed_played":"-7639077413065075109","potions_obtained":[{"floor":5,"key":"Weak Potion"},{"floor":8,"key":"Fire Potion"},{"floor":10,"key":"Weak Potion"}],"is_trial":false,"path_per_floor":["M","$","?","?","M","E","R","M","T","M","E","$","R","$","R","B"],"character_chosen":"IRONCLAD","items_purchased":["Searing Blow","Spot Weakness","Warcry"],"campfire_rested":0,"item_purchase_floors":[2,12,14],"current_hp_per_floor":[80,80,73,65,65,48,48,53,53,47,40,40,40,40,40,0],"gold":13,"neow_bonus":"ONE_RANDOM_RARE_CARD","is_prod":false,"is_daily":false,"chose_seed":false,"campfire_upgraded":3,"win_rate":0.0,"timestamp":1544402571,"path_taken":["M","$","?","?","M","E","R","?","T","M","E","$","R","?","R","BOSS"],"build_version":"2018-12-06","purchased_purges":1,"victory":false,"max_hp_per_floor":[80,80,80,80,80,80,80,80,80,80,80,80,80,80,80,80],"card_choices":[{"not_picked":["Armaments","Clash"],"picked":"Perfected Strike","floor":1},{"not_picked":["Reckless Charge","Second Wind","Pummel"],"picked":"SKIP","floor":5},{"not_picked":["Shrug It Off","True Grit"],"picked":"Perfected Strike","floor":6},{"not_picked":["Whirlwind","Entrench"],"picked":"Perfected Strike","floor":8},{"not_picked":["Flex","Warcry"],"picked":"Headbutt","floor":10},{"not_picked":["Uppercut","Anger","Cleave"],"picked":"SKIP","floor":10},{"not_picked":["Warcry","Hemokinesis"],"picked":"Headbutt","floor":11}],"player_experience":39761,"relics_obtained":[{"floor":6,"key":"Charon\u0027s Ashes"},{"floor":9,"key":"Prayer Wheel"},{"floor":11,"key":"Ancient Tea Set"}],"event_choices":[{"cards_removed":["Defend_R"],"damage_healed":0,"gold_gain":0,"player_choice":"Card Removal","damage_taken":7,"max_hp_gain":0,"max_hp_loss":0,"event_name":"Golden Wing","floor":3,"gold_loss":0},{"damage_healed":0,"gold_gain":75,"player_choice":"Touch","damage_taken":8,"max_hp_gain":0,"max_hp_loss":0,"event_name":"FaceTrader","floor":4,"gold_loss":0}],"is_beta":false,"boss_relics":[],"items_purged_floors":[12],"is_endless":false,"potions_floor_spawned":[5,8,10],"killed_by":"Hexaghost","ascension_level":0}