{"gold_per_floor":[116,131,51,65,65,99,99,127,127,142,142],"floor_reached":11,"playtime":773,"items_purged":[],"score":87,"play_id":"fa338166-7402-4b35-a3de-9d77decae13f","local_time":"20181215110802","is_ascension_mode":true,"campfire_choices":[{"data":"Tactician","floor":7,"key":"SMITH"}],"neow_cost":"NONE","seed_source_timestamp":580227698126,"circlet_count":0,"master_deck":["Defend_G","Defend_G","Defend_G","Defend_G","Defend_G","Strike_G","Strike_G","Strike_G","Strike_G","Strike_G","Survivor","Neutralize","Acrobatics","Dagger Throw","Tactician+1","Acrobatics","Doppelganger","Deadly Poison"],"relics":["Ring of the Snake","Snake Skull","Pantograph","Lantern"],"potions_floor_usage":[6],"damage_taken":[{"damage":0,"enemies":"2 Louse","floor":1,"turns":3},{"damage":2,"enemies":"Small Slimes","floor":2,"turns":5},{"damage":0,"enemies":"Jaw Worm","floor":4,"turns":3},{"damage":35,"enemies":"Lagavulin","floor":6,"turns":10},{"damage":36,"enemies":"3 Sentries","floor":8,"turns":14},{"damage":3,"enemies":"2 Fungi Beasts","floor":10,"turns":4}],"seed_played":"-4880863287037347893","potions_obtained":[{"floor":2,"key":"GhostInAJar"},{"floor":10,"key":"Swift Potion"}],"is_trial":false,"path_per_floor":["M","M","$","M","$","E","R","E","T","M","?"],"character_chosen":"THE_SILENT","items_purchased":["Tactician"],"campfire_rested":0,"item_purchase_floors":[3],"current_hp_per_floor":[77,75,75,75,75,40,40,4,4,1,0],"gold":142,"neow_bonus":"TEN_PERCENT_HP_BONUS","is_prod":false,"is_daily":false,"chose_seed":false,"campfire_upgraded":1,"win_rate":0,"timestamp":1544897282,"path_taken":["M","M","$","M","$","E","R","E","T","M","?"],"build_version":"2018-12-13","purchased_purges":0,"victory":false,"max_hp_per_floor":[77,77,77,77,77,77,77,77,77,77,77],"card_choices":[{"not_picked":["Blade Dance","Predator"],"picked":"Acrobatics","floor":1},{"not_picked":["Underhanded Strike","Acrobatics"],"picked":"Dagger Throw","floor":2},{"not_picked":["PiercingWail","Outmaneuver"],"picked":"Acrobatics","floor":4},{"not_picked":["Skewer","Cloak And Dagger"],"picked":"Doppelganger","floor":6},{"not_picked":["Leg Sweep","Dagger Throw","Cloak And Dagger"],"picked":"SKIP","floor":8},{"not_picked":["Leg Sweep","Calculated Gamble"],"picked":"Deadly Poison","floor":10}],"player_experience":106976,"relics_obtained":[{"floor":6,"key":"Snake Skull"},{"floor":8,"key":"Pantograph"},{"floor":9,"key":"Lantern"}],"event_choices":[],"is_beta":false,"boss_relics":[],"items_purged_floors":[],"is_endless":false,"potions_floor_spawned":[2,10],"ascension_level":1}