{"gold_per_floor":[113,125,200,375,391,391,391,391,442,442,59,69,69,83,83,178,178,188,287,42,53,153,153,163,180,206,206,206,216,20,52,52,151,151,168,0,13,23,23,50,98,132,132,160,160,175,185,185,185,185,185,185,0,25,25],"floor_reached":55,"playtime":5131,"items_purged":["Doubt","Flex"],"score":1261,"play_id":"54d542c5-a454-4800-a15e-8bdd2a674ea1","local_time":"20190404213503","is_ascension_mode":true,"campfire_choices":[{"data":"Searing Blow","floor":6,"key":"SMITH"},{"data":"Searing Blow+1","floor":8,"key":"SMITH"},{"data":"Searing Blow+2","floor":10,"key":"SMITH"},{"data":"Entrench","floor":13,"key":"SMITH"},{"data":"Searing Blow+3","floor":15,"key":"SMITH"},{"data":"Searing Blow+4","floor":23,"key":"SMITH"},{"data":"Searing Blow+5","floor":28,"key":"SMITH"},{"floor":32,"key":"REST"},{"floor":45,"key":"RECALL"},{"data":"Searing Blow+6","floor":49,"key":"SMITH"},{"data":"Searing Blow+7","floor":52,"key":"SMITH"}],"neow_cost":"NONE","seed_source_timestamp":387377258569774,"circlet_count":0,"master_deck":["AscendersBane","Bash","Entrench+1","Searing Blow+8","True Grit","Shrug It Off","Headbutt","Offering","Blood for Blood","Reaper+1","Intimidate","Spot Weakness","Juggernaut","Clothesline+1","Shrug It Off","Reaper","Second Wind","Armaments","Deep Breath","Disarm+1","Metallicize+1","Disarm","Decay","Burning Pact","Apotheosis","Warcry","Barricade","Feel No Pain","Disarm","Purity","Purity","Pommel Strike+1","Fire Breathing","Disarm+1","Combust+1","Writhe","Rupture+1","Combust+1"],"relics":["Burning Blood","Potion Belt","Calipers","Pandora\u0027s Box","Anchor","Mummified Hand","White Beast Statue","Red Mask","Vajra","Turnip","Frozen Egg 2","Whetstone","Red Skull","Unceasing Top"],"potions_floor_usage":[31,31,33,41,41,41,47,50,50,54,54,54,54,54,55],"damage_taken":[{"damage":1,"enemies":"Cultist","floor":1,"turns":3},{"damage":6,"enemies":"2 Louse","floor":2,"turns":4},{"damage":18,"enemies":"Jaw Worm","floor":5,"turns":4},{"damage":10,"enemies":"2 Fungi Beasts","floor":12,"turns":3},{"damage":0,"enemies":"Large Slime","floor":14,"turns":4},{"damage":36,"enemies":"Slime Boss","floor":16,"turns":11},{"damage":18,"enemies":"Chosen","floor":18,"turns":4},{"damage":37,"enemies":"Spheric Guardian","floor":21,"turns":6},{"damage":6,"enemies":"Snecko","floor":24,"turns":4},{"damage":29,"enemies":"Sentry and Sphere","floor":25,"turns":6},{"damage":6,"enemies":"Centurion and Healer","floor":29,"turns":5},{"damage":23,"enemies":"Book of Stabbing","floor":31,"turns":6},{"damage":69,"enemies":"Automaton","floor":33,"turns":12},{"damage":49,"enemies":"3 Darklings","floor":35,"turns":20},{"damage":23,"enemies":"Orb Walker","floor":37,"turns":11},{"damage":36,"enemies":"3 Darklings","floor":38,"turns":21},{"damage":49,"enemies":"Reptomancer","floor":40,"turns":12},{"damage":66,"enemies":"2 Orb Walkers","floor":41,"turns":6},{"damage":6,"enemies":"Giant Head","floor":42,"turns":19},{"damage":6,"enemies":"Nemesis","floor":44,"turns":13},{"damage":6,"enemies":"Maw","floor":46,"turns":10},{"damage":71,"enemies":"Jaw Worm Horde","floor":47,"turns":7},{"damage":72,"enemies":"Time Eater","floor":50,"turns":13},{"damage":83,"enemies":"Shield and Spear","floor":54,"turns":10},{"damage":51,"enemies":"The Heart","floor":55,"turns":3}],"seed_played":"971256956482036538","potions_obtained":[{"floor":14,"key":"Explosive Potion"},{"floor":24,"key":"Energy Potion"},{"floor":25,"key":"Weak Potion"},{"floor":35,"key":"Regen Potion"},{"floor":37,"key":"SkillPotion"},{"floor":38,"key":"AttackPotion"},{"floor":40,"key":"Energy Potion"},{"floor":41,"key":"Poison Potion"},{"floor":42,"key":"SpeedPotion"},{"floor":44,"key":"EntropicBrew"},{"floor":46,"key":"Dexterity Potion"},{"floor":47,"key":"GamblersBrew"},{"floor":54,"key":"Weak Potion"}],"is_trial":false,"path_per_floor":["M","M","?","?","M","R","?","R","T","R","$","M","R","M","R","B",null,"M","?","$","M","?","R","M","M","T","?","R","M","$","E","R","B",null,"M","?","M","M","?","E","?","E","T","E","R","M","M","?","R","B",null,"R","$","E","B"],"character_chosen":"IRONCLAD","items_purchased":["Calipers","Armaments","Deep Breath","Apotheosis","Rupture+1","Red Skull"],"campfire_rested":1,"item_purchase_floors":[11,20,20,30,53,53],"current_hp_per_floor":[85,85,74,74,62,62,67,67,67,67,67,63,63,69,69,39,80,68,68,68,39,39,39,43,20,20,20,20,28,28,29,56,17,74,93,93,76,93,83,76,60,93,93,93,93,93,62,85,85,25,76,76,76,38,0],"gold":25,"neow_bonus":"TEN_PERCENT_HP_BONUS","is_prod":false,"is_daily":false,"chose_seed":false,"campfire_upgraded":9,"win_rate":0,"timestamp":1554438903,"path_taken":["M","M","?","?","M","R","?","R","T","R","?","M","R","M","R","BOSS","M","?","$","M","?","R","?","M","T","?","R","M","$","E","R","BOSS","M","?","M","M","?","E","?","E","T","E","R","?","M","?","R","BOSS","R","$","E","BOSS"],"build_version":"2019-01-23","purchased_purges":2,"victory":false,"max_hp_per_floor":[88,88,88,88,88,88,93,93,93,93,93,93,93,93,93,93,93,93,93,93,93,93,93,93,93,93,93,93,93,93,93,93,93,93,93,93,93,93,93,93,93,93,93,93,93,93,93,93,93,93,93,93,93,93,93],"card_choices":[{"not_picked":["Flex","Clash"],"picked":"Entrench","floor":1},{"not_picked":["Clothesline","True Grit"],"picked":"Searing Blow","floor":2},{"not_picked":["Body Slam","Whirlwind"],"picked":"True Grit","floor":5},{"not_picked":["Ghostly Armor","Uppercut"],"picked":"Shrug It Off","floor":12},{"not_picked":["Flame Barrier","Sword Boomerang"],"picked":"Headbutt","floor":14},{"not_picked":["Juggernaut","Feed"],"picked":"Offering","floor":16},{"not_picked":["Rupture+1","Clothesline"],"picked":"Second Wind","floor":18},{"not_picked":["Perfected Strike","Wild Strike"],"picked":"Disarm+1","floor":21},{"not_picked":["Sword Boomerang","Carnage"],"picked":"Metallicize+1","floor":24},{"not_picked":["Havoc","Shockwave+1"],"picked":"Disarm","floor":25},{"not_picked":["Rupture","Twin Strike"],"picked":"Burning Pact","floor":29},{"not_picked":["Anger","Headbutt+1"],"picked":"Warcry","floor":31},{"not_picked":["Reaper","Fiend Fire"],"picked":"Barricade","floor":33},{"not_picked":["Havoc+1","Clash","Anger"],"picked":"SKIP","floor":35},{"not_picked":["Pummel+1","Wild Strike"],"picked":"Feel No Pain","floor":37},{"not_picked":["Havoc","Second Wind"],"picked":"Disarm","floor":38},{"not_picked":["Dark Shackles","Apotheosis"],"picked":"Purity","floor":39},{"not_picked":["Discovery","Dramatic Entrance"],"picked":"Purity","floor":39},{"not_picked":["Warcry","Rage"],"picked":"Pommel Strike+1","floor":40},{"not_picked":["Anger","Infernal Blade+1"],"picked":"Fire Breathing","floor":41},{"not_picked":["Iron Wave","Pommel Strike","Sword Boomerang"],"picked":"SKIP","floor":42},{"not_picked":["Wild Strike","True Grit","Clothesline"],"picked":"SKIP","floor":44},{"not_picked":["Anger+1","Feed"],"picked":"Disarm+1","floor":46},{"not_picked":["Hemokinesis","Searing Blow"],"picked":"Combust+1","floor":47},{"not_picked":["Cleave+1","Headbutt"],"picked":"Combust+1","floor":54}],"player_experience":601336,"relics_obtained":[{"floor":9,"key":"Potion Belt"},{"floor":26,"key":"Anchor"},{"floor":31,"key":"Mummified Hand"},{"floor":40,"key":"Vajra"},{"floor":41,"key":"Turnip"},{"floor":42,"key":"Frozen Egg 2"},{"floor":44,"key":"Whetstone"},{"floor":54,"key":"Unceasing Top"}],"event_choices":[{"damage_healed":0,"gold_gain":75,"player_choice":"Gather Gold","damage_taken":11,"max_hp_gain":0,"max_hp_loss":0,"event_name":"World of Goop","floor":3,"gold_loss":0},{"damage_healed":0,"gold_gain":175,"player_choice":"AGREE","damage_taken":0,"max_hp_gain":0,"max_hp_loss":0,"event_name":"Liars Game","floor":4,"gold_loss":0,"cards_obtained":["Doubt"]},{"damage_healed":0,"gold_gain":0,"player_choice":"Donut","damage_taken":0,"max_hp_gain":5,"max_hp_loss":0,"event_name":"Big Fish","floor":7,"gold_loss":0},{"damage_healed":0,"gold_gain":99,"player_choice":"Stole From Cult","damage_taken":0,"max_hp_gain":0,"max_hp_loss":0,"event_name":"Nest","floor":19,"gold_loss":0},{"damage_healed":0,"gold_gain":100,"player_choice":"Pray","damage_taken":0,"max_hp_gain":0,"max_hp_loss":0,"event_name":"Golden Shrine","floor":22,"gold_loss":0},{"damage_healed":0,"gold_gain":0,"player_choice":"Smashed Altar","damage_taken":0,"max_hp_gain":0,"max_hp_loss":0,"event_name":"Forgotten Altar","floor":27,"gold_loss":0,"cards_obtained":["Decay"]},{"damage_healed":0,"gold_gain":0,"player_choice":"Paid","damage_taken":0,"relics_obtained":["Red Mask"],"max_hp_gain":0,"max_hp_loss":0,"event_name":"Tomb of Lord Red Mask","floor":36,"gold_loss":168},{"damage_healed":0,"gold_gain":0,"player_choice":"Memory 3","damage_taken":10,"max_hp_gain":0,"max_hp_loss":0,"event_name":"SensoryStone","floor":39,"gold_loss":0},{"damage_healed":0,"gold_gain":0,"player_choice":"Fight","damage_taken":0,"max_hp_gain":0,"max_hp_loss":0,"event_name":"Mysterious Sphere","floor":41,"gold_loss":0},{"damage_healed":23,"gold_gain":0,"player_choice":"Writhe","damage_taken":0,"max_hp_gain":0,"max_hp_loss":0,"event_name":"Winding Halls","floor":48,"gold_loss":0,"cards_obtained":["Writhe"]}],"is_beta":false,"boss_relics":[{"not_picked":["Coffee Dripper","Lizard Tail"],"picked":"Pandora\u0027s Box"},{"not_picked":["Black Blood","Runic Pyramid"],"picked":"White Beast Statue"}],"items_purged_floors":[11,20],"is_endless":false,"potions_floor_spawned":[14,24,25,35,37,38,40,41,42,44,46,47,54],"killed_by":"The Heart","ascension_level":11}