{"gold_per_floor":[109,128,28,28,43,105,105,10,10,10,30,105,105,116,116,216,216,231,231,258,241,241],"floor_reached":22,"playtime":1186,"items_purged":["Regret"],"score":294,"play_id":"9c376646-7515-47b3-a403-81212b72d4a8","local_time":"20190510213537","is_ascension_mode":true,"campfire_choices":[{"data":"Armaments","floor":7,"key":"SMITH"},{"data":"Inflame","floor":10,"key":"SMITH"},{"floor":15,"key":"REST"}],"neow_cost":"CURSE","seed_source_timestamp":49784194616686,"circlet_count":0,"master_deck":["AscendersBane","Strike_R","Strike_R","Defend_R","Defend_R","Defend_R","Defend_R","Bash","Carnage","Armaments+1","Warcry","Inflame+1","Finesse","Evolve","True Grit","Barricade","Berserk+1","Rampage+1","Demon Form+1","Second Wind"],"relics":["Burning Blood","Turnip","Question Card","Tiny Chest","Singing Bowl","Astrolabe","Bag of Preparation"],"potions_floor_usage":[6,16,16,21],"damage_taken":[{"damage":19,"enemies":"Cultist","floor":1,"turns":5},{"damage":0,"enemies":"2 Louse","floor":2,"turns":3},{"damage":5,"enemies":"Small Slimes","floor":5,"turns":5},{"damage":35,"enemies":"3 Sentries","floor":6,"turns":7},{"damage":12,"enemies":"Looter","floor":11,"turns":3},{"damage":3,"enemies":"Exordium Wildlife","floor":14,"turns":6},{"damage":4,"enemies":"Slime Boss","floor":16,"turns":13},{"damage":12,"enemies":"Chosen","floor":18,"turns":8},{"damage":35,"enemies":"2 Thieves","floor":21,"turns":4},{"damage":33,"enemies":"Snake Plant","floor":22,"turns":2}],"seed_played":"1528799163714399873","potions_obtained":[{"floor":1,"key":"Poison Potion"},{"floor":6,"key":"Block Potion"},{"floor":14,"key":"Poison Potion"},{"floor":16,"key":"Poison Potion"}],"is_trial":false,"path_per_floor":["M","M","$","T","M","E","R","$","T","R","M","?","?","M","R","B",null,"M","?","T","M","M"],"character_chosen":"IRONCLAD","items_purchased":["Warcry","Finesse"],"campfire_rested":1,"item_purchase_floors":[3,8],"current_hp_per_floor":[59,65,65,65,66,37,37,37,37,37,31,20,46,49,73,75,79,73,58,58,31,0],"gold":241,"neow_bonus":"ONE_RARE_RELIC","is_prod":false,"is_daily":false,"chose_seed":false,"campfire_upgraded":2,"win_rate":0,"timestamp":1557549337,"path_taken":["M","M","$","?","M","E","R","$","T","R","?","?","?","M","R","BOSS","M","?","?","?","M"],"build_version":"2019-01-23","purchased_purges":1,"victory":false,"max_hp_per_floor":[80,80,80,80,80,80,80,80,80,80,80,80,80,80,80,80,80,80,85,85,87,87],"card_choices":[{"not_picked":["Flex","Warcry"],"picked":"Carnage","floor":1},{"not_picked":["Dual Wield","Disarm"],"picked":"Armaments","floor":2},{"not_picked":["Metallicize","Clothesline","Pommel Strike"],"picked":"Inflame","floor":5},{"not_picked":["Anger","Thunderclap","Searing Blow","Pummel"],"picked":"SKIP","floor":6},{"not_picked":["Shrug It Off","Twin Strike","Dual Wield"],"picked":"Evolve","floor":11},{"not_picked":["Infernal Blade","Flex","Entrench"],"picked":"True Grit","floor":14},{"not_picked":["Offering","Impervious","Immolate"],"picked":"Barricade","floor":16},{"not_picked":["Headbutt","Warcry","Havoc"],"picked":"Second Wind","floor":18},{"not_picked":["Iron Wave","Armaments","Headbutt+1","Body Slam"],"picked":"Singing Bowl","floor":21}],"player_experience":675383,"relics_obtained":[{"floor":4,"key":"Question Card"},{"floor":6,"key":"Tiny Chest"},{"floor":9,"key":"Singing Bowl"},{"floor":20,"key":"Bag of Preparation"}],"event_choices":[{"damage_healed":0,"gold_gain":75,"player_choice":"Gather Gold","damage_taken":11,"max_hp_gain":0,"max_hp_loss":0,"event_name":"World of Goop","floor":12,"gold_loss":0},{"damage_healed":26,"gold_gain":0,"player_choice":"Banana","damage_taken":0,"max_hp_gain":0,"max_hp_loss":0,"event_name":"Big Fish","floor":13,"gold_loss":0},{"damage_healed":0,"gold_gain":0,"player_choice":"Shed Blood","damage_taken":20,"max_hp_gain":5,"max_hp_loss":0,"event_name":"Forgotten Altar","floor":19,"gold_loss":0}],"is_beta":false,"boss_relics":[{"not_picked":["Mark of Pain","Runic Cube"],"picked":"Astrolabe"}],"items_purged_floors":[3],"is_endless":false,"potions_floor_spawned":[1,6,14,16],"killed_by":"Snake Plant","ascension_level":12}