{"gold_per_floor":[109,109,127,145,155,185,203,203,203,217,227,241,258,278,278,381,381,394,413,430,446,458,458,477,496,496,496,80,90,108,108,108,209,209,223,223],"floor_reached":36,"playtime":5300,"items_purged":[],"score":405,"play_id":"31ff0c0d-ef4e-4ae8-b664-f88117e79dd6","local_time":"20190807141729","is_ascension_mode":false,"campfire_choices":[{"floor":8.0,"key":"REST"},{"floor":15.0,"key":"REST"},{"floor":23.0,"key":"REST"},{"floor":27.0,"key":"REST"},{"floor":32,"key":"REST"}],"neow_cost":"NONE","seed_source_timestamp":2311611751766821,"circlet_count":0,"master_deck":["Strike_G","Strike_G","Strike_G+1","Strike_G","Strike_G+1","Defend_G","Defend_G","Defend_G","Defend_G","Survivor","Neutralize","Dodge and Roll","Caltrops","Deadly Poison","Well Laid Plans","Escape Plan","Crippling Poison","Crippling Poison","Calculated Gamble","Predator","Escape Plan","Infinite Blades","Predator","Envenom","Backflip","Acrobatics+1","Acrobatics","Blur+1","Backflip+1","Crippling Poison","Choke","Well Laid Plans","Predator","Acrobatics","Dodge and Roll","Flying Knee","Underhanded Strike","A Thousand Cuts","Bouncing Flask+1","Underhanded Strike"],"special_seed":0,"relics":["Snecko Eye","Whetstone","StoneCalendar","Philosopher\u0027s Stone","Ninja Scroll","ClockworkSouvenir","Prayer Wheel","Sozu"],"potions_floor_usage":[30,33],"damage_taken":[{"damage":0.0,"enemies":"Jaw Worm","floor":1.0,"turns":4.0},{"damage":0.0,"enemies":"2 Louse","floor":3.0,"turns":3.0},{"damage":0.0,"enemies":"Cultist","floor":4.0,"turns":3.0},{"damage":6.0,"enemies":"Large Slime","floor":5.0,"turns":7.0},{"damage":10.0,"enemies":"Lagavulin","floor":6.0,"turns":8.0},{"damage":0.0,"enemies":"Blue Slaver","floor":7.0,"turns":5.0},{"damage":2.0,"enemies":"2 Fungi Beasts","floor":10.0,"turns":3.0},{"damage":2.0,"enemies":"Looter","floor":11.0,"turns":3.0},{"damage":0.0,"enemies":"Large Slime","floor":12.0,"turns":7.0},{"damage":13.0,"enemies":"Blue Slaver","floor":13.0,"turns":3.0},{"damage":14.0,"enemies":"Gremlin Gang","floor":14.0,"turns":5.0},{"damage":22.0,"enemies":"Hexaghost","floor":16.0,"turns":7.0},{"damage":14.0,"enemies":"Spheric Guardian","floor":18.0,"turns":5.0},{"damage":9.0,"enemies":"Shell Parasite","floor":19.0,"turns":6.0},{"damage":10.0,"enemies":"Shelled Parasite and Fungi","floor":20.0,"turns":7.0},{"damage":2.0,"enemies":"3 Cultists","floor":21.0,"turns":5.0},{"damage":1.0,"enemies":"Snecko","floor":22.0,"turns":5.0},{"damage":28.0,"enemies":"Snake Plant","floor":24.0,"turns":3.0},{"damage":0.0,"enemies":"3 Cultists","floor":25.0,"turns":4.0},{"damage":8,"enemies":"Sentry and Sphere","floor":29,"turns":6},{"damage":14,"enemies":"Centurion and Healer","floor":30,"turns":6},{"damage":37,"enemies":"Automaton","floor":33,"turns":7},{"damage":8,"enemies":"Orb Walker","floor":35,"turns":3},{"damage":85,"enemies":"2 Orb Walkers","floor":36,"turns":6}],"seed_played":"378639158386071534","potions_obtained":[{"floor":5.0,"key":"AttackPotion"},{"floor":11.0,"key":"FearPotion"},{"floor":12.0,"key":"EssenceOfSteel"},{"floor":13.0,"key":"Poison Potion"},{"floor":14.0,"key":"Regen Potion"},{"floor":20.0,"key":"Explosive Potion"},{"floor":22.0,"key":"SpeedPotion"},{"floor":24.0,"key":"EssenceOfSteel"},{"floor":30,"key":"Regen Potion"}],"is_trial":false,"path_per_floor":["M","?","M","M","M","E","M","R","T","M","M","M","M","M","R","B",null,"M","M","M","M","M","R","M","M","T","R","$","M","M","?","R","B",null,"M","?"],"character_chosen":"THE_SILENT","items_purchased":["Well Laid Plans","Predator","Acrobatics","Dodge and Roll","ClockworkSouvenir"],"campfire_rested":5,"item_purchase_floors":[28,28,28,28,28],"current_hp_per_floor":[70,70,70,70,64,54,54,70,70,68,66,66,53,39,60,53,70,56,47,37,35,34,55,27,27,27,48,48,40,26,26,47,25,70,62,0],"gold":223,"neow_bonus":"BOSS_RELIC","is_prod":false,"is_daily":false,"chose_seed":false,"campfire_upgraded":0,"win_rate":0.0,"timestamp":1565205449,"path_taken":["M","?","M","M","M","E","M","R","T","M","M","M","M","M","R","BOSS","M","M","M","M","M","R","M","M","T","R","$","M","M","?","R","BOSS","M","?"],"build_version":"2019-07-17","purchased_purges":0,"victory":false,"max_hp_per_floor":[70,70,70,70,70,70,70,70,70,70,70,70,70,70,70,70,70,70,70,70,70,70,70,70,70,70,70,70,70,70,70,70,70,70,70,70],"card_choices":[{"not_picked":["Dagger Spray","Backstab"],"picked":"Dodge and Roll","floor":1.0},{"not_picked":["Blade Dance","Endless Agony"],"picked":"Deadly Poison","floor":3.0},{"not_picked":["Sucker Punch","Dagger Spray"],"picked":"Well Laid Plans","floor":4.0},{"not_picked":["Outmaneuver","Noxious Fumes"],"picked":"Escape Plan","floor":5.0},{"not_picked":["Poisoned Stab","Reflex"],"picked":"Crippling Poison","floor":6.0},{"not_picked":["Terror","PiercingWail"],"picked":"Crippling Poison","floor":7.0},{"not_picked":["Slice","Tactician"],"picked":"Calculated Gamble","floor":10.0},{"not_picked":["Blade Dance","Underhanded Strike"],"picked":"Predator","floor":11.0},{"not_picked":["Poisoned Stab","Heel Hook"],"picked":"Escape Plan","floor":12.0},{"not_picked":["Blade Dance","All Out Attack"],"picked":"Infinite Blades","floor":13.0},{"not_picked":["Burst","PiercingWail"],"picked":"Predator","floor":14.0},{"not_picked":["Doppelganger","Malaise"],"picked":"Envenom","floor":16.0},{"not_picked":["Acrobatics","Prepared"],"picked":"Backflip","floor":18.0},{"not_picked":["Poisoned Stab","PiercingWail"],"picked":"Acrobatics+1","floor":19.0},{"not_picked":["Infinite Blades","Prepared+1"],"picked":"Acrobatics","floor":20.0},{"not_picked":["Masterful Stab+1","Deflect"],"picked":"Blur+1","floor":21.0},{"not_picked":["Calculated Gamble","Caltrops+1"],"picked":"Backflip+1","floor":22.0},{"not_picked":["Finisher","Reflex"],"picked":"Crippling Poison","floor":24.0},{"not_picked":["Deflect","Skewer+1"],"picked":"Choke","floor":25.0},{"not_picked":["Prepared+1","Well Laid Plans"],"picked":"Flying Knee","floor":29},{"not_picked":["Reflex+1","PiercingWail"],"picked":"Underhanded Strike","floor":30},{"not_picked":["Venomology","Phantasmal Killer"],"picked":"A Thousand Cuts","floor":33},{"not_picked":["Blade Dance","Crippling Poison"],"picked":"Bouncing Flask+1","floor":35},{"not_picked":["Acrobatics","Deflect+1"],"picked":"Underhanded Strike","floor":35}],"player_experience":49838,"relics_obtained":[{"floor":6.0,"key":"Whetstone"},{"floor":9.0,"key":"StoneCalendar"},{"floor":26.0,"key":"Ninja Scroll"}],"event_choices":[{"damage_healed":0.0,"max_hp_gain":0.0,"max_hp_loss":0.0,"gold_gain":0.0,"cards_transformed":["Defend_G"],"event_name":"Living Wall","player_choice":"Change","floor":2.0,"gold_loss":0.0,"damage_taken":0.0,"cards_obtained":["Caltrops"]},{"damage_healed":0,"gold_gain":0,"player_choice":"Gave Potion","damage_taken":0,"relics_obtained":["Prayer Wheel"],"max_hp_gain":0,"max_hp_loss":0,"event_name":"WeMeetAgain","floor":31,"gold_loss":0},{"damage_healed":0,"gold_gain":0,"player_choice":"Fight","damage_taken":0,"max_hp_gain":0,"max_hp_loss":0,"event_name":"Mysterious Sphere","floor":36,"gold_loss":0}],"is_beta":false,"boss_relics":[{"not_picked":["Tiny House","Runic Pyramid"],"picked":"Philosopher\u0027s Stone"},{"not_picked":["Eternal Feather","Calling Bell"],"picked":"Sozu"}],"items_purged_floors":[],"is_endless":false,"potions_floor_spawned":[5,11,12,13,14,20,22,24,30,35],"killed_by":"2 Orb Walkers","ascension_level":0}