{"path_per_floor":["M","?","$","$","M","R","E","$","T","R","M","E","R","M","R","B",null,"M","?","M","M","?","R","M","M","T"],"character_chosen":"DEFECT","items_purchased":["Beam Cell","Sweeping Beam","Streamline"],"gold_per_floor":[119,119,94,49,62,62,92,46,114,114,131,162,162,182,182,277,277,295,345,355,372,287,287,307,319,367,367],"floor_reached":27,"campfire_rested":2,"playtime":3120,"current_hp_per_floor":[43,48,48,48,48,76,40,40,40,68,67,59,59,56,56,54,94,93,93,75,73,73,73,43,22,22,0],"items_purged":[],"gold":367,"score":281,"play_id":"708cc0e8-1a26-443a-a6c1-a7ed0e166409","local_time":"20180509190251","is_prod":false,"is_daily":false,"chose_seed":false,"is_ascension_mode":true,"campfire_upgraded":3,"timestamp":1525885371,"path_taken":["M","?","?","$","M","R","E","$","T","R","M","E","R","M","R","BOSS","M","?","M","M","?","R","M","?","T","E"],"build_version":"2018-05-08","seed_source_timestamp":2698537482214549,"purchased_purges":0,"victory":false,"master_deck":["Strike_B","Strike_B","Strike_B","Strike_B","Defend_B","Defend_B","Defend_B","Defend_B","Zap","Dualcast","Streamline+1","Beam Cell","Sweeping Beam","Rebound","Streamline","Ball Lightning","Hologram+1","Reboot","Hologram+1","Rebound","Hologram","Doubt"],"max_hp_per_floor":[89,94,94,94,94,94,94,94,94,94,94,94,94,94,94,94,94,94,94,94,94,94,94,94,94,94,94],"relics":["Cracked Core","Vajra","Meat on the Bone","Question Card","Cursed Key","Ice Cream","Regal Pillow"],"card_choices":[{"not_picked":["Turbo","Reinforced Body"],"picked":"Streamline","floor":1},{"not_picked":["Sweeping Beam","Darkness"],"picked":"Rebound","floor":5},{"not_picked":["Darkness","Beam Cell"],"picked":"Ball Lightning","floor":12},{"not_picked":["Static Discharge","Streamline","Capacitor"],"picked":"Hologram","floor":14},{"not_picked":["Rainbow","Buffer","Machine Learning"],"picked":"Reboot","floor":16},{"not_picked":["Chaos","Rebound","Genetic Algorithm"],"picked":"Hologram","floor":18},{"not_picked":["Streamline","Melter","Lockon"],"picked":"Rebound","floor":20},{"not_picked":["Beam Cell","Sweeping Beam","Force Field"],"picked":"Hologram","floor":21}],"player_experience":393955,"potions_floor_usage":[24,27,27,27],"damage_taken":[{"damage":2,"enemies":"Jaw Worm","floor":1,"turns":4},{"damage":0,"enemies":"2 Louse","floor":5,"turns":2},{"damage":36,"enemies":"Lagavulin","floor":7,"turns":6},{"damage":1,"enemies":"Cultist","floor":11,"turns":3},{"damage":8,"enemies":"Gremlin Nob","floor":12,"turns":3},{"damage":3,"enemies":"Exordium Thugs","floor":14,"turns":3},{"damage":2,"enemies":"Slime Boss","floor":16,"turns":5},{"damage":1,"enemies":"Spheric Guardian","floor":18,"turns":3},{"damage":18,"enemies":"Shell Parasite","floor":20,"turns":3},{"damage":2,"enemies":"Cultist and Chosen","floor":21,"turns":4},{"damage":42,"enemies":"Snake Plant","floor":24,"turns":5},{"damage":33,"enemies":"Slaver and Parasite","floor":25,"turns":4},{"damage":25,"enemies":"Gremlin Leader","floor":27,"turns":4}],"event_choices":[{"event_name":"Big Fish","player_choice":"Donut","floor":2,"damage_taken":0},{"event_name":"The Joust","player_choice":"Bet on Murderer","floor":19,"damage_taken":0},{"event_name":"Addict","player_choice":"Obtained Relic","floor":22,"damage_taken":0}],"boss_relics":[{"not_picked":["Nuclear Battery","Inserter"],"picked":"Cursed Key"}],"potions_floor_spawned":[5,7,12,14,16,20,24],"seed_played":"-3930506851159652066","killed_by":"Gremlin Leader","ascension_level":3,"is_trial":false}