{"gold_per_floor":[210,210,222,240,240,271,11,86,86,101,127,127,127,143,143,247,247,263,362,378,17,17,17,37,52,76,76,87,121,155,186,186,290,290,307,307,324,324,424,424,454,454,478,512,76,91,91,102,102,102],"floor_reached":51,"playtime":3828,"items_purged":["Writhe"],"score":979,"play_id":"819f4373-6834-4636-9e46-4735d4f3dfdd","local_time":"20190712201319","is_ascension_mode":true,"campfire_choices":[{"floor":13,"key":"REST"},{"floor":15,"key":"REST"},{"data":"Searing Blow+1","floor":23,"key":"SMITH"},{"floor":27,"key":"REST"},{"floor":32,"key":"REST"},{"data":"Inflame","floor":40,"key":"SMITH"},{"floor":42,"key":"REST"},{"floor":47,"key":"REST"},{"floor":49,"key":"REST"}],"neow_cost":"NONE","seed_source_timestamp":18647478799985,"circlet_count":0,"master_deck":["Strike_R","Strike_R","Strike_R","Strike_R","Strike_R","Defend_R","Defend_R","Defend_R","Defend_R","Bash","Seeing Red+1","Clothesline","Bloodletting","Inflame+1","Sword Boomerang+1","Battle Trance","Seeing Red+1","Iron Wave+1","Headbutt+1","Fiend Fire+1","Flame Barrier+1","Cleave+1","Searing Blow+2","Ghostly Armor+1","True Grit+1","Shrug It Off+1","Metallicize+1","Limit Break+1","Armaments+1","Heavy Blade+1","Headbutt+1","Pummel+1","Injury","Burning Pact+1","Warcry+1","Inflame","Warcry+1","True Grit+1"],"relics":["Burning Blood","Molten Egg 2","Strawberry","Toxic Egg 2","Charon\u0027s Ashes","Philosopher\u0027s Stone","Vajra","Regal Pillow","Orichalcum","Ancient Tea Set","Red Mask","Lantern","Cursed Key","Peace Pipe","Boot","Red Skull","Pen Nib","Gremlin Horn"],"potions_floor_usage":[10,11,14,16,18,24,29,30,41,44,46,50],"damage_taken":[{"damage":6,"enemies":"2 Louse","floor":1,"turns":3},{"damage":9,"enemies":"Jaw Worm","floor":3,"turns":5},{"damage":11,"enemies":"Small Slimes","floor":4,"turns":4},{"damage":32,"enemies":"Gremlin Nob","floor":6,"turns":5},{"damage":32,"enemies":"Exordium Thugs","floor":10,"turns":5},{"damage":20,"enemies":"Lagavulin","floor":11,"turns":5},{"damage":2,"enemies":"2 Fungi Beasts","floor":14,"turns":3},{"damage":53,"enemies":"Hexaghost","floor":16,"turns":11},{"damage":22,"enemies":"2 Thieves","floor":18,"turns":3},{"damage":5,"enemies":"Spheric Guardian","floor":20,"turns":3},{"damage":12,"enemies":"Snecko","floor":24,"turns":4},{"damage":20,"enemies":"Centurion and Healer","floor":25,"turns":2},{"damage":36,"enemies":"Snake Plant","floor":28,"turns":3},{"damage":0,"enemies":"Gremlin Leader","floor":29,"turns":3},{"damage":4,"enemies":"Masked Bandits","floor":30,"turns":3},{"damage":36,"enemies":"Slavers","floor":31,"turns":6},{"damage":109,"enemies":"Champ","floor":33,"turns":11},{"damage":23,"enemies":"3 Shapes","floor":35,"turns":3},{"damage":5,"enemies":"3 Darklings","floor":37,"turns":5},{"damage":0,"enemies":"Mind Bloom Boss Battle","floor":39,"turns":6},{"damage":76,"enemies":"Giant Head","floor":41,"turns":9},{"damage":54,"enemies":"Reptomancer","floor":44,"turns":5},{"damage":20,"enemies":"Maw","floor":46,"turns":6},{"damage":16,"enemies":"4 Shapes","floor":48,"turns":3},{"damage":80,"enemies":"Awakened One","floor":50,"turns":8}],"seed_played":"1179183904707870805","potions_obtained":[{"floor":3,"key":"SkillPotion"},{"floor":10,"key":"Poison Potion"},{"floor":11,"key":"SteroidPotion"},{"floor":14,"key":"Fire Potion"},{"floor":16,"key":"EssenceOfSteel"},{"floor":18,"key":"SkillPotion"},{"floor":20,"key":"Strength Potion"},{"floor":22,"key":"Fruit Juice"},{"floor":22,"key":"SteroidPotion"},{"floor":24,"key":"FairyPotion"},{"floor":35,"key":"Fire Potion"},{"floor":41,"key":"Fire Potion"},{"floor":44,"key":"AttackPotion"},{"floor":48,"key":"GamblersBrew"}],"is_trial":false,"path_per_floor":["M","?","M","M","?","E","$","?","T","M","E","?","R","M","R","B",null,"M","?","M","$","?","R","M","M","T","R","M","E","?","E","R","B",null,"M","?","M","?","?","R","E","R","T","E","$","M","R","M","R","B",null],"character_chosen":"IRONCLAD","items_purchased":["Strawberry","Sword Boomerang+1","Battle Trance","Vajra","Regal Pillow","Searing Blow+1","Gremlin Horn","Warcry+1","Inflame"],"campfire_rested":7,"item_purchase_floors":[7,7,7,21,21,21,45,45,45],"current_hp_per_floor":[80,85,82,77,77,51,58,47,47,21,7,7,34,38,65,18,92,76,76,77,77,77,77,76,62,62,97,67,73,75,45,89,15,97,80,97,97,97,97,97,27,71,71,23,23,9,53,43,87,13],"gold":102,"neow_bonus":"HUNDRED_GOLD","is_prod":false,"is_daily":false,"chose_seed":false,"campfire_upgraded":2,"win_rate":0,"timestamp":1562958799,"path_taken":["M","?","M","M","?","E","$","?","T","M","E","?","R","M","R","BOSS","M","?","M","$","?","R","M","M","T","R","?","E","?","E","R","BOSS","M","?","M","?","?","R","E","R","T","E","$","?","R","M","R","BOSS"],"build_version":"2019-07-05","purchased_purges":1,"victory":true,"max_hp_per_floor":[80,85,85,85,85,85,92,92,92,92,92,92,92,92,92,92,92,92,92,92,92,92,92,97,97,97,97,97,97,97,97,97,97,97,97,97,97,97,97,97,97,97,97,97,97,97,97,97,97,97],"card_choices":[{"not_picked":["Havoc","Thunderclap"],"picked":"Seeing Red","floor":1},{"not_picked":["Twin Strike","Power Through"],"picked":"Clothesline","floor":3},{"not_picked":["Second Wind","Rage"],"picked":"Bloodletting","floor":4},{"not_picked":["Second Wind","Blood for Blood"],"picked":"Inflame","floor":6},{"not_picked":["Perfected Strike+1","Warcry+1"],"picked":"Seeing Red+1","floor":10},{"not_picked":["Flex+1","Thunderclap+1"],"picked":"Iron Wave+1","floor":11},{"not_picked":["Pommel Strike+1","Fire Breathing"],"picked":"Headbutt+1","floor":14},{"not_picked":["Immolate+1","Impervious+1"],"picked":"Fiend Fire+1","floor":16},{"not_picked":["Corruption+1","Carnage+1"],"picked":"Flame Barrier+1","floor":18},{"not_picked":["Clothesline+1","Heavy Blade+1"],"picked":"Cleave+1","floor":20},{"not_picked":["True Grit+1","Blood for Blood+1"],"picked":"Ghostly Armor+1","floor":24},{"not_picked":["Perfected Strike+1","Dropkick+1","Hemokinesis+1"],"picked":"SKIP","floor":25},{"not_picked":["Clash+1","Wild Strike+1"],"picked":"True Grit+1","floor":28},{"not_picked":["Heavy Blade+1","Rage+1"],"picked":"Shrug It Off+1","floor":29},{"not_picked":["Dual Wield+1","Thunderclap+1"],"picked":"Metallicize+1","floor":30},{"not_picked":["Metallicize","Rage+1"],"picked":"Inflame","floor":31},{"not_picked":["Barricade","Fiend Fire+1"],"picked":"Limit Break+1","floor":33},{"not_picked":["Havoc+1","Anger+1"],"picked":"Armaments+1","floor":35},{"not_picked":["Sentinel+1","True Grit+1"],"picked":"Heavy Blade+1","floor":37},{"not_picked":["Corruption","True Grit+1"],"picked":"Headbutt+1","floor":39},{"not_picked":["Clothesline+1","Rampage+1"],"picked":"Pummel+1","floor":41},{"not_picked":["Shrug It Off+1","Heavy Blade+1"],"picked":"Burning Pact+1","floor":44},{"not_picked":["Cleave+1","Perfected Strike+1"],"picked":"Warcry+1","floor":46},{"not_picked":["Havoc+1","Brutality"],"picked":"True Grit+1","floor":48}],"player_experience":103541,"relics_obtained":[{"floor":6,"key":"Molten Egg 2"},{"floor":9,"key":"Toxic Egg 2"},{"floor":11,"key":"Charon\u0027s Ashes"},{"floor":26,"key":"Orichalcum"},{"floor":29,"key":"Ancient Tea Set"},{"floor":30,"key":"Red Mask"},{"floor":31,"key":"Lantern"},{"floor":39,"key":"Peace Pipe"},{"floor":41,"key":"Boot"},{"floor":43,"key":"Red Skull"},{"floor":44,"key":"Pen Nib"}],"event_choices":[{"damage_healed":0,"gold_gain":0,"player_choice":"Donut","damage_taken":0,"max_hp_gain":5,"max_hp_loss":0,"event_name":"Big Fish","floor":2,"gold_loss":0},{"damage_healed":0,"gold_gain":0,"player_choice":"Grow","damage_taken":0,"max_hp_gain":0,"max_hp_loss":0,"event_name":"Living Wall","floor":5,"gold_loss":0,"cards_upgraded":["Seeing Red"]},{"damage_healed":0,"gold_gain":75,"player_choice":"Gather Gold","damage_taken":11,"max_hp_gain":0,"max_hp_loss":0,"event_name":"World of Goop","floor":8,"gold_loss":0},{"damage_healed":0,"gold_gain":0,"player_choice":"Fled","damage_taken":0,"max_hp_gain":0,"max_hp_loss":0,"event_name":"Scrap Ooze","floor":12,"gold_loss":0},{"damage_healed":0,"gold_gain":99,"player_choice":"Stole From Cult","damage_taken":0,"max_hp_gain":0,"max_hp_loss":0,"event_name":"Nest","floor":19,"gold_loss":0},{"damage_healed":0,"gold_gain":0,"player_choice":"Got Potions","damage_taken":0,"max_hp_gain":0,"max_hp_loss":0,"event_name":"Lab","floor":22,"gold_loss":0},{"damage_healed":0,"gold_gain":0,"player_choice":"Fought Bandits","damage_taken":0,"max_hp_gain":0,"max_hp_loss":0,"event_name":"Masked Bandits","floor":30,"gold_loss":0},{"damage_healed":24,"gold_gain":0,"player_choice":"Writhe","damage_taken":0,"max_hp_gain":0,"max_hp_loss":0,"event_name":"Winding Halls","floor":36,"gold_loss":0,"cards_obtained":["Writhe"]},{"cards_removed":["Inflame"],"damage_healed":0,"gold_gain":0,"player_choice":"Removed Power","damage_taken":0,"max_hp_gain":0,"max_hp_loss":0,"event_name":"Falling","floor":38,"gold_loss":0},{"damage_healed":0,"gold_gain":0,"player_choice":"Fight","damage_taken":0,"max_hp_gain":0,"max_hp_loss":0,"event_name":"MindBloom","floor":39,"gold_loss":0}],"is_beta":false,"boss_relics":[{"not_picked":["Tiny House","Eternal Feather"],"picked":"Philosopher\u0027s Stone"},{"not_picked":["Velvet Choker","White Beast Statue"],"picked":"Cursed Key"}],"items_purged_floors":[45],"is_endless":false,"potions_floor_spawned":[3,10,11,14,16,18,20,24,28,35,41,44,48],"ascension_level":4}