{"path_per_floor":["M","?","$","M","?","E","R","?","T","M","M","M","R","M","R","B",null,"M","M","$","?","M"],"character_chosen":"DEFECT","items_purchased":["Beam Cell","FTL","Panache","Master of Strategy"],"gold_per_floor":[419,419,11,21,21,53,53,128,128,141,152,165,165,176,176,280,310,324,338,35,35,46,46],"floor_reached":23,"campfire_rested":2,"playtime":733,"current_hp_per_floor":[67,52,52,49,49,36,36,25,25,25,20,14,36,24,46,34,75,37,21,21,21,11,0],"items_purged":["Decay","Pain"],"gold":46,"score":232,"play_id":"4a88de35-f87e-4066-a47b-e4f1567f9568","local_time":"20180510101603","is_prod":false,"is_daily":false,"chose_seed":false,"is_ascension_mode":true,"campfire_upgraded":1,"timestamp":1525940163,"path_taken":["M","?","$","M","?","E","R","?","T","M","?","M","R","M","R","BOSS","M","M","$","?","M","E"],"build_version":"2018-05-08","seed_source_timestamp":2755738793898087,"purchased_purges":2,"victory":false,"master_deck":["Strike_B+1","Strike_B+1","Strike_B","Defend_B","Defend_B","Defend_B","Defend_B","Zap","Dualcast+1","Beam Cell","FTL","Panache","Beam Cell","Go for the Eyes","Go for the Eyes","Decay","Injury","Master of Strategy"],"max_hp_per_floor":[75,75,75,75,75,75,75,75,75,75,75,75,75,75,75,75,75,75,75,75,75,75,75],"relics":["Cracked Core","Old Coin","Orichalcum","Unceasing Top","Calling Bell","Tiny Chest","Gremlin Horn","Gambling Chip"],"card_choices":[{"not_picked":["Skim","Sweeping Beam"],"picked":"Beam Cell","floor":4},{"not_picked":["Reprogram","Chaos"],"picked":"Go for the Eyes","floor":10},{"not_picked":["Stack","Buffer"],"picked":"Go for the Eyes","floor":14}],"player_experience":408753,"potions_floor_usage":[16,23,23,23],"damage_taken":[{"damage":8,"enemies":"2 Louse","floor":1,"turns":3},{"damage":3,"enemies":"Small Slimes","floor":4,"turns":2},{"damage":13,"enemies":"Gremlin Nob","floor":6,"turns":3},{"damage":0,"enemies":"Cultist","floor":10,"turns":2},{"damage":5,"enemies":"Large Slime","floor":11,"turns":3},{"damage":6,"enemies":"Looter","floor":12,"turns":2},{"damage":12,"enemies":"Gremlin Gang","floor":14,"turns":3},{"damage":12,"enemies":"Hexaghost","floor":16,"turns":8},{"damage":38,"enemies":"3 Byrds","floor":18,"turns":5},{"damage":16,"enemies":"Spheric Guardian","floor":19,"turns":4},{"damage":10,"enemies":"Centurion and Healer","floor":22,"turns":4},{"damage":17,"enemies":"Slavers","floor":23,"turns":1}],"event_choices":[{"event_name":"Shining Light","player_choice":"Entered Light","floor":2,"damage_taken":0},{"event_name":"Purifier","player_choice":"One Purge","floor":5,"damage_taken":0},{"event_name":"World of Goop","player_choice":"Gather Gold","floor":8,"damage_taken":0},{"event_name":"Cursed Tome","player_choice":"Ignored","floor":21,"damage_taken":0}],"boss_relics":[{"not_picked":["Eternal Feather","Philosopher\u0027s Stone"],"picked":"Calling Bell"}],"potions_floor_spawned":[6,10,16,22],"seed_played":"-4983857567101619830","killed_by":"Slavers","ascension_level":4,"is_trial":false}