{"gold_per_floor":[112,112,112,127,143,143,162,178,178,178,199,199,218,239,239,360,360,373,373,394,394,394],"floor_reached":22,"playtime":1055,"items_purged":[],"score":279,"play_id":"b65bc998-fc4e-4bac-a89e-0b0edc9999ad","local_time":"20190325091919","is_ascension_mode":true,"campfire_choices":[{"data":"Bash","floor":6,"key":"SMITH"},{"data":"1","floor":12,"key":"LIFT"},{"data":"2","floor":15,"key":"LIFT"}],"neow_cost":"TEN_PERCENT_HP_LOSS","seed_source_timestamp":128473389723227,"circlet_count":0,"master_deck":["AscendersBane","Strike_R+1","Strike_R+1","Strike_R+1","Strike_R+1","Strike_R+1","Defend_R+1","Defend_R+1","Defend_R+1","Bash+1","Berserk","True Grit","Twin Strike","Clothesline","Pommel Strike","Carnage","Evolve","Reaper","Dual Wield+1"],"relics":["Burning Blood","Golden Idol","Meat on the Bone","Girya","Black Star"],"potions_floor_usage":[5,16],"damage_taken":[{"damage":0,"enemies":"2 Louse","floor":1,"turns":3},{"damage":0,"enemies":"Small Slimes","floor":4,"turns":3},{"damage":11,"enemies":"Jaw Worm","floor":5,"turns":4},{"damage":15,"enemies":"Blue Slaver","floor":7,"turns":3},{"damage":20,"enemies":"3 Louse","floor":8,"turns":4},{"damage":19,"enemies":"Red Slaver","floor":11,"turns":4},{"damage":10,"enemies":"Looter","floor":13,"turns":3},{"damage":9,"enemies":"2 Fungi Beasts","floor":14,"turns":3},{"damage":43,"enemies":"Hexaghost","floor":16,"turns":7},{"damage":32,"enemies":"3 Byrds","floor":18,"turns":7},{"damage":16,"enemies":"Spheric Guardian","floor":20,"turns":3},{"damage":54,"enemies":"Shelled Parasite and Fungi","floor":22,"turns":3}],"seed_played":"-3898901099425737106","potions_obtained":[{"floor":4,"key":"Regen Potion"},{"floor":14,"key":"LiquidBronze"}],"is_trial":false,"path_per_floor":["M","?","?","M","M","R","M","M","T","?","M","R","M","M","R","B",null,"M","?","M","?","M"],"character_chosen":"IRONCLAD","items_purchased":[],"campfire_rested":0,"item_purchase_floors":[],"current_hp_per_floor":[72,65,47,53,60,60,51,37,37,30,29,29,37,46,46,21,59,52,52,54,54,0],"gold":394,"neow_bonus":"THREE_RARE_CARDS","is_prod":false,"is_daily":false,"chose_seed":false,"campfire_upgraded":1,"win_rate":0,"timestamp":1553530759,"path_taken":["M","?","?","M","M","R","M","M","T","?","M","R","M","M","R","BOSS","M","?","M","?","?"],"build_version":"2019-01-23","purchased_purges":0,"victory":false,"max_hp_per_floor":[72,72,72,72,72,72,72,72,72,72,72,72,72,72,72,72,72,72,72,72,72,72],"card_choices":[{"not_picked":["Juggernaut","Impervious"],"picked":"Berserk","floor":0},{"not_picked":["Heavy Blade","Body Slam"],"picked":"True Grit","floor":1},{"not_picked":["Heavy Blade","Warcry","True Grit"],"picked":"SKIP","floor":4},{"not_picked":["Heavy Blade","Warcry","True Grit"],"picked":"SKIP","floor":4},{"not_picked":["Cleave","Anger"],"picked":"Twin Strike","floor":5},{"not_picked":["True Grit","Reaper"],"picked":"Clothesline","floor":7},{"not_picked":["Clothesline","Wild Strike","Heavy Blade"],"picked":"SKIP","floor":8},{"not_picked":["Clash","Twin Strike"],"picked":"Pommel Strike","floor":11},{"not_picked":["True Grit","Warcry"],"picked":"Carnage","floor":13},{"not_picked":["Demon Form","Armaments"],"picked":"Evolve","floor":14},{"not_picked":["Barricade","Impervious"],"picked":"Reaper","floor":16},{"not_picked":["Pommel Strike","Uppercut+1"],"picked":"Dual Wield+1","floor":18},{"not_picked":["Pommel Strike","Armaments","Flex+1"],"picked":"SKIP","floor":20}],"player_experience":540639,"relics_obtained":[{"floor":9,"key":"Meat on the Bone"}],"event_choices":[{"cards_removed":["Defend_R"],"damage_healed":0,"gold_gain":0,"player_choice":"Card Removal","damage_taken":7,"max_hp_gain":0,"max_hp_loss":0,"event_name":"Golden Wing","floor":2,"gold_loss":0},{"damage_healed":0,"gold_gain":0,"player_choice":"Take Damage","damage_taken":18,"relics_obtained":["Golden Idol"],"max_hp_gain":0,"max_hp_loss":0,"event_name":"Golden Idol","floor":3,"gold_loss":0},{"damage_healed":0,"gold_gain":0,"player_choice":"Success","damage_taken":7,"relics_obtained":["Girya"],"max_hp_gain":0,"max_hp_loss":0,"event_name":"Scrap Ooze","floor":10,"gold_loss":0},{"damage_healed":0,"gold_gain":0,"player_choice":"Simplicity","damage_taken":0,"max_hp_gain":0,"max_hp_loss":0,"event_name":"Back to Basics","floor":19,"gold_loss":0,"cards_upgraded":["Strike_R","Strike_R","Strike_R","Strike_R","Strike_R","Defend_R","Defend_R","Defend_R"]},{"damage_healed":0,"gold_gain":0,"player_choice":"0 cards matched","damage_taken":0,"max_hp_gain":0,"max_hp_loss":0,"event_name":"Match and Keep!","floor":21,"gold_loss":0,"cards_obtained":[]}],"is_beta":false,"boss_relics":[{"not_picked":["Snecko Eye","Empty Cage"],"picked":"Black Star"}],"items_purged_floors":[],"is_endless":false,"potions_floor_spawned":[4,14],"killed_by":"Shelled Parasite and Fungi","ascension_level":11}