{"gold_per_floor":[114,114,189,204,204,204,238,252,252,286,306,335,335],"floor_reached":13,"playtime":1014,"items_purged":[],"score":134,"play_id":"1b32e554-bfc8-4288-9c5d-6cca7bfa4c09","local_time":"20181227182318","is_ascension_mode":true,"campfire_choices":[{"data":"Envenom","floor":6,"key":"SMITH"}],"neow_cost":"NONE","seed_source_timestamp":6026314464734,"circlet_count":0,"master_deck":["Defend_G","Defend_G","Defend_G","Defend_G","Defend_G","Strike_G","Strike_G","Strike_G","Strike_G","Strike_G","Survivor","Neutralize","Envenom+1","Backflip","Infinite Blades","Footwork","Backflip","Blade Dance"],"relics":["Ring of the Snake","Letter Opener","Bottled Tornado","Paper Crane","The Courier"],"potions_floor_usage":[7,7,7,7,7,7,10,12,12,12,12,13],"damage_taken":[{"damage":2,"enemies":"Jaw Worm","floor":1,"turns":6},{"damage":0,"enemies":"Small Slimes","floor":4,"turns":4},{"damage":42,"enemies":"Gremlin Nob","floor":7,"turns":6},{"damage":0,"enemies":"Cultist","floor":8,"turns":4},{"damage":3,"enemies":"3 Sentries","floor":10,"turns":10},{"damage":15,"enemies":"Lots of Slimes","floor":11,"turns":8},{"damage":0,"enemies":"Lagavulin","floor":12,"turns":9},{"damage":4,"enemies":"Exordium Wildlife","floor":13,"turns":1}],"seed_played":"-301397333262386643","potions_obtained":[{"floor":5,"key":"EntropicBrew"},{"floor":5,"key":"GamblersBrew"},{"floor":5,"key":"LiquidBronze"},{"floor":8,"key":"EssenceOfSteel"},{"floor":11,"key":"EntropicBrew"},{"floor":12,"key":"Explosive Potion"}],"is_trial":false,"path_per_floor":["M","?","?","M","?","R","E","M","T","E","M","E","M"],"character_chosen":"THE_SILENT","items_purchased":[],"campfire_rested":0,"item_purchase_floors":[],"current_hp_per_floor":[68,73,62,62,62,62,20,20,20,17,2,2,0],"gold":335,"neow_bonus":"ONE_RANDOM_RARE_CARD","is_prod":false,"is_daily":false,"chose_seed":false,"campfire_upgraded":1,"win_rate":0,"timestamp":1545960198,"path_taken":["M","?","?","M","?","R","E","?","T","E","M","E","M"],"build_version":"2018-12-20","purchased_purges":0,"victory":false,"max_hp_per_floor":[70,75,75,75,75,75,75,75,75,75,75,75,75],"card_choices":[{"not_picked":["Quick Slash","Deadly Poison"],"picked":"Backflip","floor":1},{"not_picked":["Bouncing Flask","Masterful Stab","Quick Slash"],"picked":"SKIP","floor":4},{"not_picked":["Flechettes","Blade Dance"],"picked":"Infinite Blades","floor":7},{"not_picked":["Quick Slash","Well Laid Plans","Expertise"],"picked":"SKIP","floor":8},{"not_picked":["Cloak And Dagger","Tactician"],"picked":"Footwork","floor":10},{"not_picked":["Dagger Throw","Choke"],"picked":"Backflip","floor":11},{"not_picked":["PiercingWail","Quick Slash"],"picked":"Blade Dance","floor":12}],"player_experience":204603,"relics_obtained":[{"floor":7,"key":"Letter Opener"},{"floor":9,"key":"Bottled Tornado"},{"floor":10,"key":"Paper Crane"},{"floor":12,"key":"The Courier"}],"event_choices":[{"damage_healed":0,"gold_gain":0,"player_choice":"Donut","damage_taken":0,"max_hp_gain":5,"max_hp_loss":0,"event_name":"Big Fish","floor":2,"gold_loss":0},{"damage_healed":0,"gold_gain":75,"player_choice":"Gather Gold","damage_taken":11,"max_hp_gain":0,"max_hp_loss":0,"event_name":"World of Goop","floor":3,"gold_loss":0},{"damage_healed":0,"gold_gain":0,"player_choice":"Got Potions","damage_taken":0,"max_hp_gain":0,"max_hp_loss":0,"event_name":"Lab","floor":5,"gold_loss":0}],"is_beta":false,"boss_relics":[],"items_purged_floors":[],"is_endless":false,"potions_floor_spawned":[8,11,12],"killed_by":"Exordium Wildlife","ascension_level":1}