{"gold_per_floor":[114,64,64,79,89,120,120,45,118,130,156,156,156,166,166,266,266,278,203,218,317,334,185,185,185],"floor_reached":25,"playtime":957,"items_purged":["Strike_B","Defend_B"],"score":285,"play_id":"e93927c5-3b00-4def-a759-89d095e395c8","local_time":"20180712120806","is_ascension_mode":true,"campfire_choices":[{"data":"Zap","floor":7,"key":"SMITH"},{"floor":13,"key":"REST"},{"floor":15,"key":"REST"},{"data":"Dualcast","floor":24,"key":"SMITH"}],"neow_cost":"TEN_PERCENT_HP_LOSS","seed_source_timestamp":181308506696402,"circlet_count":0,"master_deck":["Defend_B","Zap+1","Dualcast+1","Ball Lightning","Ball Lightning","Thunder Strike","Ball Lightning"],"relics":["Cracked Core","Lantern","Bronze Scales","Blue Candle","Cursed Key"],"potions_floor_usage":[6,11,25],"damage_taken":[{"damage":6,"enemies":"Cultist","floor":1,"turns":4},{"damage":8,"enemies":"Jaw Worm","floor":4,"turns":4},{"damage":7,"enemies":"Small Slimes","floor":5,"turns":4},{"damage":30,"enemies":"Lagavulin","floor":6,"turns":6},{"damage":0,"enemies":"Exordium Wildlife","floor":10,"turns":2},{"damage":12,"enemies":"Gremlin Nob","floor":11,"turns":3},{"damage":8,"enemies":"Blue Slaver","floor":14,"turns":2},{"damage":38,"enemies":"Hexaghost","floor":16,"turns":8},{"damage":6,"enemies":"Spheric Guardian","floor":18,"turns":3},{"damage":7,"enemies":"Chosen","floor":20,"turns":2},{"damage":6,"enemies":"Sentry and Sphere","floor":22,"turns":3},{"damage":44,"enemies":"Slavers","floor":25,"turns":2}],"seed_played":"5071453868651477729","potions_obtained":[{"floor":1,"key":"Regen Potion"},{"floor":6,"key":"Poison Potion"},{"floor":11,"key":"SmokeBomb"},{"floor":14,"key":"SpeedPotion"},{"floor":16,"key":"Ancient Potion"},{"floor":20,"key":"Regen Potion"}],"is_trial":false,"path_per_floor":["M","?","?","M","M","E","R","$","T","M","E","?","R","M","R","B",null,"M","?","M","?","M","$","R"],"character_chosen":"DEFECT","items_purchased":["Ball Lightning"],"campfire_rested":2,"item_purchase_floors":[23],"current_hp_per_floor":[62,62,62,54,47,31,31,31,31,31,19,12,32,24,44,6,53,47,47,40,40,34,34,34,0],"gold":185,"neow_bonus":"REMOVE_TWO","is_prod":false,"is_daily":false,"chose_seed":false,"campfire_upgraded":2,"win_rate":0,"timestamp":1531390086,"path_taken":["M","?","?","M","M","E","R","?","T","?","E","?","R","M","R","BOSS","M","?","M","?","?","$","R","E"],"build_version":"2018-07-10","purchased_purges":2,"victory":false,"max_hp_per_floor":[68,68,68,68,68,68,68,68,68,68,68,68,68,68,68,68,68,68,68,68,68,68,68,68,68],"card_choices":[{"not_picked":["Coolheaded","Steam","Go for the Eyes"],"picked":"SKIP","floor":1},{"not_picked":["Glacier","Go for the Eyes","Auto Shields"],"picked":"SKIP","floor":4},{"not_picked":["Fusion","Barrage"],"picked":"Ball Lightning","floor":5},{"not_picked":["Coolheaded","Static Discharge","Rip and Tear"],"picked":"SKIP","floor":6},{"not_picked":["Steam","Auto Shields"],"picked":"Ball Lightning","floor":10},{"not_picked":["Fusion","Tempest","Streamline"],"picked":"SKIP","floor":11},{"not_picked":["Sweeping Beam","Rainbow","Melter"],"picked":"SKIP","floor":14},{"not_picked":["All For One","Seek"],"picked":"Thunder Strike","floor":16},{"not_picked":["Compile Driver","Leap","Steam Power"],"picked":"SKIP","floor":18},{"not_picked":["Streamline","Blizzard","Machine Learning"],"picked":"SKIP","floor":20},{"not_picked":["Go for the Eyes+1","Redo","Skim"],"picked":"SKIP","floor":22}],"player_experience":484980,"relics_obtained":[{"floor":6,"key":"Bronze Scales"},{"floor":9,"key":"Blue Candle"}],"event_choices":[{"event_name":"The Cleric","player_choice":"Card Removal","floor":2,"damage_taken":0},{"event_name":"Wheel of Change","player_choice":"Relic","floor":3,"damage_taken":0},{"event_name":"Golden Wing","player_choice":"Card Removal","floor":12,"damage_taken":0},{"event_name":"Beggar","player_choice":"Gave Gold","floor":19,"damage_taken":0},{"event_name":"Nest","player_choice":"Stole From Cult","floor":21,"damage_taken":0}],"boss_relics":[{"not_picked":["Snecko Eye","Velvet Choker"],"picked":"Cursed Key"}],"items_purged_floors":[8,23],"is_endless":false,"potions_floor_spawned":[1,6,11,14,16,18,20],"killed_by":"Slavers","ascension_level":7}