{"gold_per_floor":[111,111,127,145,35,61,143,177,177,177,6,17,17,17,17,118,118,137,137,148,148,99,99],"floor_reached":23,"playtime":1125,"items_purged":["Pain","Strike_R"],"score":246,"play_id":"0da2f1b6-e5f5-40cf-93b1-791df4fc3e09","local_time":"20190110205647","is_ascension_mode":true,"campfire_choices":[{"floor":10,"key":"REST"},{"data":"Dual Wield","floor":13,"key":"SMITH"},{"data":"Bash","floor":15,"key":"SMITH"}],"neow_cost":"NONE","seed_source_timestamp":7288065313396,"circlet_count":0,"master_deck":["Strike_R+1","Strike_R+1","Strike_R+1","Strike_R+1","Defend_R+1","Defend_R+1","Defend_R+1","Bash+1","Thunderclap","Dual Wield+1","Dropkick","Dropkick","Bloodletting","Limit Break","Heavy Blade","Entrench+1","Flex"],"relics":["Burning Blood","NeowsBlessing","WarpedTongs","Dream Catcher","War Paint","Mummified Hand","Coffee Dripper"],"potions_floor_usage":[6,19],"damage_taken":[{"damage":0,"enemies":"Small Slimes","floor":1,"turns":1},{"damage":1,"enemies":"Cultist","floor":3,"turns":1},{"damage":1,"enemies":"Jaw Worm","floor":4,"turns":1},{"damage":55,"enemies":"3 Sentries","floor":6,"turns":10},{"damage":29,"enemies":"Gremlin Nob","floor":8,"turns":4},{"damage":11,"enemies":"Looter","floor":12,"turns":3},{"damage":23,"enemies":"Hexaghost","floor":16,"turns":9},{"damage":15,"enemies":"Chosen","floor":18,"turns":4},{"damage":30,"enemies":"Colosseum Slavers","floor":19,"turns":4},{"damage":17,"enemies":"2 Thieves","floor":20,"turns":4},{"damage":26,"enemies":"Gremlin Leader","floor":23,"turns":4}],"seed_played":"-3673056357888218225","potions_obtained":[{"floor":3,"key":"Poison Potion"},{"floor":16,"key":"LiquidBronze"}],"is_trial":false,"path_per_floor":["M","?","M","M","$","E","T","E","T","R","$","M","R","?","R","B",null,"M","?","M","?","$","E"],"character_chosen":"IRONCLAD","items_purchased":["Dual Wield","Dropkick","Flex"],"campfire_rested":1,"item_purchase_floors":[5,11,22],"current_hp_per_floor":[80,80,80,80,80,31,31,8,8,32,32,27,27,27,27,10,63,54,30,19,19,19,0],"gold":99,"neow_bonus":"THREE_ENEMY_KILL","is_prod":false,"is_daily":false,"chose_seed":false,"campfire_upgraded":2,"win_rate":0,"timestamp":1547179007,"path_taken":["M","?","M","?","$","E","?","E","T","R","?","M","R","?","R","BOSS","M","?","M","?","$","E"],"build_version":"2019-01-10","purchased_purges":2,"victory":false,"max_hp_per_floor":[80,80,80,80,80,80,80,80,80,80,80,80,80,80,80,80,80,80,80,80,80,80,80],"card_choices":[{"not_picked":["Perfected Strike","Warcry"],"picked":"Thunderclap","floor":1},{"not_picked":["Twin Strike","Pommel Strike","Heavy Blade"],"picked":"SKIP","floor":3},{"not_picked":["Headbutt","Perfected Strike","Anger"],"picked":"SKIP","floor":4},{"not_picked":["Evolve","Havoc"],"picked":"Dropkick","floor":6},{"not_picked":["Headbutt","Sever Soul","Cleave"],"picked":"SKIP","floor":8},{"not_picked":["Warcry","Thunderclap","Cleave"],"picked":"SKIP","floor":12},{"not_picked":["Offering","Double Tap"],"picked":"Limit Break","floor":16},{"not_picked":["Sword Boomerang+1","Dual Wield"],"picked":"Heavy Blade","floor":18},{"not_picked":["Sword Boomerang","Spot Weakness"],"picked":"Entrench+1","floor":20}],"player_experience":288824,"relics_obtained":[{"floor":6,"key":"Dream Catcher"},{"floor":8,"key":"War Paint"},{"floor":9,"key":"Mummified Hand"}],"event_choices":[{"damage_healed":0,"gold_gain":0,"player_choice":"Rummage","damage_taken":0,"relics_obtained":["WarpedTongs"],"max_hp_gain":0,"max_hp_loss":0,"event_name":"Accursed Blacksmith","floor":2,"gold_loss":0,"cards_obtained":["Pain"]},{"damage_healed":0,"gold_gain":0,"cards_transformed":["Defend_R"],"player_choice":"Transformed","damage_taken":0,"max_hp_gain":0,"max_hp_loss":0,"event_name":"Transmorgrifier","floor":14,"gold_loss":0,"cards_obtained":["Bloodletting"]},{"damage_healed":0,"gold_gain":0,"player_choice":"Fight","damage_taken":0,"max_hp_gain":0,"max_hp_loss":0,"event_name":"Colosseum","floor":19,"gold_loss":0},{"damage_healed":0,"gold_gain":0,"player_choice":"Fled From Nobs","damage_taken":0,"max_hp_gain":0,"max_hp_loss":0,"event_name":"Colosseum","floor":19,"gold_loss":0},{"damage_healed":0,"gold_gain":0,"player_choice":"Simplicity","damage_taken":0,"max_hp_gain":0,"max_hp_loss":0,"event_name":"Back to Basics","floor":21,"gold_loss":0,"cards_upgraded":["Strike_R","Strike_R","Strike_R","Strike_R","Defend_R"]}],"is_beta":false,"boss_relics":[{"not_picked":["Calling Bell","Cursed Key"],"picked":"Coffee Dripper"}],"items_purged_floors":[5,11],"is_endless":false,"potions_floor_spawned":[3,16],"killed_by":"Gremlin Leader","ascension_level":5}