{"gold_per_floor":[116,128,147,37,0,33,33,44,44,44,57,31,50,67,67,165,165,185,185,197,197,197],"floor_reached":22,"playtime":1653,"items_purged":[],"score":238,"play_id":"ede2b5fa-a0c6-4dbd-b12a-9f1d85a32d2c","local_time":"20190810174403","is_ascension_mode":false,"campfire_choices":[{"floor":7,"key":"REST"},{"floor":10,"key":"REST"},{"data":"Bane","floor":15,"key":"SMITH"}],"neow_cost":"NONE","seed_source_timestamp":1701168320220900,"circlet_count":0,"master_deck":["Strike_G","Strike_G","Strike_G","Strike_G","Strike_G","Defend_G","Defend_G","Defend_G","Defend_G","Defend_G","Survivor","Neutralize","Bane+1","Noxious Fumes","Flying Knee","Acrobatics","Endless Agony","Expertise","Unload","Dagger Spray","Dash","Quick Slash","Slice","Predator","Die Die Die","Deadly Poison","Prepared+1"],"relics":["Ring of the Snake","PreservedInsect","Dodecahedron","Black Star","Nilry\u0027s Codex","MutagenicStrength"],"potions_floor_usage":[],"damage_taken":[{"damage":6,"enemies":"Cultist","floor":1,"turns":4},{"damage":0,"enemies":"Small Slimes","floor":2,"turns":3},{"damage":3,"enemies":"Jaw Worm","floor":3,"turns":3},{"damage":48,"enemies":"Gremlin Nob","floor":6,"turns":6},{"damage":4,"enemies":"Red Slaver","floor":8,"turns":3},{"damage":5,"enemies":"3 Louse","floor":11,"turns":3},{"damage":0,"enemies":"Exordium Wildlife","floor":13,"turns":3},{"damage":7,"enemies":"Exordium Thugs","floor":14,"turns":3},{"damage":0,"enemies":"Slime Boss","floor":16,"turns":7},{"damage":5,"enemies":"Spheric Guardian","floor":18,"turns":3},{"damage":15,"enemies":"2 Thieves","floor":20,"turns":5},{"damage":36,"enemies":"3 Cultists","floor":22,"turns":5}],"seed_played":"2068311459802215162","potions_obtained":[{"floor":3,"key":"FearPotion"},{"floor":6,"key":"FearPotion"},{"floor":14,"key":"Fire Potion"},{"floor":18,"key":"Ancient Potion"},{"floor":20,"key":"SteroidPotion"}],"is_trial":false,"path_per_floor":["M","M","M","$","?","E","R","M","T","R","M","$","M","M","R","B",null,"M","?","M","?","M"],"character_chosen":"THE_SILENT","items_purchased":["Endless Agony","Expertise","Quick Slash"],"campfire_rested":2,"item_purchase_floors":[4,4,12],"current_hp_per_floor":[64,64,61,61,61,13,34,30,30,51,46,46,46,39,39,39,70,65,49,34,34,0],"gold":197,"neow_bonus":"THREE_CARDS","is_prod":false,"is_daily":false,"chose_seed":false,"campfire_upgraded":1,"win_rate":0.0,"timestamp":1565484243,"path_taken":["M","?","M","$","?","E","R","M","T","R","M","?","?","M","R","BOSS","M","?","M","?","M"],"build_version":"2019-07-17","purchased_purges":0,"victory":false,"max_hp_per_floor":[70,70,70,70,70,70,70,70,70,70,70,70,70,70,70,70,70,70,70,70,70,70],"card_choices":[{"not_picked":["Riddle With Holes","Flying Knee"],"picked":"Bane","floor":0},{"not_picked":["Poisoned Stab","All Out Attack"],"picked":"Noxious Fumes","floor":1},{"not_picked":["Quick Slash","Endless Agony"],"picked":"Flying Knee","floor":2},{"not_picked":["Flying Knee","Deflect"],"picked":"Acrobatics","floor":3},{"not_picked":["Masterful Stab","Prepared"],"picked":"Unload","floor":6},{"not_picked":["Sucker Punch","Flying Knee"],"picked":"Dagger Spray","floor":8},{"not_picked":["Bane","Phantasmal Killer"],"picked":"Dash","floor":11},{"not_picked":["Masterful Stab","Dodge and Roll"],"picked":"Slice","floor":13},{"not_picked":["Flying Knee","Quick Slash"],"picked":"Predator","floor":14},{"not_picked":["Burst","Doppelganger"],"picked":"Die Die Die","floor":16},{"not_picked":["Sucker Punch","Tactician+1"],"picked":"Deadly Poison","floor":18},{"not_picked":["Slice","Dodge and Roll+1"],"picked":"Prepared+1","floor":20}],"player_experience":16478,"relics_obtained":[{"floor":6,"key":"PreservedInsect"},{"floor":9,"key":"Dodecahedron"},{"floor":19,"key":"Nilry\u0027s Codex"}],"event_choices":[{"damage_healed":0,"gold_gain":0,"player_choice":"Left Gold","damage_taken":0,"max_hp_gain":0,"max_hp_loss":0,"event_name":"World of Goop","floor":5,"gold_loss":37},{"damage_healed":0,"gold_gain":0,"player_choice":"Obtained Book","damage_taken":16,"max_hp_gain":0,"max_hp_loss":0,"event_name":"Cursed Tome","floor":19,"gold_loss":0},{"damage_healed":0,"gold_gain":0,"player_choice":"Inject Mutagens","damage_taken":0,"relics_obtained":["MutagenicStrength"],"max_hp_gain":0,"max_hp_loss":0,"event_name":"Drug Dealer","floor":21,"gold_loss":0}],"is_beta":false,"boss_relics":[{"not_picked":["Snecko Eye","HoveringKite"],"picked":"Black Star"}],"items_purged_floors":[],"is_endless":false,"potions_floor_spawned":[3,6,14,18,20],"killed_by":"3 Cultists","ascension_level":0}