{"gold_per_floor":[118,133,149,4,16,16,46,57,111,111,128,0,16,16,16,117,117,128,128,144,69,69,104,121,154,154,167,167],"floor_reached":28,"playtime":2076,"items_purged":["Strike_R"],"score":288,"play_id":"055161a1-faf2-4eeb-8f3a-636c6c1a4c52","local_time":"20190810214603","is_ascension_mode":true,"campfire_choices":[{"data":"Uppercut","floor":6,"key":"SMITH"},{"data":"Battle Trance","floor":10,"key":"SMITH"},{"data":"Demon Form","floor":15,"key":"SMITH"}],"neow_cost":"NONE","seed_source_timestamp":75826042159987,"circlet_count":0,"master_deck":["Strike_R","Strike_R","Defend_R","Defend_R","Defend_R","Defend_R","Uppercut+1","Pommel Strike","Battle Trance+1","Shockwave","Seeing Red","Shrug It Off","Perfected Strike","Demon Form+1","Reaper","Fiend Fire","Metallicize","Dark Embrace","Dual Wield+1","Heavy Blade","Metallicize","Injury","Armaments+1"],"relics":["Burning Blood","Pantograph","Boot","Cursed Key","Matryoshka","Blood Vial","The Courier","Letter Opener"],"potions_floor_usage":[13,18,23,25,27],"damage_taken":[{"damage":4,"enemies":"Jaw Worm","floor":1,"turns":5},{"damage":8,"enemies":"Small Slimes","floor":2,"turns":4},{"damage":0,"enemies":"Cultist","floor":3,"turns":3},{"damage":9,"enemies":"2 Fungi Beasts","floor":5,"turns":4},{"damage":22,"enemies":"3 Sentries","floor":7,"turns":8},{"damage":3,"enemies":"Looter","floor":8,"turns":3},{"damage":14,"enemies":"Exordium Thugs","floor":11,"turns":3},{"damage":0,"enemies":"Gremlin Gang","floor":13,"turns":5},{"damage":49,"enemies":"The Guardian","floor":16,"turns":9},{"damage":8,"enemies":"2 Thieves","floor":18,"turns":4},{"damage":2,"enemies":"3 Byrds","floor":20,"turns":6},{"damage":24,"enemies":"Gremlin Leader","floor":23,"turns":7},{"damage":16,"enemies":"Snecko","floor":24,"turns":4},{"damage":33,"enemies":"Book of Stabbing","floor":25,"turns":7},{"damage":19,"enemies":"Cultist and Chosen","floor":27,"turns":6},{"damage":72,"enemies":"Slavers","floor":28,"turns":6}],"seed_played":"5555889342306207979","potions_obtained":[{"floor":3,"key":"Poison Potion"},{"floor":5,"key":"Dexterity Potion"},{"floor":8,"key":"Ancient Potion"},{"floor":16,"key":"SkillPotion"},{"floor":18,"key":"Weak Potion"},{"floor":20,"key":"Block Potion"}],"is_trial":false,"path_per_floor":["M","M","M","$","M","R","E","M","T","R","M","$","M","$","R","B",null,"M","?","M","?","?","E","M","E","T","M","E"],"character_chosen":"IRONCLAD","items_purchased":["Shockwave","Demon Form","AttackPotion"],"campfire_rested":0,"item_purchase_floors":[4,12,12],"current_hp_per_floor":[80,78,80,80,77,77,61,64,64,64,56,56,62,62,62,61,80,80,80,80,80,80,80,80,80,80,67,0],"gold":167,"neow_bonus":"THREE_CARDS","is_prod":false,"is_daily":false,"chose_seed":false,"campfire_upgraded":3,"win_rate":0,"timestamp":1565487963,"path_taken":["M","M","M","$","M","R","E","M","T","R","M","$","M","$","R","BOSS","M","?","M","?","?","E","M","E","T","M","E"],"build_version":"2019-07-17","purchased_purges":1,"victory":false,"max_hp_per_floor":[80,80,80,80,80,80,80,80,80,80,80,80,80,80,80,80,80,80,80,80,80,80,80,80,80,80,80,80],"card_choices":[{"not_picked":["Pommel Strike","Battle Trance"],"picked":"Uppercut","floor":0},{"not_picked":["Rage","Wild Strike"],"picked":"Pommel Strike","floor":1},{"not_picked":["Thunderclap","Uppercut"],"picked":"Battle Trance","floor":2},{"not_picked":["Hemokinesis","Heavy Blade","Sword Boomerang"],"picked":"SKIP","floor":3},{"not_picked":["Corruption","Feel No Pain"],"picked":"Seeing Red","floor":5},{"not_picked":["Pummel","Bloodletting"],"picked":"Shrug It Off","floor":7},{"not_picked":["Flex","Thunderclap"],"picked":"Perfected Strike","floor":8},{"not_picked":["Heavy Blade","Flex"],"picked":"Second Wind","floor":11},{"not_picked":["Entrench","Sentinel"],"picked":"Reaper","floor":13},{"not_picked":["Limit Break","Demon Form"],"picked":"Fiend Fire","floor":16},{"not_picked":["Inflame","Flex","Clothesline"],"picked":"SKIP","floor":18},{"not_picked":["Infernal Blade","Fire Breathing"],"picked":"Dual Wield+1","floor":20},{"not_picked":["Intimidate+1","Iron Wave"],"picked":"Heavy Blade","floor":23},{"not_picked":["Shrug It Off","Dual Wield"],"picked":"Metallicize","floor":24},{"not_picked":["Flex+1","Warcry","Blood for Blood"],"picked":"SKIP","floor":25},{"not_picked":["Clash","Perfected Strike"],"picked":"Armaments+1","floor":27}],"player_experience":82637,"relics_obtained":[{"floor":7,"key":"Pantograph"},{"floor":9,"key":"Boot"},{"floor":23,"key":"Matryoshka"},{"floor":25,"key":"Blood Vial"},{"floor":26,"key":"The Courier"},{"floor":26,"key":"Letter Opener"}],"event_choices":[{"damage_healed":0,"gold_gain":0,"cards_transformed":["Second Wind","Bash"],"player_choice":"Became Test Subject","damage_taken":0,"max_hp_gain":0,"max_hp_loss":0,"event_name":"Drug Dealer","floor":19,"gold_loss":0,"cards_obtained":["Metallicize","Dark Embrace"]},{"cards_removed":["Strike_R"],"damage_healed":0,"gold_gain":0,"player_choice":"Gave Gold","damage_taken":0,"max_hp_gain":0,"max_hp_loss":0,"event_name":"Beggar","floor":21,"gold_loss":75},{"cards_removed":["Strike_R"],"damage_healed":0,"gold_gain":0,"player_choice":"Purged","damage_taken":0,"max_hp_gain":0,"max_hp_loss":0,"event_name":"Purifier","floor":22,"gold_loss":0}],"is_beta":false,"boss_relics":[{"not_picked":["Black Blood","Busted Crown"],"picked":"Cursed Key"}],"items_purged_floors":[4],"is_endless":false,"potions_floor_spawned":[3,5,8,16,18,20],"killed_by":"Slavers","ascension_level":2}