{"gold_per_floor":[116,128,148,148,161,189,189,205,205,221,240,259,289,308,308,308],"floor_reached":16,"playtime":2457,"items_purged":[],"score":118,"play_id":"6c6498dc-be33-4186-9d7f-e2cc42a6fd2d","local_time":"20190807112747","is_ascension_mode":false,"campfire_choices":[{"data":"Pommel Strike","floor":7,"key":"SMITH"},{"data":"Bludgeon","floor":15,"key":"SMITH"}],"neow_cost":"NONE","seed_source_timestamp":2304448988971458,"circlet_count":0,"master_deck":["Strike_R","Strike_R","Strike_R","Strike_R","Strike_R","Defend_R+1","Defend_R+1","Defend_R","Bash","Finesse","Anger","Iron Wave","Pommel Strike+1","Reckless Charge","Body Slam","Clash","Corruption","Body Slam","Pommel Strike","Bludgeon+1","Clash"],"relics":["Burning Blood","Girya","Dream Catcher","War Paint"],"potions_floor_usage":[10,16,16],"damage_taken":[{"damage":7,"enemies":"Small Slimes","floor":1,"turns":4},{"damage":2,"enemies":"Cultist","floor":2,"turns":4},{"damage":0,"enemies":"2 Louse","floor":3,"turns":3},{"damage":4,"enemies":"Exordium Thugs","floor":5,"turns":5},{"damage":26,"enemies":"Lagavulin","floor":6,"turns":7},{"damage":2,"enemies":"3 Louse","floor":8,"turns":3},{"damage":3,"enemies":"Looter","floor":10,"turns":2},{"damage":5,"enemies":"Blue Slaver","floor":11,"turns":2},{"damage":0,"enemies":"3 Louse","floor":12,"turns":2},{"damage":3,"enemies":"Gremlin Nob","floor":13,"turns":3},{"damage":0,"enemies":"Large Slime","floor":14,"turns":3},{"damage":81,"enemies":"Hexaghost","floor":16,"turns":9}],"seed_played":"378463554493602150","potions_obtained":[{"floor":1,"key":"Swift Potion"},{"floor":2,"key":"Swift Potion"},{"floor":11,"key":"EssenceOfSteel"},{"floor":12,"key":"Energy Potion"}],"is_trial":false,"path_per_floor":["M","M","M","?","M","E","R","M","T","M","M","M","E","M","R","B"],"character_chosen":"IRONCLAD","items_purchased":[],"campfire_rested":0,"item_purchase_floors":[],"current_hp_per_floor":[79,80,80,80,80,60,60,64,64,67,68,74,77,80,80,0],"gold":308,"neow_bonus":"RANDOM_COLORLESS","is_prod":false,"is_daily":false,"chose_seed":false,"campfire_upgraded":2,"win_rate":0.0,"timestamp":1565195267,"path_taken":["M","M","M","?","M","E","R","M","T","M","?","M","E","M","R","BOSS"],"build_version":"2019-07-17","purchased_purges":0,"victory":false,"max_hp_per_floor":[80,80,80,80,80,80,80,80,80,80,80,80,80,80,80,80],"card_choices":[{"not_picked":["Warcry","Pummel"],"picked":"Anger","floor":1},{"not_picked":["Warcry","Pummel"],"picked":"Iron Wave","floor":2},{"not_picked":["Cleave","Anger"],"picked":"Pommel Strike","floor":3},{"not_picked":["True Grit","Burning Pact"],"picked":"Reckless Charge","floor":5},{"not_picked":["Clothesline","True Grit"],"picked":"Body Slam","floor":6},{"not_picked":["Anger","Offering"],"picked":"Clash","floor":8},{"not_picked":["Wild Strike","Armaments"],"picked":"Corruption","floor":10},{"not_picked":["Sword Boomerang","Thunderclap"],"picked":"Body Slam","floor":11},{"not_picked":["Cleave","Anger"],"picked":"Pommel Strike","floor":12},{"not_picked":["Juggernaut","Cleave"],"picked":"Bludgeon","floor":13},{"not_picked":["Wild Strike","Hemokinesis"],"picked":"Clash","floor":14}],"player_experience":47381,"relics_obtained":[{"floor":6,"key":"Girya"},{"floor":9,"key":"Dream Catcher"},{"floor":13,"key":"War Paint"}],"event_choices":[{"cards_removed":["Defend_R"],"damage_healed":0,"gold_gain":0,"player_choice":"Offered Basic","damage_taken":0,"max_hp_gain":0,"max_hp_loss":0,"event_name":"Bonfire Elementals","floor":4,"gold_loss":0}],"is_beta":false,"boss_relics":[],"items_purged_floors":[],"is_endless":false,"potions_floor_spawned":[1,2,11,12,13],"killed_by":"Hexaghost","ascension_level":0}