{"gold_per_floor":[359,55,55,68,80,80,98,113,137,156,86,86,86,96,96,96],"floor_reached":16,"playtime":684,"items_purged":["Injury"],"score":94,"play_id":"21e660b2-74f3-492c-afd0-ce7e81e8cde4","local_time":"20190205213528","is_ascension_mode":false,"campfire_choices":[{"data":"Bash","floor":6,"key":"SMITH"},{"data":"Defend_R","floor":13,"key":"SMITH"},{"data":"Dual Wield","floor":15,"key":"SMITH"}],"neow_cost":"CURSE","seed_source_timestamp":755086592738417,"circlet_count":0,"master_deck":["Strike_R","Strike_R","Strike_R","Strike_R","Defend_R","Defend_R","Defend_R","Defend_R+1","Bash+1","Pommel Strike","Dropkick","Dropkick","Dual Wield+1"],"relics":["Burning Blood","Vajra","Blood Vial"],"potions_floor_usage":[8,10,16],"damage_taken":[{"damage":13,"enemies":"2 Louse","floor":1,"turns":5},{"damage":1,"enemies":"Cultist","floor":4,"turns":3},{"damage":0,"enemies":"Small Slimes","floor":5,"turns":3},{"damage":21,"enemies":"2 Fungi Beasts","floor":7,"turns":3},{"damage":30,"enemies":"Exordium Thugs","floor":8,"turns":4},{"damage":20,"enemies":"Exordium Wildlife","floor":10,"turns":6},{"damage":0,"enemies":"2 Fungi Beasts","floor":14,"turns":2},{"damage":55,"enemies":"The Guardian","floor":16,"turns":13}],"seed_played":"-5677241571812165126","potions_obtained":[{"floor":5,"key":"Block Potion"},{"floor":7,"key":"Regen Potion"},{"floor":10,"key":"Weak Potion"}],"is_trial":false,"path_per_floor":["M","$","?","M","M","R","M","M","T","M","$","?","R","M","R","B"],"character_chosen":"IRONCLAD","items_purchased":["Dropkick","Vajra","Dropkick"],"campfire_rested":0,"item_purchase_floors":[2,2,11],"current_hp_per_floor":[73,73,73,78,80,80,65,41,41,44,44,44,44,52,52,0],"gold":96,"neow_bonus":"TWO_FIFTY_GOLD","is_prod":false,"is_daily":false,"chose_seed":false,"campfire_upgraded":3,"win_rate":0,"timestamp":1549427728,"path_taken":["M","$","?","?","M","R","M","M","T","M","?","?","R","?","R","BOSS"],"build_version":"2019-01-23","purchased_purges":1,"victory":false,"max_hp_per_floor":[80,80,80,80,80,80,80,80,80,80,80,80,80,80,80,80],"card_choices":[{"not_picked":["Power Through","Anger"],"picked":"Pommel Strike","floor":1},{"not_picked":["Searing Blow","Armaments","Whirlwind"],"picked":"SKIP","floor":4},{"not_picked":["Heavy Blade","Disarm","Pummel"],"picked":"SKIP","floor":5},{"not_picked":["Uppercut","Thunderclap","Disarm"],"picked":"SKIP","floor":7},{"not_picked":["Uppercut","Thunderclap","Disarm"],"picked":"SKIP","floor":7},{"not_picked":["Flame Barrier","Body Slam","Combust"],"picked":"SKIP","floor":8},{"not_picked":["Clash","Disarm","Reckless Charge"],"picked":"SKIP","floor":10},{"not_picked":["Anger","Clothesline"],"picked":"Dual Wield","floor":14}],"player_experience":367740,"relics_obtained":[{"floor":9,"key":"Blood Vial"}],"event_choices":[{"cards_removed":["Strike_R"],"damage_healed":0,"gold_gain":0,"player_choice":"Purged","damage_taken":0,"max_hp_gain":0,"max_hp_loss":0,"event_name":"Purifier","floor":3,"gold_loss":0},{"damage_healed":0,"gold_gain":0,"player_choice":"0 cards matched","damage_taken":0,"max_hp_gain":0,"max_hp_loss":0,"event_name":"Match and Keep!","floor":12,"gold_loss":0,"cards_obtained":[]}],"is_beta":false,"boss_relics":[],"items_purged_floors":[2],"is_endless":false,"potions_floor_spawned":[5,7,10],"killed_by":"The Guardian","ascension_level":0}