{"gold_per_floor":[11,11,11,26,26,26,89,89,89,103,28,28,48,75,75,75],"floor_reached":16,"playtime":571,"items_purged":["Strike_R"],"score":113,"play_id":"6b3f8b3f-b19f-47d3-aa33-391a90995fbe","local_time":"20181221130010","is_ascension_mode":true,"campfire_choices":[{"data":"Bash","floor":6,"key":"SMITH"},{"data":"Reaper","floor":8,"key":"SMITH"},{"data":"Rupture","floor":12,"key":"SMITH"},{"data":"Defend_R","floor":15,"key":"SMITH"}],"neow_cost":"NO_GOLD","seed_source_timestamp":185782809010338,"circlet_count":0,"master_deck":["Strike_R+1","Strike_R+1","Strike_R","Strike_R","Defend_R+1","Defend_R","Defend_R","Defend_R","Bash+1","Reaper+1","Rupture+1","Limit Break"],"relics":["Burning Blood","Darkstone Periapt","Charon\u0027s Ashes","Ginger"],"potions_floor_usage":[10,14],"damage_taken":[{"damage":1,"enemies":"Cultist","floor":1,"turns":4},{"damage":9,"enemies":"Jaw Worm","floor":4,"turns":5},{"damage":10,"enemies":"Small Slimes","floor":10,"turns":3},{"damage":5,"enemies":"2 Fungi Beasts","floor":13,"turns":4},{"damage":15,"enemies":"3 Sentries","floor":14,"turns":5},{"damage":90,"enemies":"The Guardian","floor":16,"turns":12}],"seed_played":"5804894527310619386","potions_obtained":[{"floor":4,"key":"Fruit Juice"},{"floor":13,"key":"SkillPotion"}],"is_trial":false,"path_per_floor":["M","T","?","M","$","R","?","R","T","M","$","R","M","E","R","B"],"character_chosen":"IRONCLAD","items_purchased":[],"campfire_rested":0,"item_purchase_floors":[],"current_hp_per_floor":[80,80,64,65,65,65,65,65,65,76,76,76,82,83,83,0],"gold":75,"neow_bonus":"THREE_RARE_CARDS","is_prod":false,"is_daily":false,"chose_seed":false,"campfire_upgraded":4,"win_rate":0,"timestamp":1545422410,"path_taken":["M","?","?","M","$","R","?","R","T","M","$","R","M","E","R","BOSS"],"build_version":"2018-12-20","purchased_purges":1,"victory":false,"max_hp_per_floor":[80,80,80,80,80,80,80,80,80,85,85,85,85,85,85,85],"card_choices":[{"not_picked":["Brutality","Double Tap"],"picked":"Reaper","floor":0},{"not_picked":["Iron Wave","Clothesline","Sword Boomerang"],"picked":"SKIP","floor":1},{"not_picked":["Sword Boomerang","Sever Soul","Wild Strike"],"picked":"SKIP","floor":4},{"not_picked":["Wild Strike","Twin Strike"],"picked":"Rupture","floor":10},{"not_picked":["Disarm","Armaments"],"picked":"Limit Break","floor":13},{"not_picked":["Headbutt","Disarm","Cleave"],"picked":"SKIP","floor":14}],"player_experience":173723,"relics_obtained":[{"floor":2,"key":"Darkstone Periapt"},{"floor":9,"key":"Charon\u0027s Ashes"},{"floor":14,"key":"Ginger"}],"event_choices":[{"damage_healed":0,"gold_gain":0,"player_choice":"Entered Light","damage_taken":16,"max_hp_gain":0,"max_hp_loss":0,"event_name":"Shining Light","floor":3,"gold_loss":0,"cards_upgraded":["Strike_R","Strike_R"]},{"damage_healed":0,"gold_gain":63,"player_choice":"Gained Gold","damage_taken":0,"max_hp_gain":0,"max_hp_loss":0,"event_name":"Golden Wing","floor":7,"gold_loss":0}],"is_beta":false,"boss_relics":[],"items_purged_floors":[11],"is_endless":false,"potions_floor_spawned":[4,13],"killed_by":"The Guardian","ascension_level":3}