{"gold_per_floor":[14,89,102,102,120,120,138,149,173,173,173,193,193,207,207,207],"floor_reached":16,"playtime":888,"items_purged":[],"score":175,"play_id":"a341ea09-0c51-44a1-ba55-15b1e9c0cad9","local_time":"20190629174455","is_ascension_mode":true,"campfire_choices":[{"data":"Feed","floor":6,"key":"SMITH"},{"data":"Searing Blow","floor":10,"key":"SMITH"},{"data":"Searing Blow+1","floor":13,"key":"SMITH"},{"data":"Searing Blow+2","floor":15,"key":"SMITH"}],"neow_cost":"NO_GOLD","seed_source_timestamp":19899137353435,"circlet_count":0,"master_deck":["AscendersBane","Strike_R","Strike_R","Strike_R","Strike_R","Strike_R","Defend_R","Defend_R","Defend_R","Defend_R","Bash","Feed+1","True Grit","Thunderclap","Iron Wave","Warcry","Searing Blow+3","Feel No Pain","Havoc"],"relics":["Burning Blood","Omamori","Centennial Puzzle"],"potions_floor_usage":[7,7],"damage_taken":[{"damage":7,"enemies":"Jaw Worm","floor":1,"turns":4},{"damage":0,"enemies":"Small Slimes","floor":3,"turns":3},{"damage":10,"enemies":"2 Louse","floor":5,"turns":3},{"damage":12,"enemies":"Looter","floor":7,"turns":4},{"damage":1,"enemies":"Large Slime","floor":8,"turns":7},{"damage":9,"enemies":"2 Fungi Beasts","floor":12,"turns":3},{"damage":40,"enemies":"Exordium Wildlife","floor":14,"turns":6},{"damage":27,"enemies":"The Guardian","floor":16,"turns":8}],"seed_played":"7609891629389067672","potions_obtained":[{"floor":1,"key":"GamblersBrew"},{"floor":5,"key":"Swift Potion"}],"is_trial":false,"path_per_floor":["M","?","M","?","M","R","M","M","T","R","?","M","R","M","R","B"],"character_chosen":"IRONCLAD","items_purchased":[],"campfire_rested":0,"item_purchase_floors":[],"current_hp_per_floor":[74,63,72,47,46,46,44,53,53,53,53,54,54,24,24,0],"gold":207,"neow_bonus":"THREE_RARE_CARDS","is_prod":false,"is_daily":false,"chose_seed":false,"campfire_upgraded":4,"win_rate":0,"timestamp":1561855495,"path_taken":["M","?","M","?","M","R","M","M","T","R","?","M","R","M","R","BOSS"],"build_version":"2019-01-23","purchased_purges":0,"victory":false,"max_hp_per_floor":[83,83,86,86,89,89,93,97,97,97,97,101,101,105,105,105],"card_choices":[{"not_picked":["Reaper","Demon Form"],"picked":"Feed","floor":0},{"not_picked":["Corruption","Shockwave"],"picked":"True Grit","floor":1},{"not_picked":["Wild Strike","Headbutt"],"picked":"Thunderclap","floor":3},{"not_picked":["Thunderclap","Heavy Blade"],"picked":"Iron Wave","floor":5},{"not_picked":["Perfected Strike","Flex"],"picked":"Warcry","floor":7},{"not_picked":["Headbutt","Whirlwind"],"picked":"Searing Blow","floor":8},{"not_picked":["Iron Wave","Pommel Strike"],"picked":"Feel No Pain","floor":12},{"not_picked":["Flex","Reaper"],"picked":"Havoc","floor":14}],"player_experience":685031,"relics_obtained":[{"floor":9,"key":"Centennial Puzzle"}],"event_choices":[{"damage_healed":0,"gold_gain":75,"player_choice":"Gather Gold","damage_taken":11,"max_hp_gain":0,"max_hp_loss":0,"event_name":"World of Goop","floor":2,"gold_loss":0},{"damage_healed":0,"gold_gain":0,"player_choice":"Success","damage_taken":25,"relics_obtained":["Omamori"],"max_hp_gain":0,"max_hp_loss":0,"event_name":"Scrap Ooze","floor":4,"gold_loss":0},{"damage_healed":0,"gold_gain":0,"player_choice":"Ignored","damage_taken":0,"max_hp_gain":0,"max_hp_loss":0,"event_name":"Liars Game","floor":11,"gold_loss":0}],"is_beta":false,"boss_relics":[],"items_purged_floors":[],"is_endless":false,"potions_floor_spawned":[1,5],"killed_by":"The Guardian","ascension_level":12}