{"gold_per_floor":[114,114,114,126,137,172,172,25,25,25,37,37,52,82,82,185,185,203,203,127,127,145,145,145,145,145,145,170,180,198,224,224,224],"floor_reached":33,"playtime":2263,"items_purged":[],"score":323,"play_id":"b3866b42-7550-49bd-bd9d-edd04faacd19","local_time":"20190706000000","is_ascension_mode":true,"campfire_choices":[{"floor":7,"key":"DIG"},{"floor":10,"key":"REST"},{"floor":12,"key":"DIG"},{"floor":15,"key":"DIG"},{"floor":24,"key":"DIG"},{"floor":27,"key":"REST"},{"floor":32,"key":"REST"}],"neow_cost":"NONE","seed_source_timestamp":742680308506705,"circlet_count":0,"master_deck":["Strike_R","Strike_R","Strike_R","Strike_R","Defend_R","Defend_R","Defend_R","Defend_R","Bash","Second Wind","Uppercut","Rage","Inflame","Pommel Strike","Carnage","Heavy Blade","Limit Break+1","Armaments+1","Shockwave+1","Headbutt","Entrench+1","Intimidate+1","Limit Break+1"],"relics":["Burning Blood","Shovel","Juzu Bracelet","Toxic Egg 2","Regal Pillow","Self Forming Clay","Lantern","Torii","Oddly Smooth Stone","Fusion Hammer","MutagenicStrength","Kunai","Frozen Egg 2","Bottled Flame","Ancient Tea Set"],"potions_floor_usage":[29,30],"damage_taken":[{"damage":5,"enemies":"Cultist","floor":1,"turns":4},{"damage":10,"enemies":"Jaw Worm","floor":4,"turns":4},{"damage":7,"enemies":"Small Slimes","floor":5,"turns":4},{"damage":51,"enemies":"3 Sentries","floor":6,"turns":9},{"damage":7,"enemies":"2 Fungi Beasts","floor":11,"turns":4},{"damage":5,"enemies":"Blue Slaver","floor":13,"turns":3},{"damage":16,"enemies":"Hexaghost","floor":16,"turns":11},{"damage":15,"enemies":"3 Byrds","floor":18,"turns":6},{"damage":18,"enemies":"Shell Parasite","floor":22,"turns":3},{"damage":16,"enemies":"Slavers","floor":28,"turns":6},{"damage":8,"enemies":"3 Cultists","floor":29,"turns":5},{"damage":17,"enemies":"Centurion and Healer","floor":30,"turns":7},{"damage":34,"enemies":"Book of Stabbing","floor":31,"turns":5},{"damage":92,"enemies":"Collector","floor":33,"turns":7}],"seed_played":"-110376646726239923","potions_obtained":[{"floor":1,"key":"SkillPotion"},{"floor":11,"key":"Ancient Potion"},{"floor":13,"key":"Energy Potion"},{"floor":16,"key":"Poison Potion"},{"floor":28,"key":"Strength Potion"},{"floor":29,"key":"Regen Potion"},{"floor":31,"key":"FearPotion"}],"is_trial":false,"path_per_floor":["M","?","?","M","M","E","R","$","T","R","M","R","M","?","R","B",null,"M","?","$","?","M","?","R","?","T","R","E","M","M","E","R","B"],"character_chosen":"IRONCLAD","items_purchased":["Regal Pillow","Shockwave+1"],"campfire_rested":3,"item_purchase_floors":[8,20],"current_hp_per_floor":[80,80,80,76,75,30,30,30,30,69,68,68,69,69,69,59,80,71,71,71,71,59,59,59,59,59,80,70,68,72,44,80,0],"gold":224,"neow_bonus":"TRANSFORM_CARD","is_prod":false,"is_daily":false,"chose_seed":false,"campfire_upgraded":0,"win_rate":0,"timestamp":1562367600,"path_taken":["M","?","?","M","M","E","R","$","T","R","M","R","M","?","R","BOSS","M","?","$","?","M","?","R","?","T","R","E","M","M","E","R","BOSS"],"build_version":"2019-07-01","purchased_purges":0,"victory":false,"max_hp_per_floor":[80,80,80,80,80,80,80,80,80,80,80,80,80,80,80,80,80,80,80,80,80,80,80,80,80,80,80,80,80,80,80,80,80],"card_choices":[{"not_picked":["Rampage","Rupture"],"picked":"Uppercut","floor":1},{"not_picked":["Havoc","Clothesline"],"picked":"Rage","floor":4},{"not_picked":["Thunderclap","Sword Boomerang"],"picked":"Inflame","floor":5},{"not_picked":["Clothesline","Body Slam"],"picked":"Pommel Strike","floor":6},{"not_picked":["Havoc+1","Corruption"],"picked":"Carnage","floor":11},{"not_picked":["Corruption","Cleave"],"picked":"Heavy Blade","floor":13},{"not_picked":["Dark Embrace","Immolate"],"picked":"Limit Break+1","floor":16},{"not_picked":["Clash+1","Havoc+1"],"picked":"Armaments+1","floor":18},{"not_picked":["Iron Wave","Intimidate+1"],"picked":"Headbutt","floor":22},{"not_picked":["Reckless Charge","Carnage","Fiend Fire"],"picked":"SKIP","floor":28},{"not_picked":["Havoc+1","Warcry+1"],"picked":"Entrench+1","floor":29},{"not_picked":["Pummel+1","Blood for Blood"],"picked":"Intimidate+1","floor":30},{"not_picked":["Rage+1","Rampage+1"],"picked":"Limit Break+1","floor":31}],"player_experience":33634,"relics_obtained":[{"floor":6,"key":"Juzu Bracelet"},{"floor":7,"key":"Toxic Egg 2"},{"floor":9,"key":"Self Forming Clay"},{"floor":12,"key":"Lantern"},{"floor":15,"key":"Oddly Smooth Stone"},{"floor":24,"key":"Kunai"},{"floor":26,"key":"Frozen Egg 2"},{"floor":28,"key":"Bottled Flame"},{"floor":31,"key":"Ancient Tea Set"}],"event_choices":[{"damage_healed":0,"gold_gain":0,"player_choice":"Leave","damage_taken":0,"max_hp_gain":0,"max_hp_loss":0,"event_name":"The Cleric","floor":2,"gold_loss":0},{"damage_healed":0,"gold_gain":0,"player_choice":"Gave Potion","damage_taken":0,"relics_obtained":["Shovel"],"max_hp_gain":0,"max_hp_loss":0,"event_name":"WeMeetAgain","floor":3,"gold_loss":0},{"damage_healed":0,"gold_gain":30,"player_choice":"Searched \u00273\u0027 times","damage_taken":0,"relics_obtained":["Torii"],"max_hp_gain":0,"max_hp_loss":0,"event_name":"Dead Adventurer","floor":14,"gold_loss":0},{"damage_healed":0,"gold_gain":0,"player_choice":"Inject Mutagens","damage_taken":0,"relics_obtained":["MutagenicStrength"],"max_hp_gain":0,"max_hp_loss":0,"event_name":"Drug Dealer","floor":19,"gold_loss":0},{"damage_healed":0,"gold_gain":0,"player_choice":"Ignored","damage_taken":0,"max_hp_gain":0,"max_hp_loss":0,"event_name":"Beggar","floor":21,"gold_loss":0},{"damage_healed":0,"gold_gain":0,"player_choice":"Ignored","damage_taken":0,"max_hp_gain":0,"max_hp_loss":0,"event_name":"Ghosts","floor":23,"gold_loss":0},{"damage_healed":0,"gold_gain":0,"player_choice":"Ignored","damage_taken":0,"max_hp_gain":0,"max_hp_loss":0,"event_name":"Vampires","floor":25,"gold_loss":0}],"is_beta":false,"boss_relics":[{"not_picked":["Sozu","Velvet Choker"],"picked":"Fusion Hammer"}],"items_purged_floors":[],"is_endless":false,"potions_floor_spawned":[1,11,13,16,28,29,31],"killed_by":"Collector","ascension_level":1}