{"gold_per_floor":[118,68,68,83,8,8,36,101,101,1,1,27,27,327,327,432,432,443,460,477,280,307,307,105,105,105,120,120,136,136,154,154,254,254,270,270,282,504,551,551,551,551],"floor_reached":42,"playtime":2205,"items_purged":["Strike_R","Strike_R","Defend_R"],"score":465,"play_id":"32fe49bc-dabd-4e92-9d1a-867148d053c7","local_time":"20190130210439","is_ascension_mode":false,"campfire_choices":[{"data":"Bash","floor":6,"key":"SMITH"},{"data":"Hemokinesis","floor":11,"key":"SMITH"},{"data":"Strike_R","floor":13,"key":"PURGE"},{"data":"Defend_R","floor":15,"key":"PURGE"},{"data":"Power Through","floor":23,"key":"SMITH"},{"data":"True Grit","floor":25,"key":"SMITH"},{"floor":32,"key":"REST"},{"data":"Limit Break","floor":40,"key":"SMITH"}],"neow_cost":"NONE","seed_source_timestamp":233282552032216,"circlet_count":0,"master_deck":["Strike_R","Strike_R+1","Defend_R+1","Bash+1","Hemokinesis+1","Rupture","Bloodletting","Power Through+1","Sever Soul","True Grit+1","Dark Embrace","Limit Break+1","Heavy Blade"],"relics":["Burning Blood","NeowsBlessing","Gremlin Horn","Peace Pipe","Charon\u0027s Ashes","Odd Mushroom","Old Coin","Philosopher\u0027s Stone","Red Mask","PreservedInsect","MutagenicStrength","Paper Frog","Coffee Dripper","WingedGreaves"],"potions_floor_usage":[12,22,29,33,39],"damage_taken":[{"damage":0,"enemies":"Jaw Worm","floor":1,"turns":1},{"damage":0,"enemies":"2 Louse","floor":4,"turns":1},{"damage":0,"enemies":"3 Sentries","floor":7,"turns":1},{"damage":9,"enemies":"Gremlin Nob","floor":8,"turns":3},{"damage":9,"enemies":"The Mushroom Lair","floor":12,"turns":4},{"damage":60,"enemies":"The Guardian","floor":16,"turns":7},{"damage":19,"enemies":"Shell Parasite","floor":18,"turns":3},{"damage":20,"enemies":"Spheric Guardian","floor":19,"turns":5},{"damage":10,"enemies":"Snecko","floor":20,"turns":4},{"damage":7,"enemies":"Masked Bandits","floor":22,"turns":3},{"damage":13,"enemies":"Sentry and Sphere","floor":27,"turns":5},{"damage":5,"enemies":"Snake Plant","floor":29,"turns":2},{"damage":14,"enemies":"3 Cultists","floor":31,"turns":5},{"damage":30,"enemies":"Champ","floor":33,"turns":8},{"damage":8,"enemies":"Orb Walker","floor":35,"turns":3},{"damage":19,"enemies":"3 Darklings","floor":37,"turns":4},{"damage":52,"enemies":"2 Orb Walkers","floor":39,"turns":5},{"damage":31,"enemies":"Nemesis","floor":42,"turns":3}],"seed_played":"5880007100910626089","potions_obtained":[{"floor":4,"key":"Ancient Potion"},{"floor":7,"key":"SpeedPotion"},{"floor":20,"key":"AttackPotion"},{"floor":22,"key":"Fire Potion"},{"floor":37,"key":"Weak Potion"},{"floor":39,"key":"Energy Potion"}],"is_trial":false,"path_per_floor":["M","?","?","M","$","R","E","?","T","$","R","?","R","T","R","B",null,"M","M","M","$","?","R","$","R","T","M","?","M","T","M","R","B",null,"M","?","M","?","?","R","?","E"],"character_chosen":"IRONCLAD","items_purchased":["Sever Soul","True Grit","PreservedInsect"],"campfire_rested":1,"item_purchase_floors":[21,24,24],"current_hp_per_floor":[80,80,64,70,70,70,76,73,73,73,73,70,70,70,70,16,80,67,53,49,49,48,48,48,48,48,41,41,42,42,34,58,34,80,78,90,77,77,31,31,31,0],"gold":551,"neow_bonus":"THREE_ENEMY_KILL","is_prod":false,"is_daily":false,"chose_seed":false,"campfire_upgraded":5,"win_rate":0,"timestamp":1548907479,"path_taken":["M","?","?","M","$","R","E","?","T","?","R","?","R","?","R","BOSS","M","M","?","$","?","R","?","R","T","M","?","M","?","M","R","BOSS","M","?","?","?","?","R","?","E"],"build_version":"2019-01-23","purchased_purges":3,"victory":false,"max_hp_per_floor":[80,80,80,80,80,80,80,80,80,80,80,80,80,80,80,80,80,80,80,80,80,80,80,80,80,80,80,80,80,80,80,80,80,80,80,90,90,90,90,90,90,90],"card_choices":[{"not_picked":["Perfected Strike","Headbutt","Twin Strike"],"picked":"SKIP","floor":1},{"not_picked":["Seeing Red","Rupture","Sword Boomerang"],"picked":"SKIP","floor":4},{"not_picked":["Cleave","Armaments"],"picked":"Hemokinesis","floor":7},{"not_picked":["Anger","Warcry"],"picked":"Rupture","floor":8},{"not_picked":["Clothesline","Thunderclap"],"picked":"Bloodletting","floor":12},{"not_picked":["Berserk","Fiend Fire"],"picked":"Demon Form","floor":16},{"not_picked":["Iron Wave","Headbutt"],"picked":"Power Through","floor":18},{"not_picked":["Cleave","Rampage+1","Pommel Strike"],"picked":"SKIP","floor":19},{"not_picked":["Wild Strike","Thunderclap","Havoc"],"picked":"SKIP","floor":20},{"not_picked":["Shrug It Off","Flex"],"picked":"Dark Embrace","floor":27},{"not_picked":["Perfected Strike+1","Combust+1","Flex"],"picked":"SKIP","floor":29},{"not_picked":["Dual Wield+1","True Grit","Metallicize"],"picked":"SKIP","floor":31},{"not_picked":["Exhume","Impervious"],"picked":"Limit Break","floor":33},{"not_picked":["Inflame","Pommel Strike","Havoc+1"],"picked":"SKIP","floor":35},{"not_picked":["Shrug It Off","Flex+1"],"picked":"Heavy Blade","floor":37}],"player_experience":345445,"relics_obtained":[{"floor":7,"key":"Gremlin Horn"},{"floor":8,"key":"Peace Pipe"},{"floor":9,"key":"Charon\u0027s Ashes"},{"floor":12,"key":"Odd Mushroom"},{"floor":14,"key":"Old Coin"},{"floor":22,"key":"Red Mask"},{"floor":30,"key":"Paper Frog"},{"floor":39,"key":"WingedGreaves"}],"event_choices":[{"cards_removed":["Defend_R"],"damage_healed":0,"gold_gain":0,"player_choice":"Card Removal","damage_taken":0,"max_hp_gain":0,"max_hp_loss":0,"event_name":"The Cleric","floor":2,"gold_loss":50},{"damage_healed":0,"gold_gain":0,"player_choice":"Entered Light","damage_taken":16,"max_hp_gain":0,"max_hp_loss":0,"event_name":"Shining Light","floor":3,"gold_loss":0,"cards_upgraded":["Strike_R","Defend_R"]},{"damage_healed":0,"gold_gain":30,"player_choice":"Searched \u00272\u0027 times","damage_taken":0,"max_hp_gain":0,"max_hp_loss":0,"event_name":"Dead Adventurer","floor":8,"gold_loss":0},{"damage_healed":0,"gold_gain":0,"player_choice":"Fought Mushrooms","damage_taken":0,"max_hp_gain":0,"max_hp_loss":0,"event_name":"Mushrooms","floor":12,"gold_loss":0},{"damage_healed":0,"gold_gain":0,"player_choice":"Fought Bandits","damage_taken":0,"max_hp_gain":0,"max_hp_loss":0,"event_name":"Masked Bandits","floor":22,"gold_loss":0},{"damage_healed":0,"gold_gain":0,"player_choice":"Inject Mutagens","damage_taken":0,"relics_obtained":["MutagenicStrength"],"max_hp_gain":0,"max_hp_loss":0,"event_name":"Drug Dealer","floor":28,"gold_loss":0},{"cards_removed":["Demon Form"],"damage_healed":2,"gold_gain":0,"player_choice":"Offered Rare","damage_taken":0,"max_hp_gain":10,"max_hp_loss":0,"event_name":"Bonfire Elementals","floor":36,"gold_loss":0},{"damage_healed":0,"gold_gain":222,"player_choice":"Wore Mask","damage_taken":0,"max_hp_gain":0,"max_hp_loss":0,"event_name":"Tomb of Lord Red Mask","floor":38,"gold_loss":0},{"damage_healed":0,"gold_gain":0,"player_choice":"Fight","damage_taken":0,"max_hp_gain":0,"max_hp_loss":0,"event_name":"Mysterious Sphere","floor":39,"gold_loss":0},{"damage_healed":0,"gold_gain":0,"player_choice":"Memory 1","damage_taken":0,"max_hp_gain":0,"max_hp_loss":0,"event_name":"SensoryStone","floor":41,"gold_loss":0}],"is_beta":false,"boss_relics":[{"not_picked":["Pandora\u0027s Box","Calling Bell"],"picked":"Philosopher\u0027s Stone"},{"not_picked":["Cursed Key","Sozu"],"picked":"Coffee Dripper"}],"items_purged_floors":[5,10,21],"is_endless":false,"potions_floor_spawned":[4,7,20,22,37,39],"killed_by":"Nemesis","ascension_level":0}