{"gold_per_floor":[110,60,77,89,89,89,122,122,122,122,150,166,194,194,194,291,291,306,42,59,70,70,70,85,85,108,142,142,155,166,180,180,277,277,294,308,308,308,2,2,2],"floor_reached":41,"playtime":2774,"items_purged":["Injury"],"score":564,"play_id":"a347c27e-248f-40d8-b8fe-dcda90d70c36","local_time":"20190713112602","is_ascension_mode":true,"campfire_choices":[{"data":"Inflame","floor":6,"key":"SMITH"},{"floor":8,"key":"REST"},{"data":"Inflame","floor":10,"key":"SMITH"},{"data":"Pummel","floor":15,"key":"SMITH"},{"floor":23,"key":"REST"},{"floor":25,"key":"REST"},{"floor":28,"key":"REST"},{"floor":32,"key":"REST"},{"floor":40,"key":"REST"}],"neow_cost":"NONE","seed_source_timestamp":37807754556490,"circlet_count":0,"master_deck":["Strike_R","Strike_R","Strike_R+1","Strike_R","Strike_R+1","Defend_R","Defend_R","Bash+1","Inflame+1","Inflame+1","Ghostly Armor","Pummel+1","Infernal Blade","Warcry","Juggernaut","Double Tap","PanicButton","Demon Form","Headbutt","Offering","Blood for Blood","Cleave+1","Whirlwind","Rampage+1","Twin Strike","Pummel","Flex+1","Power Through+1","Disarm","Metallicize","Fiend Fire","Pummel+1","Cleave+1","Shrug It Off","Sentinel+1","Battle Trance"],"relics":["Burning Blood","Matryoshka","Orichalcum","Happy Flower","Kunai","Red Skull","Juzu Bracelet","Cursed Key","HandDrill","Whetstone","Ancient Tea Set","Prayer Wheel","Mark of Pain","Regal Pillow"],"potions_floor_usage":[7],"damage_taken":[{"damage":1,"enemies":"Small Slimes","floor":1,"turns":4},{"damage":1,"enemies":"2 Louse","floor":3,"turns":3},{"damage":6,"enemies":"Cultist","floor":4,"turns":3},{"damage":30,"enemies":"Lagavulin","floor":7,"turns":6},{"damage":10,"enemies":"Gremlin Nob","floor":11,"turns":3},{"damage":4,"enemies":"3 Louse","floor":12,"turns":3},{"damage":14,"enemies":"3 Sentries","floor":13,"turns":4},{"damage":12,"enemies":"Hexaghost","floor":16,"turns":6},{"damage":14,"enemies":"Shell Parasite","floor":18,"turns":4},{"damage":6,"enemies":"Spheric Guardian","floor":20,"turns":3},{"damage":14,"enemies":"3 Cultists","floor":21,"turns":5},{"damage":29,"enemies":"Centurion and Healer","floor":24,"turns":6},{"damage":19,"enemies":"Book of Stabbing","floor":27,"turns":4},{"damage":11,"enemies":"Sentry and Sphere","floor":29,"turns":4},{"damage":36,"enemies":"Snake Plant","floor":30,"turns":3},{"damage":6,"enemies":"Cultist and Chosen","floor":31,"turns":4},{"damage":67,"enemies":"Automaton","floor":33,"turns":9},{"damage":28,"enemies":"3 Darklings","floor":35,"turns":5},{"damage":13,"enemies":"Orb Walker","floor":36,"turns":3},{"damage":93,"enemies":"Giant Head","floor":41,"turns":7}],"seed_played":"-3952022928020589845","potions_obtained":[{"floor":1,"key":"Dexterity Potion"},{"floor":3,"key":"Regen Potion"},{"floor":12,"key":"Ancient Potion"},{"floor":20,"key":"Dexterity Potion"},{"floor":31,"key":"FearPotion"}],"is_trial":false,"path_per_floor":["M","?","M","M","?","R","E","R","T","R","E","M","E","?","R","B",null,"M","$","M","M","$","R","M","R","T","E","R","M","M","M","R","B",null,"M","M","?","?","$","R","E"],"character_chosen":"IRONCLAD","items_purchased":["HandDrill","Offering","Regal Pillow","Battle Trance"],"campfire_rested":6,"item_purchase_floors":[19,19,39,39],"current_hp_per_floor":[80,80,80,80,68,68,53,77,77,77,73,75,67,67,67,61,75,67,67,67,59,59,80,57,80,80,67,80,75,45,45,69,8,62,40,33,33,33,33,72,0],"gold":2,"neow_bonus":"UPGRADE_CARD","is_prod":false,"is_daily":false,"chose_seed":false,"campfire_upgraded":3,"win_rate":0,"timestamp":1563013562,"path_taken":["M","?","M","M","?","R","E","R","T","R","E","M","E","?","R","BOSS","M","$","M","M","?","R","M","R","T","E","R","M","M","M","R","BOSS","M","M","?","?","$","R","E"],"build_version":"2019-07-05","purchased_purges":1,"victory":false,"max_hp_per_floor":[80,80,80,80,80,80,80,80,80,80,80,80,80,80,80,80,80,80,80,80,80,80,80,80,80,80,80,80,80,80,80,80,80,80,80,80,80,80,80,80,80],"card_choices":[{"not_picked":["Carnage","Heavy Blade"],"picked":"Inflame","floor":1},{"not_picked":["Cleave","Hemokinesis"],"picked":"Inflame","floor":3},{"not_picked":["Iron Wave","Corruption"],"picked":"Ghostly Armor","floor":4},{"not_picked":["Brutality","Warcry"],"picked":"Pummel","floor":7},{"not_picked":["Sword Boomerang","Burning Pact"],"picked":"Infernal Blade","floor":11},{"not_picked":["Wild Strike","Perfected Strike"],"picked":"Warcry","floor":12},{"not_picked":["Rupture","Clash"],"picked":"Juggernaut","floor":13},{"not_picked":["Berserk","Impervious"],"picked":"Demon Form","floor":16},{"not_picked":["Warcry","Inflame"],"picked":"Headbutt","floor":18},{"not_picked":["Thunderclap","Perfected Strike+1"],"picked":"Blood for Blood","floor":20},{"not_picked":["Bludgeon","Twin Strike"],"picked":"Cleave+1","floor":21},{"not_picked":["Blood for Blood","Searing Blow"],"picked":"Whirlwind","floor":24},{"not_picked":["Clothesline","Bloodletting"],"picked":"Rampage+1","floor":27},{"not_picked":["Thunderclap","Flex"],"picked":"Twin Strike","floor":29},{"not_picked":["Pummel","Anger+1","Perfected Strike"],"picked":"SKIP","floor":29},{"not_picked":["Anger+1","Perfected Strike"],"picked":"Pummel","floor":29},{"not_picked":["Clothesline","Dropkick+1"],"picked":"Flex+1","floor":30},{"not_picked":["Sword Boomerang","Cleave"],"picked":"Power Through+1","floor":30},{"not_picked":["Reaper","Headbutt"],"picked":"Disarm","floor":31},{"not_picked":["Havoc","Cleave"],"picked":"Metallicize","floor":31},{"not_picked":["Berserk","Juggernaut"],"picked":"Fiend Fire","floor":33},{"not_picked":["Shrug It Off","Hemokinesis+1"],"picked":"Pummel+1","floor":35},{"not_picked":["Clash+1","Rampage"],"picked":"Cleave+1","floor":35},{"not_picked":["Clothesline+1","Dual Wield"],"picked":"Shrug It Off","floor":36},{"not_picked":["Body Slam+1","Inflame+1"],"picked":"Sentinel+1","floor":36}],"player_experience":115790,"relics_obtained":[{"floor":7,"key":"Orichalcum"},{"floor":9,"key":"Happy Flower"},{"floor":9,"key":"Kunai"},{"floor":11,"key":"Red Skull"},{"floor":13,"key":"Juzu Bracelet"},{"floor":26,"key":"Whetstone"},{"floor":26,"key":"Ancient Tea Set"},{"floor":27,"key":"Prayer Wheel"}],"event_choices":[{"cards_removed":["Defend_R"],"damage_healed":0,"gold_gain":0,"player_choice":"Card Removal","damage_taken":0,"max_hp_gain":0,"max_hp_loss":0,"event_name":"The Cleric","floor":2,"gold_loss":50},{"damage_healed":0,"gold_gain":0,"player_choice":"Success","damage_taken":12,"relics_obtained":["Matryoshka"],"max_hp_gain":0,"max_hp_loss":0,"event_name":"Scrap Ooze","floor":5,"gold_loss":0},{"damage_healed":0,"gold_gain":0,"player_choice":"2 cards matched","damage_taken":0,"max_hp_gain":0,"max_hp_loss":0,"event_name":"Match and Keep!","floor":14,"gold_loss":0,"cards_obtained":["Double Tap","PanicButton"]},{"damage_healed":0,"gold_gain":0,"player_choice":"Ignored","damage_taken":0,"max_hp_gain":0,"max_hp_loss":0,"event_name":"Tomb of Lord Red Mask","floor":37,"gold_loss":0},{"cards_removed":["Defend_R"],"damage_healed":0,"gold_gain":0,"player_choice":"Purged","damage_taken":0,"max_hp_gain":0,"max_hp_loss":0,"event_name":"Purifier","floor":38,"gold_loss":0}],"is_beta":false,"boss_relics":[{"not_picked":["Busted Crown","Calling Bell"],"picked":"Cursed Key"},{"not_picked":["Velvet Choker","Black Star"],"picked":"Mark of Pain"}],"items_purged_floors":[39],"is_endless":false,"potions_floor_spawned":[1,3,12,20,27,30,31,35,36],"killed_by":"Giant Head","ascension_level":5}