{"gold_per_floor":[13,188,188,36,49,49,49,92,92,116,116,159,159,197,197,197],"floor_reached":16,"playtime":829,"items_purged":[],"score":128,"play_id":"3ae31cca-81ae-41ae-95de-5b1cba1eb55e","local_time":"20181221041035","is_ascension_mode":true,"campfire_choices":[{"data":"Seek","floor":6,"key":"SMITH"},{"floor":11,"key":"REST"},{"floor":13,"key":"REST"},{"floor":15,"key":"REST"}],"neow_cost":"NO_GOLD","seed_source_timestamp":153748810705846,"circlet_count":0,"master_deck":["Strike_B","Strike_B","Strike_B","Strike_B","Defend_B","Defend_B","Defend_B","Defend_B","Zap","Dualcast","Seek+1","Doubt","Gash","FTL","Cold Snap","Capacitor+1"],"relics":["Cracked Core","Golden Idol","Lantern","Girya","Frozen Egg 2","Juzu Bracelet","Toxic Egg 2"],"potions_floor_usage":[8,10,14,16],"damage_taken":[{"damage":7,"enemies":"Jaw Worm","floor":1,"turns":3},{"damage":0,"enemies":"Small Slimes","floor":5,"turns":3},{"damage":35,"enemies":"Lagavulin","floor":8,"turns":8},{"damage":0,"enemies":"2 Louse","floor":10,"turns":2},{"damage":29,"enemies":"3 Sentries","floor":12,"turns":7},{"damage":21,"enemies":"Lagavulin","floor":14,"turns":10},{"damage":35,"enemies":"The Guardian","floor":16,"turns":9}],"seed_played":"1829808383377779065","potions_obtained":[{"floor":5,"key":"Dexterity Potion"},{"floor":8,"key":"Weak Potion"},{"floor":10,"key":"Weak Potion"},{"floor":14,"key":"Strength Potion"}],"is_trial":false,"path_per_floor":["M","?","?","$","M","R","?","E","T","M","R","E","R","E","R","B"],"character_chosen":"DEFECT","items_purchased":["Lantern"],"campfire_rested":3,"item_purchase_floors":[4],"current_hp_per_floor":[68,68,50,50,50,50,50,15,15,15,37,8,30,9,31,0],"gold":197,"neow_bonus":"THREE_RARE_CARDS","is_prod":false,"is_daily":false,"chose_seed":false,"campfire_upgraded":1,"win_rate":0,"timestamp":1545390635,"path_taken":["M","?","?","$","M","R","?","E","T","M","R","E","R","E","R","BOSS"],"build_version":"2018-12-20","purchased_purges":0,"victory":false,"max_hp_per_floor":[75,75,75,75,75,75,75,75,75,75,75,75,75,75,75,75],"card_choices":[{"not_picked":["Meteor Strike","Fission"],"picked":"Seek","floor":0},{"not_picked":["Steam","Chill","Beam Cell"],"picked":"SKIP","floor":1},{"not_picked":["Steam","Glacier"],"picked":"Gash","floor":5},{"not_picked":["Scrape","Consume"],"picked":"FTL","floor":8},{"not_picked":["Sunder","Aggregate"],"picked":"Cold Snap","floor":10},{"not_picked":["Multi-Cast","Sweeping Beam","Consume"],"picked":"SKIP","floor":12},{"not_picked":["Barrage","Glacier"],"picked":"Capacitor+1","floor":14}],"player_experience":144352,"relics_obtained":[{"floor":8,"key":"Girya"},{"floor":9,"key":"Frozen Egg 2"},{"floor":12,"key":"Juzu Bracelet"},{"floor":14,"key":"Toxic Egg 2"}],"event_choices":[{"damage_healed":0,"gold_gain":175,"player_choice":"AGREE","damage_taken":0,"max_hp_gain":0,"max_hp_loss":0,"event_name":"Liars Game","floor":2,"gold_loss":0,"cards_obtained":["Doubt"]},{"damage_healed":0,"gold_gain":0,"player_choice":"Take Damage","damage_taken":18,"relics_obtained":["Golden Idol"],"max_hp_gain":0,"max_hp_loss":0,"event_name":"Golden Idol","floor":3,"gold_loss":0},{"damage_healed":0,"gold_gain":0,"player_choice":"Leave","damage_taken":0,"max_hp_gain":0,"max_hp_loss":0,"event_name":"The Cleric","floor":7,"gold_loss":0}],"is_beta":false,"boss_relics":[],"items_purged_floors":[],"is_endless":false,"potions_floor_spawned":[5,8,10,14],"killed_by":"The Guardian","ascension_level":2}