{"gold_per_floor":[114,134,134,16,29,29,29,29,56,84,84,104,279,279,279,374,374,391,391,411,444,444,469,43,43,69,132,144,72,72,86,86,86],"floor_reached":33,"playtime":28736,"items_purged":["Doubt"],"score":451,"play_id":"474cf8ec-4fe8-4f5a-9227-b3608300186b","local_time":"20190402194100","is_ascension_mode":true,"campfire_choices":[{"data":"Searing Blow","floor":6,"key":"SMITH"},{"data":"Searing Blow+1","floor":8,"key":"SMITH"},{"data":"Searing Blow+2","floor":11,"key":"SMITH"},{"data":"Searing Blow+3","floor":15,"key":"SMITH"},{"data":"Searing Blow+4","floor":25,"key":"SMITH"},{"data":"Searing Blow+5","floor":28,"key":"SMITH"},{"data":"Searing Blow+6","floor":32,"key":"SMITH"}],"neow_cost":"TEN_PERCENT_HP_LOSS","seed_source_timestamp":184176897838119,"circlet_count":0,"master_deck":["AscendersBane","Defend_R","Defend_R","Defend_R","Bash","Pommel Strike","Armaments+1","Second Wind","Dual Wield","Searing Blow+7","Flame Barrier","Burning Pact","Fiend Fire","Pummel+1","Bite","Bite","Bite","Bite","Bite","Armaments","Sword Boomerang+1","Ghostly","Ghostly","Ghostly","Ghostly","Ghostly","Evolve","Reaper","True Grit+1"],"relics":["Burning Blood","Regal Pillow","Pocketwatch","Matryoshka","Runic Pyramid","Red Mask","Lantern","PrismaticShard","Juzu Bracelet","MawBank","Potion Belt","Oddly Smooth Stone"],"potions_floor_usage":[16,16,21,33],"damage_taken":[{"damage":10,"enemies":"Small Slimes","floor":1,"turns":4},{"damage":6,"enemies":"Cultist","floor":2,"turns":4},{"damage":2,"enemies":"2 Louse","floor":5,"turns":3},{"damage":26,"enemies":"Lagavulin","floor":10,"turns":6},{"damage":0,"enemies":"Exordium Wildlife","floor":12,"turns":3},{"damage":5,"enemies":"Slime Boss","floor":16,"turns":8},{"damage":23,"enemies":"2 Thieves","floor":18,"turns":4},{"damage":4,"enemies":"Shell Parasite","floor":20,"turns":4},{"damage":52,"enemies":"Masked Bandits","floor":21,"turns":4},{"damage":19,"enemies":"Slavers","floor":23,"turns":13},{"damage":3,"enemies":"Snake Plant","floor":31,"turns":4},{"damage":41,"enemies":"Automaton","floor":33,"turns":12}],"seed_played":"-3020543952669010464","potions_obtained":[{"floor":5,"key":"Ancient Potion"},{"floor":10,"key":"Swift Potion"},{"floor":18,"key":"Explosive Potion"},{"floor":21,"key":"Strength Potion"}],"is_trial":false,"path_per_floor":["M","M","?","$","M","R","$","R","T","E","R","M","?","?","R","B",null,"M","?","M","?","?","E","$","R","T","T","R","$","?","M","R","B"],"character_chosen":"IRONCLAD","items_purchased":["Second Wind","Dual Wield","PrismaticShard","Juzu Bracelet","Evolve","AttackPotion"],"campfire_rested":0,"item_purchase_floors":[4,4,24,24,29,29],"current_hp_per_floor":[68,68,68,68,72,72,72,72,72,52,52,58,58,51,51,52,67,50,50,50,10,10,24,24,24,24,24,24,24,24,25,25,0],"gold":86,"neow_bonus":"REMOVE_TWO","is_prod":false,"is_daily":false,"chose_seed":false,"campfire_upgraded":7,"win_rate":0,"timestamp":1554259260,"path_taken":["M","M","?","$","M","R","?","R","T","E","R","M","?","?","R","BOSS","M","?","M","?","?","E","?","R","T","?","R","$","?","M","R","BOSS"],"build_version":"2019-01-23","purchased_purges":1,"victory":false,"max_hp_per_floor":[72,72,72,72,72,72,72,72,72,72,72,72,72,72,72,72,72,72,50,50,50,25,25,25,25,25,25,25,25,25,25,25,25],"card_choices":[{"not_picked":["Warcry","Blood for Blood"],"picked":"Pommel Strike","floor":1},{"not_picked":["Warcry","Flex"],"picked":"Armaments","floor":2},{"not_picked":["Heavy Blade","Fiend Fire"],"picked":"Searing Blow","floor":5},{"not_picked":["Seeing Red","Anger"],"picked":"Flame Barrier","floor":10},{"not_picked":["Sword Boomerang","Havoc"],"picked":"Burning Pact","floor":12},{"not_picked":["Offering","Bludgeon"],"picked":"Fiend Fire","floor":16},{"not_picked":["Anger","Perfected Strike"],"picked":"Pummel+1","floor":18},{"not_picked":["Perfected Strike","Shrug It Off"],"picked":"Armaments","floor":20},{"not_picked":["Carnage+1","Anger"],"picked":"Sword Boomerang+1","floor":21},{"not_picked":["Warcry","Iron Wave","Searing Blow"],"picked":"SKIP","floor":23},{"not_picked":["Dagger Spray","Finisher"],"picked":"True Grit+1","floor":31}],"player_experience":561736,"relics_obtained":[{"floor":9,"key":"Regal Pillow"},{"floor":10,"key":"Pocketwatch"},{"floor":21,"key":"Red Mask"},{"floor":23,"key":"Lantern"},{"floor":26,"key":"MawBank"},{"floor":26,"key":"Potion Belt"},{"floor":27,"key":"Oddly Smooth Stone"}],"event_choices":[{"damage_healed":0,"gold_gain":0,"player_choice":"Upgraded","damage_taken":0,"max_hp_gain":0,"max_hp_loss":0,"event_name":"Upgrade Shrine","floor":3,"gold_loss":0,"cards_upgraded":["Armaments"]},{"damage_healed":0,"gold_gain":175,"player_choice":"AGREE","damage_taken":0,"max_hp_gain":0,"max_hp_loss":0,"event_name":"Liars Game","floor":13,"gold_loss":0,"cards_obtained":["Doubt"]},{"damage_healed":0,"gold_gain":0,"player_choice":"Success","damage_taken":7,"relics_obtained":["Matryoshka"],"max_hp_gain":0,"max_hp_loss":0,"event_name":"Scrap Ooze","floor":14,"gold_loss":0},{"damage_healed":0,"gold_gain":0,"player_choice":"Became a vampire","damage_taken":0,"max_hp_gain":0,"max_hp_loss":22,"event_name":"Vampires","floor":19,"gold_loss":0,"cards_obtained":["Bite","Bite","Bite","Bite","Bite"]},{"damage_healed":0,"gold_gain":0,"player_choice":"Fought Bandits","damage_taken":0,"max_hp_gain":0,"max_hp_loss":0,"event_name":"Masked Bandits","floor":21,"gold_loss":0},{"damage_healed":0,"gold_gain":0,"player_choice":"Became a Ghost","damage_taken":0,"max_hp_gain":0,"max_hp_loss":25,"event_name":"Ghosts","floor":22,"gold_loss":0,"cards_obtained":["Ghostly","Ghostly","Ghostly","Ghostly","Ghostly"]},{"damage_healed":0,"gold_gain":0,"player_choice":"Read","damage_taken":0,"max_hp_gain":0,"max_hp_loss":0,"event_name":"The Library","floor":30,"gold_loss":0,"cards_obtained":["Reaper"]}],"is_beta":false,"boss_relics":[{"not_picked":["Ectoplasm","Cursed Key"],"picked":"Runic Pyramid"}],"items_purged_floors":[24],"is_endless":false,"potions_floor_spawned":[5,10,18,21],"killed_by":"Automaton","ascension_level":11}