{"gold_per_floor":[119,119,119,43,60,60,90,90,90,90,90,110,125,2,2,100,100,115,125,144,144,144,144,179,197,249,249,0,0,14,14],"floor_reached":31,"playtime":1791,"items_purged":[],"score":353,"play_id":"ec71d954-7a6e-4ddb-95b9-50939a1c02d4","local_time":"20181209181254","is_ascension_mode":false,"campfire_choices":[{"data":"Evolve","floor":6,"key":"SMITH"},{"data":"Dual Wield","floor":15,"key":"SMITH"},{"data":"Demon Form","floor":23,"key":"SMITH"},{"data":"Heavy Blade","floor":27,"key":"SMITH"},{"data":"Rampage","floor":29,"key":"SMITH"}],"neow_cost":"NONE","seed_source_timestamp":427136543818574,"circlet_count":0,"master_deck":["Strike_R","Strike_R","Strike_R","Strike_R","Defend_R","Defend_R","Defend_R+1","Defend_R","Bash","Heavy Blade+1","Immolate+1","Evolve+1","Wild Strike","Burning Pact","Battle Trance","Dual Wield+1","Wild Strike","Demon Form+1","Rampage+1","Rage+1","True Grit+1","Writhe","Burning Pact","Body Slam+1","Shrug It Off"],"relics":["Mark of Pain","Red Skull","Pen Nib","Pear","Runic Pyramid","Boot","Champion Belt","Oddly Smooth Stone"],"potions_floor_usage":[18,24,24,25,30],"damage_taken":[{"damage":11,"enemies":"Small Slimes","floor":1,"turns":3},{"damage":11,"enemies":"Jaw Worm","floor":5,"turns":2},{"damage":6,"enemies":"Gremlin Nob","floor":7,"turns":3},{"damage":0,"enemies":"Cultist","floor":12,"turns":2},{"damage":10,"enemies":"Looter","floor":13,"turns":2},{"damage":0,"enemies":"Slime Boss","floor":16,"turns":5},{"damage":37,"enemies":"3 Byrds","floor":18,"turns":6},{"damage":10,"enemies":"Chosen","floor":19,"turns":3},{"damage":5,"enemies":"Centurion and Healer","floor":20,"turns":5},{"damage":16,"enemies":"Gremlin Leader","floor":24,"turns":4},{"damage":3,"enemies":"Chosen and Byrds","floor":25,"turns":5},{"damage":1,"enemies":"Snecko","floor":30,"turns":4},{"damage":10,"enemies":"Sentry and Sphere","floor":31,"turns":3}],"seed_played":"1733150936832582308","potions_obtained":[{"floor":7,"key":"Block Potion"},{"floor":16,"key":"AttackPotion"},{"floor":18,"key":"PowerPotion"},{"floor":24,"key":"SkillPotion"},{"floor":25,"key":"LiquidBronze"}],"is_trial":false,"path_per_floor":["M","?","?","$","M","R","E","?","T","?","?","M","M","$","R","B",null,"M","M","M","?","?","R","E","M","T","R","?","R","M","M"],"character_chosen":"IRONCLAD","items_purchased":["Evolve","Dual Wield","Wild Strike"],"campfire_rested":0,"item_purchase_floors":[4,14,14],"current_hp_per_floor":[69,69,53,53,42,42,36,29,39,44,44,44,34,34,34,34,95,58,48,43,24,24,24,8,5,5,5,5,5,4,0],"gold":14,"neow_bonus":"BOSS_RELIC","is_prod":false,"is_daily":false,"chose_seed":false,"campfire_upgraded":5,"win_rate":0.0,"timestamp":1544404374,"path_taken":["M","?","?","?","?","R","E","?","T","?","?","M","?","$","R","BOSS","M","M","M","?","?","R","E","M","T","R","?","R","M","M"],"build_version":"2018-12-06","purchased_purges":0,"victory":false,"max_hp_per_floor":[80,80,80,80,80,80,80,80,90,95,95,95,95,95,95,95,95,95,95,95,100,100,100,100,100,100,100,100,100,100,100],"card_choices":[{"not_picked":["Warcry","Body Slam"],"picked":"Heavy Blade","floor":1},{"not_picked":["Armaments","Flex"],"picked":"Wild Strike","floor":5},{"not_picked":["Thunderclap","Sword Boomerang","Flex"],"picked":"SKIP","floor":7},{"not_picked":["Twin Strike","Body Slam"],"picked":"Burning Pact","floor":12},{"not_picked":["Bludgeon","Carnage"],"picked":"Battle Trance","floor":13},{"not_picked":["Brutality","Reaper"],"picked":"Demon Form","floor":16},{"not_picked":["Iron Wave","Metallicize"],"picked":"Rampage","floor":18},{"not_picked":["Rampage+1","Warcry"],"picked":"Rage+1","floor":19},{"not_picked":["Flex","Clash"],"picked":"True Grit+1","floor":20},{"not_picked":["Dropkick+1","Disarm"],"picked":"Burning Pact","floor":24},{"not_picked":["Twin Strike+1","Thunderclap"],"picked":"Body Slam+1","floor":25},{"not_picked":["Flame Barrier","Clothesline"],"picked":"Shrug It Off","floor":30}],"player_experience":40494,"relics_obtained":[{"floor":7,"key":"Red Skull"},{"floor":9,"key":"Pear"},{"floor":24,"key":"Champion Belt"},{"floor":26,"key":"Oddly Smooth Stone"}],"event_choices":[{"damage_healed":0,"gold_gain":0,"cards_transformed":["Strike_R"],"player_choice":"Change","damage_taken":0,"max_hp_gain":0,"max_hp_loss":0,"event_name":"Living Wall","floor":2,"gold_loss":0,"cards_obtained":["Immolate"]},{"damage_healed":0,"gold_gain":0,"player_choice":"Entered Light","damage_taken":16,"max_hp_gain":0,"max_hp_loss":0,"event_name":"Shining Light","floor":3,"gold_loss":0,"cards_upgraded":["Immolate","Defend_R"]},{"damage_healed":0,"gold_gain":0,"player_choice":"Success","damage_taken":7,"relics_obtained":["Pen Nib"],"max_hp_gain":0,"max_hp_loss":0,"event_name":"Scrap Ooze","floor":8,"gold_loss":0},{"damage_healed":0,"gold_gain":0,"player_choice":"Donut","damage_taken":0,"max_hp_gain":5,"max_hp_loss":0,"event_name":"Big Fish","floor":10,"gold_loss":0},{"damage_healed":0,"gold_gain":0,"player_choice":"Bought 0 Potions","damage_taken":0,"max_hp_gain":0,"max_hp_loss":0,"event_name":"The Woman in Blue","floor":11,"gold_loss":0},{"damage_healed":0,"gold_gain":0,"player_choice":"Shed Blood","damage_taken":24,"max_hp_gain":5,"max_hp_loss":0,"event_name":"Forgotten Altar","floor":21,"gold_loss":0},{"damage_healed":0,"gold_gain":0,"player_choice":"Opened","damage_taken":0,"relics_obtained":["Boot"],"max_hp_gain":0,"max_hp_loss":0,"event_name":"The Mausoleum","floor":22,"gold_loss":0,"cards_obtained":["Writhe"]},{"damage_healed":0,"gold_gain":0,"player_choice":"Paid Fearfully","damage_taken":0,"max_hp_gain":0,"max_hp_loss":0,"event_name":"Masked Bandits","floor":28,"gold_loss":249}],"is_beta":false,"boss_relics":[{"not_picked":["Eternal Feather","Ectoplasm"],"picked":"Runic Pyramid"}],"items_purged_floors":[],"is_endless":false,"potions_floor_spawned":[7,16,18,24,25],"killed_by":"Sentry and Sphere","ascension_level":0}