{"gold_per_floor":[217,237,312,73,73,73,105,105,105,24,24,44,44,44,44,146,146,166,166,182,192,192,192],"floor_reached":23,"playtime":1057,"items_purged":[],"score":234,"play_id":"29d19671-2f72-4916-b2a5-9864e9c56fcb","local_time":"20190222222709","is_ascension_mode":true,"campfire_choices":[{"data":"Finesse","floor":6,"key":"SMITH"},{"data":"Flame Barrier","floor":8,"key":"SMITH"},{"data":"Rampage","floor":13,"key":"SMITH"},{"floor":15,"key":"REST"}],"neow_cost":"NONE","seed_source_timestamp":179037922056539,"circlet_count":0,"master_deck":["Strike_R","Strike_R","Strike_R","Strike_R","Strike_R","Defend_R","Defend_R","Defend_R","Defend_R","Bash","Headbutt+1","Metallicize+1","Finesse+1","Flame Barrier+1","Rampage+1","Barricade","Metallicize+1","RitualDagger"],"relics":["Burning Blood","Lantern","Letter Opener","Matryoshka","Regal Pillow","Busted Crown"],"potions_floor_usage":[21,21,23],"damage_taken":[{"damage":3,"enemies":"2 Louse","floor":1,"turns":4},{"damage":14,"enemies":"Jaw Worm","floor":2,"turns":3},{"damage":21,"enemies":"3 Sentries","floor":7,"turns":11},{"damage":0,"enemies":"Cultist","floor":12,"turns":3},{"damage":34,"enemies":"Hexaghost","floor":16,"turns":12},{"damage":18,"enemies":"Spheric Guardian","floor":18,"turns":4},{"damage":14,"enemies":"Shell Parasite","floor":20,"turns":7},{"damage":18,"enemies":"3 Cultists","floor":21,"turns":6},{"damage":37,"enemies":"Slavers","floor":23,"turns":4}],"seed_played":"4572483094902668447","potions_obtained":[{"floor":7,"key":"Dexterity Potion"},{"floor":16,"key":"SteroidPotion"},{"floor":18,"key":"Energy Potion"}],"is_trial":false,"path_per_floor":["M","M","?","$","?","R","E","R","T","$","$","M","R","?","R","B",null,"M","?","M","M","?","E"],"character_chosen":"IRONCLAD","items_purchased":["Lantern","Finesse","Rampage"],"campfire_rested":1,"item_purchase_floors":[4,4,10],"current_hp_per_floor":[80,72,61,61,45,45,30,30,30,30,30,36,36,24,63,35,69,57,57,49,37,31,0],"gold":192,"neow_bonus":"HUNDRED_GOLD","is_prod":false,"is_daily":false,"chose_seed":false,"campfire_upgraded":3,"win_rate":0,"timestamp":1550899629,"path_taken":["M","M","?","$","?","R","E","R","T","?","$","M","R","?","R","BOSS","M","?","?","M","?","E"],"build_version":"2019-01-23","purchased_purges":0,"victory":false,"max_hp_per_floor":[80,80,80,80,80,80,80,80,80,80,80,80,80,80,80,80,80,80,80,80,80,80,80],"card_choices":[{"not_picked":["Iron Wave","Armaments"],"picked":"Headbutt","floor":1},{"not_picked":["Twin Strike","Sword Boomerang"],"picked":"Metallicize","floor":2},{"not_picked":["Carnage","Thunderclap"],"picked":"Flame Barrier","floor":7},{"not_picked":["Bludgeon","Armaments","Feel No Pain"],"picked":"SKIP","floor":12},{"not_picked":["Brutality","Bludgeon"],"picked":"Barricade","floor":16},{"not_picked":["Havoc"],"picked":"SKIP","floor":18},{"not_picked":["Armaments"],"picked":"SKIP","floor":20},{"not_picked":["Sword Boomerang"],"picked":"SKIP","floor":21}],"player_experience":412787,"relics_obtained":[{"floor":7,"key":"Letter Opener"},{"floor":9,"key":"Matryoshka"}],"event_choices":[{"damage_healed":0,"gold_gain":75,"player_choice":"Gather Gold","damage_taken":11,"max_hp_gain":0,"max_hp_loss":0,"event_name":"World of Goop","floor":3,"gold_loss":0},{"damage_healed":0,"gold_gain":0,"player_choice":"Entered Light","damage_taken":16,"max_hp_gain":0,"max_hp_loss":0,"event_name":"Shining Light","floor":5,"gold_loss":0,"cards_upgraded":["Metallicize","Headbutt"]},{"damage_healed":0,"gold_gain":0,"player_choice":"Success","damage_taken":12,"relics_obtained":["Regal Pillow"],"max_hp_gain":0,"max_hp_loss":0,"event_name":"Scrap Ooze","floor":14,"gold_loss":0},{"damage_healed":0,"gold_gain":0,"player_choice":"Copied","damage_taken":0,"max_hp_gain":0,"max_hp_loss":0,"event_name":"Duplicator","floor":19,"gold_loss":0,"cards_obtained":["Metallicize"]},{"damage_healed":0,"gold_gain":0,"player_choice":"Joined the Cult","damage_taken":6,"max_hp_gain":0,"max_hp_loss":0,"event_name":"Nest","floor":22,"gold_loss":0,"cards_obtained":["RitualDagger"]}],"is_beta":false,"boss_relics":[{"not_picked":["Snecko Eye","Cursed Key"],"picked":"Busted Crown"}],"items_purged_floors":[],"is_endless":false,"potions_floor_spawned":[7,16,18],"killed_by":"Slavers","ascension_level":5}