{"gold_per_floor":[111,123,135,60,71,71,21,21,68,68,103,6,6,19,19,114,114,127,111,127,127,78,78,91,91],"floor_reached":25,"playtime":1560,"items_purged":["Strike_R"],"score":284,"play_id":"427c8c1e-48b8-4baa-bb52-7e7dce15ed93","local_time":"20190303164828","is_ascension_mode":true,"campfire_choices":[{"data":"Barricade","floor":6,"key":"SMITH"},{"data":"Shrug It Off","floor":8,"key":"SMITH"},{"floor":13,"key":"REST"},{"data":"Armaments","floor":15,"key":"SMITH"},{"floor":23,"key":"REST"}],"neow_cost":"TEN_PERCENT_HP_LOSS","seed_source_timestamp":164902305478593,"circlet_count":0,"master_deck":["Strike_R","Strike_R","Defend_R","Defend_R","Defend_R","Defend_R","Bash","Barricade+1","Pommel Strike","Clothesline","Pommel Strike","Shrug It Off+1","Armaments+1","Juggernaut","Havoc","Warcry+1"],"relics":["Burning Blood","Bag of Preparation","Vajra","Dead Branch","Busted Crown"],"potions_floor_usage":[5,19],"damage_taken":[{"damage":6,"enemies":"Cultist","floor":1,"turns":4},{"damage":7,"enemies":"Small Slimes","floor":2,"turns":4},{"damage":7,"enemies":"2 Louse","floor":3,"turns":3},{"damage":25,"enemies":"Gremlin Gang","floor":5,"turns":6},{"damage":23,"enemies":"Lagavulin","floor":11,"turns":9},{"damage":19,"enemies":"Exordium Thugs","floor":14,"turns":4},{"damage":26,"enemies":"The Guardian","floor":16,"turns":16},{"damage":5,"enemies":"3 Byrds","floor":18,"turns":6},{"damage":20,"enemies":"2 Thieves","floor":19,"turns":4},{"damage":12,"enemies":"Shelled Parasite and Fungi","floor":20,"turns":8},{"damage":0,"enemies":"Sentry and Sphere","floor":24,"turns":7},{"damage":66,"enemies":"Gremlin Leader","floor":25,"turns":3}],"seed_played":"-4787488443033303708","potions_obtained":[{"floor":2,"key":"Poison Potion"},{"floor":14,"key":"Ancient Potion"},{"floor":16,"key":"Strength Potion"},{"floor":20,"key":"FearPotion"}],"is_trial":false,"path_per_floor":["M","M","M","$","M","R","?","R","T","?","E","?","R","M","R","B",null,"M","M","M","T","$","R","M","E"],"character_chosen":"IRONCLAD","items_purchased":["Havoc"],"campfire_rested":2,"item_purchase_floors":[22],"current_hp_per_floor":[72,71,70,70,51,51,51,51,51,44,27,27,48,35,35,15,58,59,45,39,39,39,60,66,0],"gold":91,"neow_bonus":"THREE_RARE_CARDS","is_prod":false,"is_daily":false,"chose_seed":false,"campfire_upgraded":3,"win_rate":0,"timestamp":1551656908,"path_taken":["M","?","M","$","M","R","?","R","T","?","E","?","R","M","R","BOSS","M","?","?","?","$","R","M","E"],"build_version":"2019-01-23","purchased_purges":1,"victory":false,"max_hp_per_floor":[72,72,72,72,72,72,72,72,72,72,72,72,72,72,72,72,72,72,72,72,72,72,72,72,72],"card_choices":[{"not_picked":["Bludgeon","Limit Break"],"picked":"Barricade","floor":0},{"not_picked":["Clash","Blood for Blood"],"picked":"Pommel Strike","floor":1},{"not_picked":["Flex","Havoc"],"picked":"Clothesline","floor":2},{"not_picked":["Clash","Havoc"],"picked":"Pommel Strike","floor":3},{"not_picked":["True Grit","Thunderclap"],"picked":"Shrug It Off","floor":5},{"not_picked":["Blood for Blood","Wild Strike","Immolate"],"picked":"SKIP","floor":11},{"not_picked":["Pummel","Thunderclap"],"picked":"Armaments","floor":14},{"not_picked":["Reaper","Dark Embrace"],"picked":"Juggernaut","floor":16},{"not_picked":["Clothesline+1"],"picked":"SKIP","floor":18},{"not_picked":["Sentinel"],"picked":"SKIP","floor":19},{"not_picked":["Perfected Strike"],"picked":"SKIP","floor":20},{"not_picked":[],"picked":"Warcry+1","floor":24}],"player_experience":478742,"relics_obtained":[{"floor":9,"key":"Bag of Preparation"},{"floor":11,"key":"Vajra"}],"event_choices":[{"cards_removed":["Strike_R"],"damage_healed":0,"gold_gain":0,"player_choice":"Card Removal","damage_taken":0,"max_hp_gain":0,"max_hp_loss":0,"event_name":"The Cleric","floor":7,"gold_loss":50},{"cards_removed":["Strike_R"],"damage_healed":0,"gold_gain":0,"player_choice":"Card Removal","damage_taken":7,"max_hp_gain":0,"max_hp_loss":0,"event_name":"Golden Wing","floor":10,"gold_loss":0},{"damage_healed":0,"gold_gain":0,"player_choice":"Paid Gold","damage_taken":0,"relics_obtained":["Dead Branch"],"max_hp_gain":0,"max_hp_loss":0,"event_name":"WeMeetAgain","floor":12,"gold_loss":97}],"is_beta":false,"boss_relics":[{"not_picked":["Ectoplasm","Cursed Key"],"picked":"Busted Crown"}],"items_purged_floors":[4],"is_endless":false,"potions_floor_spawned":[2,14,16,20],"killed_by":"Gremlin Leader","ascension_level":8}