{"gold_per_floor":[116,128,141,151,164,9,9,28,28,28,103,131,179,190,190,285,285,304,304,404,415,241,241,241,241,241,241],"floor_reached":27,"playtime":1787,"items_purged":["Strike_B","Strike_B"],"score":233,"play_id":"f4b96f43-9a93-4389-95ad-f28df519cb2b","local_time":"20190103224617","is_ascension_mode":true,"campfire_choices":[{"data":"Gash","floor":7,"key":"SMITH"},{"floor":15,"key":"REST"},{"data":"Consume","floor":23,"key":"SMITH"},{"floor":25,"key":"REST"}],"neow_cost":"NONE","seed_source_timestamp":10558292233381,"circlet_count":0,"master_deck":["Strike_B","Strike_B","Defend_B","Defend_B","Defend_B","Defend_B","Zap","Dualcast","Gash+1","Capacitor","Capacitor","Leap","Coolheaded","Reprogram","Consume+1","Cold Snap","Electrodynamics","Echo Form","Conserve Battery","Auto Shields"],"relics":["Cracked Core","Bottled Lightning","Odd Mushroom","White Beast Statue","Incense Burner"],"potions_floor_usage":[12,18,21,24,27],"damage_taken":[{"damage":1,"enemies":"Cultist","floor":1,"turns":3},{"damage":0,"enemies":"Small Slimes","floor":2,"turns":4},{"damage":0,"enemies":"2 Louse","floor":3,"turns":2},{"damage":4,"enemies":"Looter","floor":4,"turns":3},{"damage":30,"enemies":"Large Slime","floor":5,"turns":7},{"damage":10,"enemies":"Gremlin Gang","floor":8,"turns":4},{"damage":22,"enemies":"The Mushroom Lair","floor":12,"turns":3},{"damage":9,"enemies":"Red Slaver","floor":14,"turns":3},{"damage":31,"enemies":"Slime Boss","floor":16,"turns":7},{"damage":19,"enemies":"Spheric Guardian","floor":18,"turns":4},{"damage":26,"enemies":"Shell Parasite","floor":21,"turns":8},{"damage":26,"enemies":"Colosseum Slavers","floor":24,"turns":7},{"damage":39,"enemies":"Gremlin Leader","floor":27,"turns":5}],"seed_played":"-8453306297729089286","potions_obtained":[{"floor":2,"key":"SteroidPotion"},{"floor":8,"key":"Explosive Potion"},{"floor":12,"key":"Ancient Potion"},{"floor":14,"key":"Weak Potion"},{"floor":18,"key":"Poison Potion"},{"floor":21,"key":"Explosive Potion"}],"is_trial":false,"path_per_floor":["M","M","M","M","M","$","R","M","T","?","?","?","T","M","R","B",null,"M","?","?","M","$","R","?","R","T","E"],"character_chosen":"DEFECT","items_purchased":["Consume","Auto Shields"],"campfire_rested":2,"item_purchase_floors":[6,22],"current_hp_per_floor":[74,74,74,70,40,40,40,30,30,55,44,22,22,13,35,4,75,56,56,56,30,30,30,4,26,26,0],"gold":241,"neow_bonus":"THREE_CARDS","is_prod":false,"is_daily":false,"chose_seed":false,"campfire_upgraded":2,"win_rate":0,"timestamp":1546580777,"path_taken":["M","M","M","M","M","$","R","?","T","?","?","?","?","M","R","BOSS","M","?","?","?","?","R","?","R","T","E"],"build_version":"2019-01-03v3","purchased_purges":2,"victory":false,"max_hp_per_floor":[75,75,75,75,75,75,75,75,75,75,75,75,75,75,75,75,75,75,75,75,75,75,75,75,75,75,75],"card_choices":[{"not_picked":["Go for the Eyes","Loop"],"picked":"Gash","floor":0},{"not_picked":["Sweeping Beam","Redo"],"picked":"Capacitor","floor":1},{"not_picked":["Sweeping Beam","Redo"],"picked":"Capacitor","floor":1},{"not_picked":["Auto Shields","BootSequence"],"picked":"Leap","floor":2},{"not_picked":["Undo","Steam"],"picked":"Coolheaded","floor":3},{"not_picked":["Conserve Battery","Go for the Eyes"],"picked":"Reprogram","floor":4},{"not_picked":["Streamline","Rebound","Stack"],"picked":"SKIP","floor":5},{"not_picked":["Darkness","Stack"],"picked":"Cold Snap","floor":8},{"not_picked":["Tempest","Compile Driver"],"picked":"Electrodynamics","floor":14},{"not_picked":["Reboot","Rainbow"],"picked":"Echo Form","floor":16},{"not_picked":["Stack+1","Ball Lightning+1","Sweeping Beam"],"picked":"SKIP","floor":18},{"not_picked":["Ball Lightning","Turbo"],"picked":"Conserve Battery","floor":21}],"player_experience":232526,"relics_obtained":[{"floor":9,"key":"Bottled Lightning"},{"floor":12,"key":"Odd Mushroom"},{"floor":26,"key":"Incense Burner"}],"event_choices":[{"damage_healed":25,"gold_gain":0,"player_choice":"Banana","damage_taken":0,"max_hp_gain":0,"max_hp_loss":0,"event_name":"Big Fish","floor":10,"gold_loss":0},{"damage_healed":0,"gold_gain":75,"player_choice":"Gather Gold","damage_taken":11,"max_hp_gain":0,"max_hp_loss":0,"event_name":"World of Goop","floor":11,"gold_loss":0},{"damage_healed":0,"gold_gain":0,"player_choice":"Fought Mushrooms","damage_taken":0,"max_hp_gain":0,"max_hp_loss":0,"event_name":"Mushrooms","floor":12,"gold_loss":0},{"damage_healed":0,"gold_gain":0,"player_choice":"Ignored","damage_taken":0,"max_hp_gain":0,"max_hp_loss":0,"event_name":"The Mausoleum","floor":19,"gold_loss":0},{"damage_healed":0,"gold_gain":100,"player_choice":"Pray","damage_taken":0,"max_hp_gain":0,"max_hp_loss":0,"event_name":"Golden Shrine","floor":20,"gold_loss":0},{"damage_healed":0,"gold_gain":0,"player_choice":"Fight","damage_taken":0,"max_hp_gain":0,"max_hp_loss":0,"event_name":"Colosseum","floor":24,"gold_loss":0},{"damage_healed":0,"gold_gain":0,"player_choice":"Fled From Nobs","damage_taken":0,"max_hp_gain":0,"max_hp_loss":0,"event_name":"Colosseum","floor":24,"gold_loss":0}],"is_beta":false,"boss_relics":[{"not_picked":["Lizard Tail","Snecko Eye"],"picked":"White Beast Statue"}],"items_purged_floors":[6,22],"is_endless":false,"potions_floor_spawned":[2,8,12,14,18,21,24],"killed_by":"Gremlin Leader","ascension_level":3}