{"gold_per_floor":[113,288,288,305,34,66,66,85,85,115,128,143,143,165,165,270,270,270,270,113,113,113,113,113,113,113,113,113,113,113,113,113,113,113,113,113,113,113,113,113],"floor_reached":40,"playtime":3046,"items_purged":["Doubt"],"score":606,"play_id":"29ffddc5-5939-4e73-b323-b5a475d1e327","local_time":"20190724215013","is_ascension_mode":true,"campfire_choices":[{"floor":7,"key":"REST"},{"data":"True Grit","floor":15,"key":"SMITH"},{"data":"Feel No Pain","floor":23,"key":"SMITH"},{"floor":25,"key":"REST"},{"data":"Shockwave","floor":28,"key":"SMITH"},{"data":"Searing Blow+1","floor":30,"key":"SMITH"},{"floor":32,"key":"REST"}],"neow_cost":"NONE","seed_source_timestamp":200585611315881,"circlet_count":0,"master_deck":["Strike_R","Strike_R","Strike_R","Strike_R","Strike_R","Defend_R","Defend_R","Defend_R","Defend_R","Bash","Feed","Sword Boomerang","Uppercut","Shrug It Off","Pommel Strike","True Grit+1","Whirlwind+1","Iron Wave+1","Rampage+1","Fiend Fire+1","Feel No Pain+1","Shockwave+1","Offering","Headbutt+1","Searing Blow+2","J.A.X.","Reaper+1","Warcry+1","Iron Wave+1","Reaper+1","Writhe","PanicButton"],"relics":["Burning Blood","Paper Frog","HandDrill","Happy Flower","WingedGreaves","Molten Egg 2","Calipers","Odd Mushroom","Ectoplasm","Potion Belt","Bag of Preparation","Black Star","Unceasing Top"],"potions_floor_usage":[10,16,16,24],"damage_taken":[{"damage":4,"enemies":"Jaw Worm","floor":1,"turns":4},{"damage":6,"enemies":"Cultist","floor":4,"turns":4},{"damage":36,"enemies":"Gremlin Nob","floor":6,"turns":5},{"damage":12,"enemies":"Small Slimes","floor":8,"turns":3},{"damage":23,"enemies":"3 Sentries","floor":10,"turns":8},{"damage":3,"enemies":"Looter","floor":11,"turns":2},{"damage":6,"enemies":"3 Louse","floor":12,"turns":2},{"damage":0,"enemies":"The Mushroom Lair","floor":14,"turns":3},{"damage":52,"enemies":"The Guardian","floor":16,"turns":11},{"damage":15,"enemies":"3 Byrds","floor":18,"turns":5},{"damage":8,"enemies":"Chosen","floor":19,"turns":4},{"damage":2,"enemies":"Centurion and Healer","floor":21,"turns":6},{"damage":6,"enemies":"Snecko","floor":22,"turns":2},{"damage":23,"enemies":"Book of Stabbing","floor":24,"turns":4},{"damage":52,"enemies":"Collector","floor":33,"turns":5},{"damage":17,"enemies":"Orb Walker","floor":35,"turns":4},{"damage":26,"enemies":"Mind Bloom Boss Battle","floor":36,"turns":5},{"damage":34,"enemies":"3 Shapes","floor":37,"turns":5},{"damage":94,"enemies":"Giant Head","floor":40,"turns":7}],"seed_played":"942375642348400739","potions_obtained":[{"floor":6,"key":"Block Potion"},{"floor":8,"key":"SteroidPotion"},{"floor":11,"key":"Poison Potion"},{"floor":22,"key":"LiquidBronze"},{"floor":33,"key":"Dexterity Potion"}],"is_trial":false,"path_per_floor":["M","?","T","M","$","E","R","M","T","E","M","M","?","?","R","B",null,"M","M","$","M","M","R","E","R","T","$","R","?","R","?","R","B",null,"M","?","M","?","?","E"],"character_chosen":"IRONCLAD","items_purchased":["HandDrill","Offering"],"campfire_rested":3,"item_purchase_floors":[5,20],"current_hp_per_floor":[77,77,77,80,80,50,75,72,72,58,64,67,60,69,69,26,85,79,77,77,81,81,81,64,96,96,96,96,74,74,74,107,61,99,88,68,51,80,80,0],"gold":113,"neow_bonus":"ONE_RANDOM_RARE_CARD","is_prod":false,"is_daily":false,"chose_seed":false,"campfire_upgraded":4,"win_rate":0,"timestamp":1564001413,"path_taken":["M","?","?","?","$","E","R","M","T","E","M","M","?","?","R","BOSS","M","M","$","M","M","R","E","R","T","$","R","?","R","?","R","BOSS","M","?","M","?","?","E"],"build_version":"2019-07-05","purchased_purges":1,"victory":false,"max_hp_per_floor":[83,83,83,86,86,86,86,89,89,92,95,98,98,101,101,104,104,107,107,107,107,107,107,107,107,107,107,107,112,112,112,112,112,112,112,112,115,115,115,115],"card_choices":[{"not_picked":["Wild Strike","Havoc"],"picked":"Sword Boomerang","floor":1},{"not_picked":["Carnage","Havoc"],"picked":"Uppercut","floor":4},{"not_picked":["Intimidate","Wild Strike"],"picked":"Shrug It Off","floor":6},{"not_picked":["Fire Breathing","Cleave"],"picked":"Pommel Strike","floor":8},{"not_picked":["Warcry","Sentinel"],"picked":"True Grit","floor":10},{"not_picked":["Cleave+1","Flame Barrier"],"picked":"Whirlwind+1","floor":11},{"not_picked":["Heavy Blade+1","Twin Strike+1"],"picked":"Iron Wave+1","floor":12},{"not_picked":["Pommel Strike+1","Anger+1"],"picked":"Rampage+1","floor":14},{"not_picked":["Impervious","Brutality"],"picked":"Fiend Fire+1","floor":16},{"not_picked":["Power Through","Clash+1"],"picked":"Feel No Pain","floor":18},{"not_picked":["Warcry","Iron Wave+1"],"picked":"Shockwave","floor":19},{"not_picked":["Anger+1","Corruption","Havoc"],"picked":"SKIP","floor":21},{"not_picked":["Entrench","Flame Barrier"],"picked":"Headbutt+1","floor":22},{"not_picked":["Ghostly Armor","Perfected Strike+1"],"picked":"Searing Blow+1","floor":24},{"not_picked":["Immolate+1","Berserk"],"picked":"Reaper+1","floor":33},{"not_picked":["Burning Pact","Ghostly Armor"],"picked":"Warcry+1","floor":35},{"not_picked":["Shrug It Off","Flex+1"],"picked":"Iron Wave+1","floor":36},{"not_picked":["Power Through","Perfected Strike+1"],"picked":"Reaper+1","floor":37},{"not_picked":["Thinking Ahead","Finesse"],"picked":"PanicButton","floor":39}],"player_experience":158922,"relics_obtained":[{"floor":3,"key":"Paper Frog"},{"floor":6,"key":"Happy Flower"},{"floor":9,"key":"WingedGreaves"},{"floor":10,"key":"Molten Egg 2"},{"floor":14,"key":"Odd Mushroom"},{"floor":24,"key":"Potion Belt"},{"floor":26,"key":"Bag of Preparation"},{"floor":36,"key":"Unceasing Top"}],"event_choices":[{"damage_healed":0,"gold_gain":175,"player_choice":"AGREE","damage_taken":0,"max_hp_gain":0,"max_hp_loss":0,"event_name":"Liars Game","floor":2,"gold_loss":0,"cards_obtained":["Doubt"]},{"damage_healed":0,"gold_gain":0,"player_choice":"Success","damage_taken":7,"relics_obtained":["Calipers"],"max_hp_gain":0,"max_hp_loss":0,"event_name":"Scrap Ooze","floor":13,"gold_loss":0},{"damage_healed":0,"gold_gain":0,"player_choice":"Fought Mushrooms","damage_taken":0,"max_hp_gain":0,"max_hp_loss":0,"event_name":"Mushrooms","floor":14,"gold_loss":0},{"damage_healed":0,"gold_gain":0,"player_choice":"Shed Blood","damage_taken":27,"max_hp_gain":5,"max_hp_loss":0,"event_name":"Forgotten Altar","floor":29,"gold_loss":0},{"damage_healed":0,"gold_gain":0,"player_choice":"Obtain J.A.X.","damage_taken":0,"max_hp_gain":0,"max_hp_loss":0,"event_name":"Drug Dealer","floor":31,"gold_loss":0,"cards_obtained":["J.A.X."]},{"damage_healed":0,"gold_gain":0,"player_choice":"Fight","damage_taken":0,"max_hp_gain":0,"max_hp_loss":0,"event_name":"MindBloom","floor":36,"gold_loss":0},{"damage_healed":29,"gold_gain":0,"player_choice":"Writhe","damage_taken":0,"max_hp_gain":0,"max_hp_loss":0,"event_name":"Winding Halls","floor":38,"gold_loss":0,"cards_obtained":["Writhe"]},{"damage_healed":0,"gold_gain":0,"player_choice":"Memory 1","damage_taken":0,"max_hp_gain":0,"max_hp_loss":0,"event_name":"SensoryStone","floor":39,"gold_loss":0}],"is_beta":false,"boss_relics":[{"not_picked":["Runic Cube","Runic Pyramid"],"picked":"Ectoplasm"},{"not_picked":["Fusion Hammer","Tiny House"],"picked":"Black Star"}],"items_purged_floors":[5],"is_endless":false,"potions_floor_spawned":[6,8,11,22,33],"killed_by":"Giant Head","ascension_level":7}