{"path_per_floor":["M","?","M","?","$","E","R","E","T","?","$","E","M","M","R","B",null,"M","M","?","?","?","R","E","R","T","M","M","M","E","$","R"],"character_chosen":"DEFECT","items_purchased":["Barrage","Dramatic Entrance","Ball Lightning","Juzu Bracelet","Anchor"],"gold_per_floor":[112,112,125,125,50,90,90,126,204,169,56,92,112,137,137,266,266,282,300,300,339,339,339,379,379,379,395,413,432,471,10,10,10],"floor_reached":33,"campfire_rested":4,"playtime":2186,"current_hp_per_floor":[74,81,75,55,55,14,38,20,20,40,40,32,32,32,32,9,82,75,65,65,38,38,62,37,61,61,50,44,31,31,31,55,0],"items_purged":["Regret","Writhe"],"gold":10,"score":394,"play_id":"56054065-75b9-478f-a0fd-8f44a8c74dbf","local_time":"20180509233921","is_prod":false,"is_daily":false,"chose_seed":false,"is_ascension_mode":true,"campfire_upgraded":1,"timestamp":1525901961,"path_taken":["M","?","?","?","$","E","R","E","T","?","$","E","?","M","R","BOSS","M","M","?","?","?","R","E","R","T","M","M","?","E","$","R","BOSS"],"build_version":"2018-05-08","seed_source_timestamp":2716079286206183,"purchased_purges":2,"victory":false,"master_deck":["Strike_B","Strike_B","Strike_B","Strike_B","Defend_B","Defend_B","Defend_B+1","Defend_B","Zap+1","Dualcast+1","Rebound","Rebound","Reboot","Leap","Cold Snap","Barrage+1","Dramatic Entrance+1","Ball Lightning+1","Cold Snap+1","Buffer","Sweeping Beam+1","Doom and Gloom+1","Barrage+1","Conserve Battery+1","FTL+1","Ball Lightning+1"],"max_hp_per_floor":[75,82,82,82,82,82,82,82,82,82,82,82,82,82,82,82,82,82,82,82,82,82,82,82,82,82,82,82,82,82,82,82,82],"relics":["Cracked Core","War Paint","Strawberry","Golden Idol","Lantern","Prayer Wheel","Molten Egg 2","Bottled Flame","Cursed Key","Letter Opener","Red Mask","Du-Vu Doll","Ice Cream","Juzu Bracelet","Anchor"],"card_choices":[{"not_picked":["Reprogram","Stack"],"picked":"Rebound","floor":1},{"not_picked":["Barrage","White Noise"],"picked":"Rebound","floor":3},{"not_picked":["Streamline","Darkness"],"picked":"Reboot","floor":6},{"not_picked":["Capacitor","Storm"],"picked":"Leap","floor":8},{"not_picked":["Self Repair","Capacitor"],"picked":"Cold Snap","floor":9},{"not_picked":["Tempest","Auto Shields"],"picked":"Ball Lightning","floor":12},{"not_picked":["Auto Shields","Melter"],"picked":"Cold Snap","floor":13},{"not_picked":["Amplify","Fission"],"picked":"Buffer","floor":16},{"not_picked":["Capacitor","Gash"],"picked":"Sweeping Beam","floor":18},{"not_picked":["Barrage","Skim"],"picked":"Doom and Gloom","floor":21},{"not_picked":["Glacier","Reinforced Body"],"picked":"Barrage","floor":24},{"not_picked":["Go for the Eyes","Chill"],"picked":"Conserve Battery","floor":27},{"not_picked":["Turbo","Machine Learning"],"picked":"FTL","floor":28}],"player_experience":404196,"potions_floor_usage":[16,30],"damage_taken":[{"damage":1,"enemies":"Cultist","floor":1,"turns":3},{"damage":6,"enemies":"2 Louse","floor":3,"turns":2},{"damage":41,"enemies":"Lagavulin","floor":6,"turns":8},{"damage":18,"enemies":"3 Sentries","floor":8,"turns":6},{"damage":8,"enemies":"Gremlin Nob","floor":12,"turns":3},{"damage":0,"enemies":"Jaw Worm","floor":13,"turns":1},{"damage":0,"enemies":"Lots of Slimes","floor":14,"turns":1},{"damage":23,"enemies":"Slime Boss","floor":16,"turns":11},{"damage":7,"enemies":"Chosen","floor":18,"turns":4},{"damage":10,"enemies":"3 Byrds","floor":19,"turns":4},{"damage":27,"enemies":"Masked Bandits","floor":21,"turns":3},{"damage":25,"enemies":"Book of Stabbing","floor":24,"turns":4},{"damage":11,"enemies":"Snake Plant","floor":27,"turns":4},{"damage":6,"enemies":"3 Cultists","floor":28,"turns":4},{"damage":13,"enemies":"Snecko","floor":29,"turns":3},{"damage":0,"enemies":"Gremlin Leader","floor":30,"turns":5},{"damage":62,"enemies":"Automaton","floor":33,"turns":6}],"event_choices":[{"event_name":"Big Fish","player_choice":"Box","floor":2,"damage_taken":0},{"event_name":"Golden Idol","player_choice":"Take Damage","floor":4,"damage_taken":0},{"event_name":"The Cleric","player_choice":"Healed","floor":10,"damage_taken":0},{"event_name":"The Mausoleum","player_choice":"Yes","floor":20,"damage_taken":0},{"event_name":"Masked Bandits","player_choice":"Fought over 300 gold","floor":21,"damage_taken":0},{"event_name":"Ghosts","player_choice":"Ignored","floor":22,"damage_taken":0}],"boss_relics":[{"not_picked":["Eternal Feather","Calling Bell"],"picked":"Cursed Key"}],"potions_floor_spawned":[1,6,8,12,24,28],"seed_played":"-3594272033623768151","killed_by":"Automaton","ascension_level":4,"is_trial":false}