{"path_per_floor":["M","?","M","$","M","R","E","?","T","R","M","T","?","$","R","B",null,"M","?","T","M","?","E","?","?","T","T","M","R","?","M","R"],"character_chosen":"DEFECT","items_purchased":["Axe Kick","Juzu Bracelet"],"gold_per_floor":[111,111,126,51,71,71,103,166,241,241,261,342,342,36,36,141,141,158,158,158,177,177,212,127,127,127,153,172,172,222,240,240,240],"floor_reached":33,"campfire_rested":2,"playtime":1142,"item_purchase_floors":[14,14],"current_hp_per_floor":[74,67,60,60,52,52,39,16,16,53,43,43,36,36,36,36,75,59,59,59,49,49,29,29,15,15,22,18,63,63,60,64,0],"items_purged":["Strike_B","Strike_B"],"gold":240,"score":311,"play_id":"3a63f858-be24-4625-a9a4-3a655d26d46b","local_time":"20180521142641","is_prod":false,"is_daily":false,"chose_seed":false,"is_ascension_mode":false,"campfire_upgraded":3,"timestamp":1526905601,"campfire_choices":[{"data":"Dualcast","floor":6,"key":"SMITH"},{"floor":10,"key":"REST"},{"data":"Zap","floor":15,"key":"SMITH"},{"floor":29,"key":"REST"},{"data":"Gash","floor":32,"key":"SMITH"}],"path_taken":["M","?","M","?","M","R","E","?","T","R","?","?","?","$","R","BOSS","M","?","?","M","?","E","?","?","T","?","M","R","?","M","R","BOSS"],"build_version":"2018-05-18","seed_source_timestamp":6710238534564,"purchased_purges":2,"victory":false,"master_deck":["Strike_B+1","Defend_B+1","Defend_B+1","Defend_B+1","Defend_B+1","Zap+1","Dualcast+1","Gash+1","Axe Kick","Scrape","Axe Kick","Beam Cell","Go for the Eyes+1","Beam Cell+1"],"max_hp_per_floor":[75,75,75,75,75,75,75,75,75,75,75,75,75,75,75,75,75,75,75,75,75,75,75,75,80,80,87,87,87,87,87,87,87],"relics":["Cracked Core","Bronze Scales","Potion Belt","Matryoshka","Regal Pillow","Tiny Chest","Anchor","Toolbox","Juzu Bracelet","Eternal Feather","Mercury Hourglass","Cables","Vajra","Molten Egg 2","Orichalcum","Strawberry"],"card_choices":[{"not_picked":["Hello World","Go for the Eyes","Steam"],"picked":"SKIP","floor":1},{"not_picked":["Chaos","Barrage"],"picked":"Gash","floor":3},{"not_picked":["Cold Snap","Rip and Tear"],"picked":"Axe Kick","floor":5},{"not_picked":["Reinforced Body","Streamline","Leap"],"picked":"SKIP","floor":7},{"not_picked":["Turbo","Ball Lightning"],"picked":"Scrape","floor":8},{"not_picked":["Self Repair","Hello World","Skim"],"picked":"SKIP","floor":11},{"not_picked":["Reprogram","Sweeping Beam","Stack"],"picked":"SKIP","floor":18},{"not_picked":["Rebound+1","Double Energy+1","Hologram+1"],"picked":"SKIP","floor":21},{"not_picked":["Capacitor","Genetic Algorithm+1"],"picked":"Beam Cell","floor":23},{"not_picked":["Ball Lightning+1","Genetic Algorithm+1"],"picked":"Go for the Eyes+1","floor":28},{"not_picked":["Sweeping Beam+1","Auto Shields"],"picked":"Beam Cell+1","floor":31}],"player_experience":469843,"potions_floor_usage":[7,23,33,33,33],"damage_taken":[{"damage":1,"enemies":"2 Louse","floor":1,"turns":3},{"damage":7,"enemies":"Small Slimes","floor":3,"turns":3},{"damage":8,"enemies":"Jaw Worm","floor":5,"turns":3},{"damage":13,"enemies":"3 Sentries","floor":7,"turns":8},{"damage":23,"enemies":"3 Sentries","floor":8,"turns":8},{"damage":10,"enemies":"Exordium Thugs","floor":11,"turns":4},{"damage":0,"enemies":"Slime Boss","floor":16,"turns":8},{"damage":16,"enemies":"Shell Parasite","floor":18,"turns":4},{"damage":10,"enemies":"2 Thieves","floor":21,"turns":3},{"damage":20,"enemies":"Gremlin Leader","floor":23,"turns":6},{"damage":4,"enemies":"Chosen and Byrds","floor":28,"turns":3},{"damage":3,"enemies":"Snake Plant","floor":31,"turns":3},{"damage":72,"enemies":"Champ","floor":33,"turns":10}],"relics_obtained":[{"floor":7,"key":"Potion Belt"},{"floor":8,"key":"Matryoshka"},{"floor":9,"key":"Regal Pillow"},{"floor":9,"key":"Tiny Chest"},{"floor":12,"key":"Anchor"},{"floor":12,"key":"Toolbox"},{"floor":20,"key":"Cables"},{"floor":23,"key":"Vajra"},{"floor":26,"key":"Orichalcum"},{"floor":27,"key":"Strawberry"}],"event_choices":[{"event_name":"Scrap Ooze","player_choice":"success","floor":2,"damage_taken":7},{"event_name":"Dead Adventurer","player_choice":"Searched \u00272\u0027 times","floor":8,"damage_taken":0},{"event_name":"Golden Wing","player_choice":"Card Removal","floor":13,"damage_taken":0},{"event_name":"The Mausoleum","player_choice":"Yes","floor":19,"damage_taken":0},{"event_name":"Back to Basics","player_choice":"Simplicity","floor":22,"damage_taken":0},{"event_name":"Addict","player_choice":"Obtained Relic","floor":24,"damage_taken":0},{"event_name":"Forgotten Altar","player_choice":"Shed Blood","floor":25,"damage_taken":0},{"event_name":"The Joust","player_choice":"Bet on Murderer","floor":30,"damage_taken":0}],"boss_relics":[{"not_picked":["Sozu","Inserter"],"picked":"Eternal Feather"}],"items_purged_floors":[4,14],"potions_floor_spawned":[1,5,7,16,18,31],"seed_played":"7228059241172648067","killed_by":"Champ","ascension_level":0,"potions_obtained":[{"floor":1,"key":"Dexterity Potion"},{"floor":5,"key":"SpeedPotion"},{"floor":7,"key":"Energy Potion"},{"floor":16,"key":"Weak Potion"},{"floor":18,"key":"LiquidBronze"},{"floor":31,"key":"Weak Potion"}],"is_trial":false}