{"gold_per_floor":[118,193,204,223,17,42,42,69,69,85,85],"floor_reached":11,"playtime":575,"items_purged":[],"score":104,"play_id":"1a7b2e19-6b11-4175-bfd0-f824373ef04a","local_time":"20190714153632","is_ascension_mode":true,"campfire_choices":[{"floor":7,"key":"REST"}],"neow_cost":"NONE","seed_source_timestamp":81916516793899,"circlet_count":0,"master_deck":["Strike_R","Strike_R","Strike_R","Strike_R","Strike_R","Defend_R","Defend_R","Defend_R","Defend_R","Bash","Heavy Blade","Pummel","True Grit","Exhume","Sentinel","Iron Wave"],"relics":["Burning Blood","HandDrill","Centennial Puzzle","Gremlin Horn","Juzu Bracelet"],"potions_floor_usage":[8,10],"damage_taken":[{"damage":17,"enemies":"2 Louse","floor":1,"turns":3},{"damage":1,"enemies":"Small Slimes","floor":3,"turns":4},{"damage":6,"enemies":"Cultist","floor":4,"turns":4},{"damage":40,"enemies":"Gremlin Nob","floor":6,"turns":5},{"damage":58,"enemies":"3 Sentries","floor":8,"turns":10},{"damage":9,"enemies":"2 Fungi Beasts","floor":10,"turns":4},{"damage":13,"enemies":"Large Slime","floor":11,"turns":1}],"seed_played":"-2128353669451404102","potions_obtained":[{"floor":4,"key":"LiquidBronze"},{"floor":6,"key":"SkillPotion"},{"floor":8,"key":"SpeedPotion"}],"is_trial":false,"path_per_floor":["M","?","M","M","$","E","R","E","T","M","M"],"character_chosen":"IRONCLAD","items_purchased":["HandDrill"],"campfire_rested":1,"item_purchase_floors":[5],"current_hp_per_floor":[77,66,71,71,71,37,63,11,11,8,0],"gold":85,"neow_bonus":"TEN_PERCENT_HP_BONUS","is_prod":false,"is_daily":false,"chose_seed":false,"campfire_upgraded":0,"win_rate":0,"timestamp":1563114992,"path_taken":["M","?","M","M","$","E","R","E","T","M","M"],"build_version":"2019-07-05","purchased_purges":0,"victory":false,"max_hp_per_floor":[88,88,88,88,88,88,88,88,88,88,88],"card_choices":[{"not_picked":["Combust","Body Slam"],"picked":"Heavy Blade","floor":1},{"not_picked":["Twin Strike","Anger"],"picked":"Pummel","floor":3},{"not_picked":["Fire Breathing","Cleave"],"picked":"True Grit","floor":4},{"not_picked":["Clothesline","Sword Boomerang"],"picked":"Exhume","floor":6},{"not_picked":["Havoc","Corruption"],"picked":"Sentinel","floor":8},{"not_picked":["Clothesline","Intimidate"],"picked":"Iron Wave","floor":10}],"player_experience":125134,"relics_obtained":[{"floor":6,"key":"Centennial Puzzle"},{"floor":8,"key":"Gremlin Horn"},{"floor":9,"key":"Juzu Bracelet"}],"event_choices":[{"damage_healed":0,"gold_gain":75,"player_choice":"Gather Gold","damage_taken":11,"max_hp_gain":0,"max_hp_loss":0,"event_name":"World of Goop","floor":2,"gold_loss":0}],"is_beta":false,"boss_relics":[],"items_purged_floors":[],"is_endless":false,"potions_floor_spawned":[4,6,8],"killed_by":"Large Slime","ascension_level":5}