{"gold_per_floor":[115,126,126,146,221,221,69,69,93,113,130,149,149,25,25,25],"floor_reached":16,"playtime":534,"items_purged":["Strike_R","Bash"],"score":92,"play_id":"bb90a099-b63e-4763-9774-67bf1c1e72bd","local_time":"20190127182925","is_ascension_mode":false,"campfire_choices":[{"data":"Limit Break","floor":6,"key":"SMITH"},{"floor":15,"key":"REST"}],"neow_cost":"PERCENT_DAMAGE","seed_source_timestamp":151523107993288,"circlet_count":0,"master_deck":["Strike_R","Strike_R","Strike_R","Defend_R+1","Defend_R","Defend_R","Defend_R+1","Limit Break+1","Inflame","Flex","True Grit"],"relics":["Burning Blood","Anchor","Golden Idol"],"potions_floor_usage":[11,12,12],"damage_taken":[{"damage":10,"enemies":"Jaw Worm","floor":1,"turns":6},{"damage":1,"enemies":"2 Louse","floor":2,"turns":4},{"damage":9,"enemies":"Cultist","floor":4,"turns":4},{"damage":8,"enemies":"Large Slime","floor":10,"turns":5},{"damage":0,"enemies":"Exordium Wildlife","floor":11,"turns":4},{"damage":27,"enemies":"Gremlin Gang","floor":12,"turns":5},{"damage":36,"enemies":"Slime Boss","floor":16,"turns":7}],"seed_played":"-7104419562913938391","potions_obtained":[{"floor":1,"key":"SkillPotion"},{"floor":4,"key":"PowerPotion"},{"floor":11,"key":"Dexterity Potion"}],"is_trial":false,"path_per_floor":["M","M","?","M","?","R","$","?","T","M","M","M","?","$","R","B"],"character_chosen":"IRONCLAD","items_purchased":["Inflame","True Grit"],"campfire_rested":1,"item_purchase_floors":[7,14],"current_hp_per_floor":[52,57,41,38,27,27,27,27,27,25,31,10,10,10,32,0],"gold":25,"neow_bonus":"THREE_RARE_CARDS","is_prod":false,"is_daily":false,"chose_seed":false,"campfire_upgraded":1,"win_rate":0,"timestamp":1548638965,"path_taken":["M","M","?","M","?","R","$","?","T","M","?","M","?","?","R","BOSS"],"build_version":"2019-01-23","purchased_purges":2,"victory":false,"max_hp_per_floor":[80,80,80,80,80,80,80,80,80,80,80,80,74,74,74,74],"card_choices":[{"not_picked":["Reaper","Demon Form"],"picked":"Limit Break","floor":0},{"not_picked":["Hemokinesis","Iron Wave","Sentinel"],"picked":"SKIP","floor":1},{"not_picked":["Warcry","Ghostly Armor","Pommel Strike"],"picked":"SKIP","floor":2},{"not_picked":["Headbutt","Pommel Strike","Wild Strike"],"picked":"SKIP","floor":4},{"not_picked":["Combust","Cleave","Havoc"],"picked":"SKIP","floor":10},{"not_picked":["Warcry","Reckless Charge","Iron Wave"],"picked":"SKIP","floor":11},{"not_picked":["Second Wind","Headbutt","Warcry"],"picked":"SKIP","floor":12}],"player_experience":344241,"relics_obtained":[{"floor":9,"key":"Anchor"}],"event_choices":[{"damage_healed":0,"gold_gain":0,"player_choice":"Entered Light","damage_taken":16,"max_hp_gain":0,"max_hp_loss":0,"event_name":"Shining Light","floor":3,"gold_loss":0,"cards_upgraded":["Defend_R","Defend_R"]},{"damage_healed":0,"gold_gain":75,"player_choice":"Gather Gold","damage_taken":11,"max_hp_gain":0,"max_hp_loss":0,"event_name":"World of Goop","floor":5,"gold_loss":0},{"damage_healed":0,"gold_gain":0,"cards_transformed":["Strike_R"],"player_choice":"Transformed","damage_taken":0,"max_hp_gain":0,"max_hp_loss":0,"event_name":"Transmorgrifier","floor":8,"gold_loss":0,"cards_obtained":["Flex"]},{"damage_healed":0,"gold_gain":0,"player_choice":"Lose Max HP","damage_taken":0,"relics_obtained":["Golden Idol"],"max_hp_gain":0,"max_hp_loss":6,"event_name":"Golden Idol","floor":13,"gold_loss":0}],"is_beta":false,"boss_relics":[],"items_purged_floors":[7,14],"is_endless":false,"potions_floor_spawned":[1,4,11],"killed_by":"Slime Boss","ascension_level":0}