{"gold_per_floor":[109,119,119,132,57,57,82,82,109,120,135,135,155,186,186,282,282,296,313,313,313,328,328,62,62,62,79,79,108,124,124],"floor_reached":31,"playtime":2807,"items_purged":["Pain"],"score":380,"play_id":"4b838c91-26d1-4c11-bc79-ccb584f30a46","local_time":"20190224130803","is_ascension_mode":true,"campfire_choices":[{"data":"Phantasmal Killer","floor":6,"key":"SMITH"},{"data":"Neutralize","floor":8,"key":"SMITH"},{"floor":12,"key":"REST"},{"data":"Footwork","floor":15,"key":"SMITH"},{"floor":23,"key":"REST"},{"data":"Bullet Time","floor":25,"key":"SMITH"},{"floor":28,"key":"REST"}],"neow_cost":"NONE","seed_source_timestamp":316556185691876,"circlet_count":0,"master_deck":["Survivor","Neutralize+1","Phantasmal Killer+1","Dash","Backflip","PiercingWail","Footwork+1","Bullet Time+1","Terror","Night Terror","Die Die Die","Expertise","Expertise","Sucker Punch","Dagger Spray","Venomology","Acrobatics","Distraction","Accuracy","Night Terror","Panacea","Neutralize","Footwork","Footwork","Heel Hook","Riddle With Holes","Well Laid Plans","Setup"],"relics":["Ring of the Snake","WarpedTongs","Potion Belt","Blood Vial","Gremlin Horn","Pandora\u0027s Box","Ancient Tea Set","Regal Pillow","Shuriken"],"potions_floor_usage":[7,14,16,19,19,22,22,27,27,29,29,29],"damage_taken":[{"damage":0,"enemies":"Small Slimes","floor":1,"turns":4},{"damage":0,"enemies":"Cultist","floor":2,"turns":5},{"damage":3,"enemies":"Jaw Worm","floor":4,"turns":5},{"damage":26,"enemies":"3 Sentries","floor":7,"turns":7},{"damage":10,"enemies":"Exordium Thugs","floor":10,"turns":5},{"damage":0,"enemies":"Large Slime","floor":11,"turns":8},{"damage":0,"enemies":"2 Fungi Beasts","floor":13,"turns":4},{"damage":28,"enemies":"Gremlin Nob","floor":14,"turns":6},{"damage":0,"enemies":"Hexaghost","floor":16,"turns":12},{"damage":31,"enemies":"2 Thieves","floor":18,"turns":3},{"damage":31,"enemies":"Chosen","floor":19,"turns":6},{"damage":3,"enemies":"Centurion and Healer","floor":22,"turns":9},{"damage":17,"enemies":"Sentry and Sphere","floor":27,"turns":8},{"damage":30,"enemies":"Book of Stabbing","floor":29,"turns":5},{"damage":34,"enemies":"Snecko","floor":30,"turns":5},{"damage":13,"enemies":"Snake Plant","floor":31,"turns":1}],"seed_played":"8052105408195364944","potions_obtained":[{"floor":2,"key":"FearPotion"},{"floor":7,"key":"AttackPotion"},{"floor":10,"key":"Explosive Potion"},{"floor":13,"key":"SkillPotion"},{"floor":19,"key":"Fire Potion"},{"floor":27,"key":"Regen Potion"}],"is_trial":false,"path_per_floor":["M","M","?","M","$","R","E","R","T","M","M","R","M","E","R","B",null,"M","M","?","$","M","R","$","R","T","M","R","E","M","M"],"character_chosen":"THE_SILENT","items_purchased":["Footwork","Ancient Tea Set","Heel Hook"],"campfire_rested":3,"item_purchase_floors":[24,24,24],"current_hp_per_floor":[70,70,70,67,67,67,41,41,41,33,35,56,58,32,32,34,70,39,10,10,10,9,30,30,30,30,15,51,37,5,0],"gold":124,"neow_bonus":"ONE_RANDOM_RARE_CARD","is_prod":false,"is_daily":false,"chose_seed":false,"campfire_upgraded":4,"win_rate":0,"timestamp":1551038883,"path_taken":["M","M","?","?","$","R","E","R","T","M","M","R","M","E","R","BOSS","M","M","?","?","M","R","$","R","T","M","R","E","M","M"],"build_version":"2019-01-23","purchased_purges":1,"victory":false,"max_hp_per_floor":[70,70,70,70,70,70,70,70,70,70,70,70,70,70,70,70,70,70,70,70,70,70,70,70,70,70,70,70,70,70,70],"card_choices":[{"not_picked":["Deadly Poison","Reflex"],"picked":"Dash","floor":1},{"not_picked":["Blade Dance","Underhanded Strike"],"picked":"Backflip","floor":2},{"not_picked":["Riddle With Holes","Bane"],"picked":"PiercingWail","floor":4},{"not_picked":["Slice","Expertise","Dodge and Roll"],"picked":"SKIP","floor":7},{"not_picked":["Underhanded Strike","Dodge and Roll"],"picked":"Footwork","floor":10},{"not_picked":["Cloak And Dagger","Backstab"],"picked":"Bullet Time","floor":11},{"not_picked":["Cloak And Dagger","Quick Slash","Distraction"],"picked":"SKIP","floor":13},{"not_picked":["Eviscerate","Deflect"],"picked":"Terror","floor":14},{"not_picked":["After Image","Grand Finale"],"picked":"Night Terror","floor":16},{"not_picked":["Crippling Poison","Deflect","Eviscerate"],"picked":"SKIP","floor":18},{"not_picked":["All Out Attack","Sucker Punch","Dagger Throw"],"picked":"SKIP","floor":19},{"not_picked":["Blade Dance","Dodge and Roll"],"picked":"Footwork","floor":22},{"not_picked":["Quick Slash","Endless Agony"],"picked":"Riddle With Holes","floor":27},{"not_picked":["Backstab+1","Masterful Stab"],"picked":"Well Laid Plans","floor":29},{"not_picked":["Dagger Spray+1","Dagger Throw"],"picked":"Setup","floor":30}],"player_experience":431037,"relics_obtained":[{"floor":7,"key":"Potion Belt"},{"floor":9,"key":"Blood Vial"},{"floor":14,"key":"Gremlin Horn"},{"floor":26,"key":"Regal Pillow"},{"floor":29,"key":"Shuriken"}],"event_choices":[{"damage_healed":0,"gold_gain":0,"player_choice":"Rummage","damage_taken":0,"relics_obtained":["WarpedTongs"],"max_hp_gain":0,"max_hp_loss":0,"event_name":"Accursed Blacksmith","floor":3,"gold_loss":0,"cards_obtained":["Pain"]},{"damage_healed":0,"gold_gain":0,"player_choice":"2 cards matched","damage_taken":0,"max_hp_gain":0,"max_hp_loss":0,"event_name":"Match and Keep!","floor":20,"gold_loss":0,"cards_obtained":["Panacea","Neutralize"]}],"is_beta":false,"boss_relics":[{"not_picked":["Lizard Tail","Black Star"],"picked":"Pandora\u0027s Box"}],"items_purged_floors":[5],"is_endless":false,"potions_floor_spawned":[2,7,10,13,19,27],"killed_by":"Snake Plant","ascension_level":4}