{"gold_per_floor":[111,30,30,30,55,98,98,116,116,116,134,149,192,215,215,336,336,356,281,281,24,47,47,47],"floor_reached":24,"playtime":836,"items_purged":["Strike_B"],"score":312,"play_id":"4f4530d4-ddd7-4b4b-8096-db0bd6aed93c","local_time":"20190427000529","is_ascension_mode":true,"campfire_choices":[{"data":"Darkness","floor":7,"key":"SMITH"},{"data":"Doom and Gloom","floor":10,"key":"SMITH"},{"floor":15,"key":"REST"},{"data":"Dualcast","floor":23,"key":"SMITH"}],"neow_cost":"NONE","seed_source_timestamp":1087588418033230,"circlet_count":0,"master_deck":["Strike_B","Strike_B","Strike_B","Defend_B","Defend_B","Defend_B","Defend_B","Zap","Dualcast+1","Cold Snap","Doom and Gloom+1","Ball Lightning","Darkness+1","Doom and Gloom+1","Loop","Creative AI","Darkness","Core Surge"],"relics":["Cracked Core","NeowsBlessing","Golden Idol","Meat on the Bone","Regal Pillow","Happy Flower","Runic Dome","Mummified Hand"],"potions_floor_usage":[12,13,13],"damage_taken":[{"damage":0,"enemies":"Small Slimes","floor":1,"turns":1},{"damage":0,"enemies":"Cultist","floor":5,"turns":1},{"damage":0,"enemies":"3 Sentries","floor":6,"turns":1},{"damage":6,"enemies":"2 Louse","floor":8,"turns":2},{"damage":16,"enemies":"Blue Slaver","floor":11,"turns":3},{"damage":27,"enemies":"Exordium Thugs","floor":12,"turns":4},{"damage":8,"enemies":"Gremlin Nob","floor":13,"turns":3},{"damage":14,"enemies":"Gremlin Gang","floor":14,"turns":3},{"damage":24,"enemies":"The Guardian","floor":16,"turns":7},{"damage":27,"enemies":"Shell Parasite","floor":18,"turns":4},{"damage":1,"enemies":"Spheric Guardian","floor":22,"turns":3},{"damage":63,"enemies":"Slavers","floor":24,"turns":4}],"seed_played":"4762309283013385071","potions_obtained":[{"floor":5,"key":"Fire Potion"},{"floor":6,"key":"Fire Potion"},{"floor":8,"key":"Swift Potion"},{"floor":14,"key":"LiquidBronze"},{"floor":16,"key":"Dexterity Potion"},{"floor":22,"key":"Fire Potion"}],"is_trial":false,"path_per_floor":["M","$","?","?","M","E","R","M","T","R","M","M","E","M","R","B",null,"M","$","?","$","M","R","E"],"character_chosen":"DEFECT","items_purchased":["Doom and Gloom","Mummified Hand"],"campfire_rested":1,"item_purchase_floors":[2,21],"current_hp_per_floor":[68,68,50,50,50,50,50,44,44,44,40,25,29,27,64,40,66,39,39,64,64,63,63,0],"gold":47,"neow_bonus":"THREE_ENEMY_KILL","is_prod":false,"is_daily":false,"chose_seed":false,"campfire_upgraded":3,"win_rate":0,"timestamp":1556316329,"path_taken":["M","$","?","?","?","E","R","M","T","R","M","M","E","M","R","BOSS","M","$","?","$","M","R","E"],"build_version":"2019-04-23","purchased_purges":1,"victory":false,"max_hp_per_floor":[75,75,75,75,75,75,75,75,75,75,75,75,75,75,75,75,75,75,75,75,75,75,75,75],"card_choices":[{"not_picked":["Compile Driver","Chill"],"picked":"Cold Snap","floor":1},{"not_picked":["Capacitor","Barrage"],"picked":"Ball Lightning","floor":5},{"not_picked":["Leap","Rainbow"],"picked":"Darkness","floor":6},{"not_picked":["Hologram","Conserve Battery"],"picked":"Doom and Gloom","floor":8},{"not_picked":["Leap","Streamline"],"picked":"Loop","floor":11},{"not_picked":["Coolheaded","Steam Power"],"picked":"Creative AI","floor":12},{"not_picked":["Lockon","Sweeping Beam"],"picked":"Darkness","floor":13},{"not_picked":["Redo","Compile Driver","Gash"],"picked":"SKIP","floor":14},{"not_picked":["Amplify","Buffer"],"picked":"Core Surge","floor":16},{"not_picked":["Beam Cell","Hologram+1","Storm"],"picked":"SKIP","floor":18},{"not_picked":["Steam+1","Redo","Capacitor"],"picked":"SKIP","floor":22}],"player_experience":515944,"relics_obtained":[{"floor":6,"key":"Meat on the Bone"},{"floor":9,"key":"Regal Pillow"},{"floor":13,"key":"Happy Flower"}],"event_choices":[{"damage_healed":0,"gold_gain":0,"player_choice":"Take Damage","damage_taken":18,"relics_obtained":["Golden Idol"],"max_hp_gain":0,"max_hp_loss":0,"event_name":"Golden Idol","floor":3,"gold_loss":0},{"damage_healed":0,"gold_gain":0,"player_choice":"Upgraded","damage_taken":0,"max_hp_gain":0,"max_hp_loss":0,"event_name":"Upgrade Shrine","floor":4,"gold_loss":0,"cards_upgraded":["Doom and Gloom"]},{"damage_healed":25,"gold_gain":0,"player_choice":"Heal","damage_taken":0,"max_hp_gain":0,"max_hp_loss":0,"event_name":"The Library","floor":20,"gold_loss":0}],"is_beta":true,"boss_relics":[{"not_picked":["White Beast Statue","Empty Cage"],"picked":"Runic Dome"}],"items_purged_floors":[19],"is_endless":false,"potions_floor_spawned":[5,6,8,14,16,22],"killed_by":"Slavers","ascension_level":7}