{"gold_per_floor":[112,123,137,16,26,26,46,46,95,95,170,201,201,213,213,316,316,328,778,794,804,729,729,145,145,145,145,163,196,196,207,207,306,306,325,338,355,48,48,76,76,26,26,26,26,26],"floor_reached":46,"playtime":3721,"items_purged":["Strike_G","Defend_G","Venomology","Defend_G"],"score":516,"play_id":"8e572068-05c6-4a20-8fa8-b02d9ccaa586","local_time":"20190109201118","is_ascension_mode":true,"campfire_choices":[{"data":"Neutralize","floor":6,"key":"SMITH"},{"floor":8,"key":"RECALL"},{"data":"Deadly Poison","floor":13,"key":"SMITH"},{"data":"Deadly Poison","floor":15,"key":"SMITH"},{"floor":23,"key":"REST"},{"data":"Burst","floor":25,"key":"SMITH"},{"data":"The Bomb","floor":27,"key":"SMITH"},{"floor":30,"key":"REST"},{"data":"Skewer","floor":32,"key":"SMITH"},{"floor":41,"key":"REST"},{"data":"Footwork","floor":45,"key":"SMITH"}],"neow_cost":"NONE","seed_source_timestamp":1853917236658,"circlet_count":0,"master_deck":["Defend_G","Defend_G","Defend_G","Survivor","Neutralize+1","Escape Plan","Backflip","Backflip","Deadly Poison+1","Deadly Poison+1","Flying Knee","Skewer+1","Burst+1","Heel Hook","Madness","Crippling Poison+1","The Bomb+1","Well Laid Plans","Calculated Gamble+1","Footwork+1","Outmaneuver","Blade Dance","Escape Plan","Well Laid Plans","Catalyst"],"relics":["Ring of the Snake","Blue Candle","Empty Cage","Bottled Flame","Sundial","Smiling Mask","Sozu","Art of War","Ornamental Fan","Peace Pipe","Pocketwatch"],"potions_floor_usage":[16,20,20,31,33,40],"damage_taken":[{"damage":10,"enemies":"Jaw Worm","floor":1,"turns":6},{"damage":0,"enemies":"Small Slimes","floor":2,"turns":3},{"damage":0,"enemies":"2 Louse","floor":3,"turns":3},{"damage":0,"enemies":"Red Slaver","floor":5,"turns":4},{"damage":0,"enemies":"2 Fungi Beasts","floor":7,"turns":5},{"damage":5,"enemies":"3 Sentries","floor":12,"turns":11},{"damage":2,"enemies":"Looter","floor":14,"turns":3},{"damage":8,"enemies":"Hexaghost","floor":16,"turns":8},{"damage":0,"enemies":"3 Byrds","floor":18,"turns":5},{"damage":0,"enemies":"Shell Parasite","floor":20,"turns":4},{"damage":9,"enemies":"Snake Plant","floor":21,"turns":4},{"damage":3,"enemies":"Cultist and Chosen","floor":28,"turns":6},{"damage":13,"enemies":"Book of Stabbing","floor":29,"turns":6},{"damage":7,"enemies":"Centurion and Healer","floor":31,"turns":5},{"damage":5,"enemies":"Champ","floor":33,"turns":9},{"damage":12,"enemies":"Orb Walker","floor":35,"turns":4},{"damage":10,"enemies":"3 Darklings","floor":36,"turns":4},{"damage":34,"enemies":"Spire Growth","floor":37,"turns":5},{"damage":5,"enemies":"Nemesis","floor":40,"turns":5},{"damage":41,"enemies":"Reptomancer","floor":46,"turns":2}],"seed_played":"-7027382997316131065","potions_obtained":[{"floor":5,"key":"EssenceOfSteel"},{"floor":7,"key":"FearPotion"},{"floor":14,"key":"Fire Potion"},{"floor":20,"key":"Energy Potion"},{"floor":31,"key":"AttackPotion"},{"floor":33,"key":"PowerPotion"}],"is_trial":false,"path_per_floor":["M","M","M","$","M","R","M","R","T","?","?","E","R","M","R","B",null,"M","?","M","M","?","R","$","R","T","R","M","E","R","M","R","B",null,"M","M","M","$","?","E","R","$","T","$","R","E"],"character_chosen":"THE_SILENT","items_purchased":["Deadly Poison","Bottled Flame","The Bomb","Well Laid Plans","Art of War","Escape Plan","Well Laid Plans"],"campfire_rested":3,"item_purchase_floors":[4,24,24,24,38,38,38],"current_hp_per_floor":[60,60,60,60,60,60,60,60,60,53,42,37,37,35,35,27,70,70,14,14,5,5,26,26,26,26,26,23,10,31,24,24,19,70,58,48,14,14,14,9,30,30,30,30,30,0],"gold":26,"neow_bonus":"THREE_CARDS","is_prod":false,"is_daily":false,"chose_seed":false,"campfire_upgraded":7,"win_rate":0,"timestamp":1547089878,"path_taken":["M","M","M","$","M","R","M","R","T","?","?","E","R","M","R","BOSS","M","?","M","?","?","R","$","R","T","R","M","E","R","M","R","BOSS","M","M","M","$","?","E","R","$","T","?","R","E"],"build_version":"2019-01-03v4","purchased_purges":4,"victory":false,"max_hp_per_floor":[70,70,70,70,70,70,70,70,70,70,70,70,70,70,70,70,70,70,70,70,70,70,70,70,70,70,70,70,70,70,70,70,70,70,70,70,70,70,70,70,70,70,70,70,70,70],"card_choices":[{"not_picked":["PiercingWail","Dagger Spray"],"picked":"Escape Plan","floor":0},{"not_picked":["Acrobatics","Quick Slash","Bane"],"picked":"SKIP","floor":1},{"not_picked":["Dagger Throw","Underhanded Strike"],"picked":"Backflip","floor":2},{"not_picked":["Tactician","Sucker Punch"],"picked":"Backflip","floor":3},{"not_picked":["Outmaneuver","Blade Dance"],"picked":"Deadly Poison","floor":5},{"not_picked":["Corpse Explosion","Blur","Leg Sweep"],"picked":"SKIP","floor":7},{"not_picked":["Blur","Sucker Punch"],"picked":"Flying Knee","floor":12},{"not_picked":["Prepared","Sucker Punch"],"picked":"Skewer","floor":14},{"not_picked":["A Thousand Cuts","Venomology"],"picked":"Burst","floor":16},{"not_picked":["Flying Knee","Sucker Punch+1"],"picked":"Heel Hook","floor":18},{"not_picked":["Finisher","Terror"],"picked":"Crippling Poison+1","floor":20},{"not_picked":["Prepared","Reflex","Backflip"],"picked":"SKIP","floor":21},{"not_picked":["Quick Slash+1","Underhanded Strike+1"],"picked":"Calculated Gamble+1","floor":28},{"not_picked":["Endless Agony","Deflect+1"],"picked":"Footwork","floor":29},{"not_picked":["Endless Agony","Deflect","Infinite Blades"],"picked":"SKIP","floor":31},{"not_picked":["Corpse Explosion","Adrenaline"],"picked":"Venomology","floor":33},{"not_picked":["PiercingWail","Poisoned Stab"],"picked":"Outmaneuver","floor":35},{"not_picked":["PiercingWail+1","Dash+1"],"picked":"Blade Dance","floor":36},{"not_picked":["Prepared+1","Corpse Explosion","Flying Knee"],"picked":"SKIP","floor":37},{"not_picked":["Dagger Spray+1","Skewer+1"],"picked":"Catalyst","floor":40}],"player_experience":268140,"relics_obtained":[{"floor":12,"key":"Blue Candle"},{"floor":26,"key":"Sundial"},{"floor":29,"key":"Smiling Mask"},{"floor":40,"key":"Peace Pipe"},{"floor":43,"key":"Pocketwatch"}],"event_choices":[{"cards_removed":["Strike_G"],"damage_healed":0,"gold_gain":0,"player_choice":"Card Removal","damage_taken":7,"max_hp_gain":0,"max_hp_loss":0,"event_name":"Golden Wing","floor":10,"gold_loss":0},{"damage_healed":0,"gold_gain":75,"player_choice":"Gather Gold","damage_taken":11,"max_hp_gain":0,"max_hp_loss":0,"event_name":"World of Goop","floor":11,"gold_loss":0},{"damage_healed":0,"gold_gain":450,"player_choice":"GOLD CARD GOLD GOLD POTION GOLD GOLD ","damage_taken":56,"max_hp_gain":0,"max_hp_loss":0,"event_name":"Knowing Skull","floor":19,"potions_obtained":["FearPotion"],"gold_loss":0,"cards_obtained":["Madness"]},{"cards_removed":["Strike_G"],"damage_healed":0,"gold_gain":0,"player_choice":"Gave Gold","damage_taken":0,"max_hp_gain":0,"max_hp_loss":0,"event_name":"Beggar","floor":22,"gold_loss":75},{"damage_healed":0,"gold_gain":0,"player_choice":"Gave Potion","damage_taken":0,"relics_obtained":["Ornamental Fan"],"max_hp_gain":0,"max_hp_loss":0,"event_name":"WeMeetAgain","floor":39,"gold_loss":0}],"is_beta":false,"boss_relics":[{"not_picked":["White Beast Statue","Runic Pyramid"],"picked":"Empty Cage"},{"not_picked":["Fusion Hammer","Astrolabe"],"picked":"Sozu"}],"items_purged_floors":[4,24,38,42],"is_endless":false,"potions_floor_spawned":[5,7,14,20,31,33,37,40],"killed_by":"Reptomancer","ascension_level":1}