{"gold_per_floor":[119,136,61,71,71,71,71,109,161,174,195,218,66,89,89,212,212,225,125,150,166,15,15],"floor_reached":23,"playtime":1089,"items_purged":["Strike_B","Strike_B"],"score":185,"play_id":"a2560cb6-6107-4d2d-8ffa-20de658ab660","local_time":"20181231014043","is_ascension_mode":false,"campfire_choices":[{"data":"Zap","floor":6,"key":"SMITH"},{"data":"Hyperbeam","floor":15,"key":"SMITH"}],"neow_cost":"NONE","seed_source_timestamp":57714697053059,"circlet_count":0,"master_deck":["Strike_B","Strike_B","Defend_B","Defend_B","Defend_B","Defend_B","Zap+1","Dualcast","All For One","Conserve Battery","Coolheaded","Consume","Coolheaded","Hyperbeam+1","Creative AI"],"relics":["Cracked Core","Golden Idol","Odd Mushroom","Vajra","Nuclear Battery","PreservedInsect"],"potions_floor_usage":[7,16,21],"damage_taken":[{"damage":11,"enemies":"Jaw Worm","floor":1,"turns":2},{"damage":7,"enemies":"Small Slimes","floor":2,"turns":3},{"damage":0,"enemies":"2 Louse","floor":4,"turns":2},{"damage":0,"enemies":"3 Sentries","floor":7,"turns":1},{"damage":12,"enemies":"The Mushroom Lair","floor":8,"turns":4},{"damage":0,"enemies":"2 Fungi Beasts","floor":10,"turns":3},{"damage":8,"enemies":"Red Slaver","floor":11,"turns":3},{"damage":0,"enemies":"Large Slime","floor":12,"turns":5},{"damage":4,"enemies":"Exordium Thugs","floor":14,"turns":4},{"damage":14,"enemies":"Slime Boss","floor":16,"turns":9},{"damage":11,"enemies":"2 Thieves","floor":18,"turns":2},{"damage":26,"enemies":"Spheric Guardian","floor":20,"turns":5},{"damage":10,"enemies":"Chosen and Byrds","floor":21,"turns":6},{"damage":29,"enemies":"Book of Stabbing","floor":23,"turns":7}],"seed_played":"3826463288095834260","potions_obtained":[{"floor":1,"key":"Strength Potion"},{"floor":2,"key":"SmokeBomb"},{"floor":12,"key":"SmokeBomb"},{"floor":14,"key":"Regen Potion"},{"floor":16,"key":"Weak Potion"},{"floor":20,"key":"Explosive Potion"},{"floor":21,"key":"FearPotion"}],"is_trial":false,"path_per_floor":["M","M","$","M","?","R","?","?","T","M","M","M","$","M","R","B",null,"M","$","M","M","$","E"],"character_chosen":"DEFECT","items_purchased":["Hyperbeam","PreservedInsect"],"campfire_rested":0,"item_purchase_floors":[13,22],"current_hp_per_floor":[64,57,57,57,39,39,39,27,27,27,19,19,19,15,15,16,75,64,64,38,28,28,0],"gold":15,"neow_bonus":"ONE_RANDOM_RARE_CARD","is_prod":false,"is_daily":false,"chose_seed":false,"campfire_upgraded":2,"win_rate":0,"timestamp":1546245643,"path_taken":["M","M","$","M","?","R","?","?","T","M","M","M","$","M","R","BOSS","M","$","M","M","$","E"],"build_version":"2018-12-20","purchased_purges":2,"victory":false,"max_hp_per_floor":[75,75,75,75,75,75,75,75,75,75,75,75,75,75,75,75,75,75,75,75,75,75,75],"card_choices":[{"not_picked":["Auto Shields","Turbo","Skim"],"picked":"SKIP","floor":1},{"not_picked":["Chill","Beam Cell","White Noise"],"picked":"SKIP","floor":2},{"not_picked":["Steam","Hologram"],"picked":"Conserve Battery","floor":4},{"not_picked":["Reboot","Compile Driver"],"picked":"Coolheaded","floor":8},{"not_picked":["Go for the Eyes","Turbo","Redo"],"picked":"SKIP","floor":10},{"not_picked":["Beam Cell","Ball Lightning"],"picked":"Consume","floor":11},{"not_picked":["Cold Snap","Hello World"],"picked":"Coolheaded","floor":12},{"not_picked":["Scrape","Loop","Stack"],"picked":"SKIP","floor":14},{"not_picked":["Biased Cognition","Echo Form"],"picked":"Creative AI","floor":16},{"not_picked":["Defragment","Compile Driver","Beam Cell"],"picked":"SKIP","floor":18},{"not_picked":["Tempest","Ball Lightning","Recycle"],"picked":"SKIP","floor":20},{"not_picked":["Consume","Beam Cell","Melter"],"picked":"SKIP","floor":21}],"player_experience":224876,"relics_obtained":[{"floor":8,"key":"Odd Mushroom"},{"floor":9,"key":"Vajra"}],"event_choices":[{"damage_healed":0,"gold_gain":0,"player_choice":"Take Damage","damage_taken":18,"relics_obtained":["Golden Idol"],"max_hp_gain":0,"max_hp_loss":0,"event_name":"Golden Idol","floor":5,"gold_loss":0},{"damage_healed":0,"gold_gain":0,"player_choice":"Searched \u00271\u0027 times","damage_taken":0,"max_hp_gain":0,"max_hp_loss":0,"event_name":"Dead Adventurer","floor":7,"gold_loss":0},{"damage_healed":0,"gold_gain":0,"player_choice":"Fought Mushrooms","damage_taken":0,"max_hp_gain":0,"max_hp_loss":0,"event_name":"Mushrooms","floor":8,"gold_loss":0}],"is_beta":false,"boss_relics":[{"not_picked":["Philosopher\u0027s Stone","Calling Bell"],"picked":"Nuclear Battery"}],"items_purged_floors":[3,19],"is_endless":false,"potions_floor_spawned":[1,2,12,14,16,20,21],"killed_by":"Book of Stabbing","ascension_level":0}