{"gold_per_floor":[114,64,74,93,105,139,139,172,222,0,0,10,10,10,10,130,130,145,145,140,163,183,183,227,227,227,227,127,166,166,182,182,302,302,327,0,23,0,18,18,33,33,33,53,53,89,102,102,102,102,102,102,25,61,61],"floor_reached":56,"playtime":4808,"items_purged":["Strike_G","Strike_G","Defend_G"],"score":1570,"play_id":"27cf4063-4a6a-49d7-aaac-5e7bf2465436","local_time":"20190813121345","is_ascension_mode":true,"campfire_choices":[{"floor":7.0,"key":"REST"},{"floor":11.0,"key":"REST"},{"data":"Bouncing Flask","floor":13.0,"key":"SMITH"},{"data":"Backflip","floor":15.0,"key":"SMITH"},{"data":"Noxious Fumes","floor":23.0,"key":"SMITH"},{"data":"Burst","floor":25.0,"key":"SMITH"},{"data":"Footwork","floor":27.0,"key":"SMITH"},{"data":"Blur","floor":32.0,"key":"SMITH"},{"floor":40,"key":"RECALL"},{"data":"Footwork","floor":42,"key":"SMITH"},{"data":"Catalyst","floor":45,"key":"SMITH"},{"floor":49,"key":"REST"},{"floor":52,"key":"REST"}],"neow_cost":"NONE","seed_source_timestamp":186787371677514,"circlet_count":0,"master_deck":["Defend_G+1","Defend_G+1","Defend_G+1","Survivor+1","Neutralize+1","Bouncing Flask+1","Sucker Punch+1","Dodge and Roll+1","Backflip+1","Deadly Poison+1","Footwork+1","Footwork+1","Burst+1","Backflip+1","Catalyst+1","Noxious Fumes+1","Well Laid Plans+1","Deadly Poison+1","Blur+1","Blur+1","Well Laid Plans"],"special_seed":0,"relics":["Ring of the Snake","Prayer Wheel","Gremlin Horn","Lantern","Oddly Smooth Stone","Golden Idol","Empty Cage","Blood Vial","Kunai","Anchor","Regal Pillow","Velvet Choker","Snake Skull","Red Mask","Paper Crane","PreservedInsect","Mark of the Bloom","Art of War"],"potions_floor_usage":[55,55,55],"damage_taken":[{"damage":1.0,"enemies":"Jaw Worm","floor":1.0,"turns":7.0},{"damage":0.0,"enemies":"Small Slimes","floor":3.0,"turns":3.0},{"damage":0.0,"enemies":"Cultist","floor":4.0,"turns":3.0},{"damage":26.0,"enemies":"Exordium Wildlife","floor":5.0,"turns":7.0},{"damage":9.0,"enemies":"Lagavulin","floor":6.0,"turns":7.0},{"damage":30.0,"enemies":"Gremlin Nob","floor":8.0,"turns":5.0},{"damage":12.0,"enemies":"Exordium Thugs","floor":12.0,"turns":9.0},{"damage":4.0,"enemies":"The Guardian","floor":16.0,"turns":9.0},{"damage":0.0,"enemies":"Shell Parasite","floor":18.0,"turns":5.0},{"damage":1.0,"enemies":"2 Thieves","floor":20.0,"turns":5.0},{"damage":0.0,"enemies":"Snake Plant","floor":21.0,"turns":6.0},{"damage":0.0,"enemies":"Centurion and Healer","floor":22.0,"turns":6.0},{"damage":0.0,"enemies":"Book of Stabbing","floor":24.0,"turns":8.0},{"damage":23.0,"enemies":"Gremlin Leader","floor":29.0,"turns":8.0},{"damage":10.0,"enemies":"Snecko","floor":31.0,"turns":5.0},{"damage":7,"enemies":"Automaton","floor":33,"turns":12},{"damage":3,"enemies":"Orb Walker","floor":35,"turns":4},{"damage":0,"enemies":"3 Shapes","floor":39,"turns":5},{"damage":0,"enemies":"Writhing Mass","floor":41,"turns":4},{"damage":0,"enemies":"Spire Growth","floor":44,"turns":4},{"damage":0,"enemies":"Giant Head","floor":46,"turns":6},{"damage":0,"enemies":"Sphere and 2 Shapes","floor":47,"turns":4},{"damage":0,"enemies":"Awakened One","floor":50,"turns":12},{"damage":0,"enemies":"Shield and Spear","floor":54,"turns":6},{"damage":0,"enemies":"The Heart","floor":55,"turns":9}],"seed_played":"7126591944075538309","potions_obtained":[{"floor":4.0,"key":"Ancient Potion"},{"floor":8.0,"key":"SpeedPotion"},{"floor":12.0,"key":"SkillPotion"},{"floor":16.0,"key":"Block Potion"},{"floor":21.0,"key":"SpeedPotion"},{"floor":29.0,"key":"SteroidPotion"},{"floor":33,"key":"Explosive Potion"},{"floor":39,"key":"Poison Potion"},{"floor":46,"key":"Swift Potion"}],"is_trial":false,"path_per_floor":["M","?","M","M","M","E","R","E","T","$","R","M","R","?","R","B",null,"M","?","M","M","M","R","E","R","T","R","$","E","?","M","R","B",null,"M","$","T","?","M","R","M","R","T","M","R","E","M","?","R","B",null,"R","$","E","B",null],"character_chosen":"THE_SILENT","items_purchased":["Oddly Smooth Stone","Snake Skull","Block Potion","Well Laid Plans"],"campfire_rested":4,"item_purchase_floors":[10,36,36,53],"current_hp_per_floor":[69,69,69,69,43,34,55,25,25,25,46,34,34,34,34,30,65,65,65,64,64,64,64,64,64,64,64,64,42,42,34,34,29,65,62,62,62,62,64,64,65,65,65,65,65,65,65,65,65,65,65,65,65,65,65],"gold":61,"neow_bonus":"REMOVE_CARD","is_prod":false,"is_daily":false,"chose_seed":false,"campfire_upgraded":8,"win_rate":0,"timestamp":1565716425,"path_taken":["M","?","M","M","M","E","R","E","T","$","R","M","R","?","R","BOSS","M","?","M","M","M","R","E","R","T","R","$","E","?","M","R","BOSS","M","$","?","?","M","R","M","R","T","M","R","E","?","?","R","BOSS","R","$","E","BOSS"],"build_version":"2019-07-17","purchased_purges":3,"victory":true,"max_hp_per_floor":[70,70,70,70,70,70,70,70,70,70,70,70,70,65,65,65,65,65,65,65,65,65,65,65,65,65,65,65,65,65,65,65,65,65,65,65,65,65,65,65,65,65,65,65,65,65,65,65,65,65,65,65,65,65,65],"card_choices":[{"not_picked":["Underhanded Strike","Accuracy"],"picked":"Bouncing Flask","floor":1.0},{"not_picked":["Reflex","Accuracy"],"picked":"Sucker Punch","floor":3.0},{"not_picked":["Deflect","Tactician"],"picked":"Dodge and Roll","floor":4.0},{"not_picked":["Reflex","Catalyst"],"picked":"Backflip","floor":5.0},{"not_picked":["Flying Knee","Accuracy"],"picked":"Deadly Poison","floor":6.0},{"not_picked":["Burst","Underhanded Strike"],"picked":"Footwork","floor":8.0},{"not_picked":["Slice","Well Laid Plans"],"picked":"Footwork","floor":12.0},{"not_picked":["Deflect","Dagger Spray","Crippling Poison"],"picked":"SKIP","floor":12.0},{"not_picked":["Night Terror","Wraith Form v2"],"picked":"Burst","floor":16.0},{"not_picked":["Reflex","Dodge and Roll"],"picked":"Backflip+1","floor":18.0},{"not_picked":["Blade Dance","Flying Knee"],"picked":"Catalyst","floor":18.0},{"not_picked":["Blade Dance+1","Caltrops"],"picked":"Well Laid Plans+1","floor":20.0},{"not_picked":["Distraction","All Out Attack","Sucker Punch"],"picked":"SKIP","floor":20.0},{"not_picked":["Phantasmal Killer","Poisoned Stab","Bouncing Flask+1"],"picked":"SKIP","floor":21.0},{"not_picked":["Distraction","Prepared","Accuracy"],"picked":"SKIP","floor":21.0},{"not_picked":["All Out Attack+1","PiercingWail","Predator+1"],"picked":"SKIP","floor":22.0},{"not_picked":["Expertise+1","Deflect","Eviscerate"],"picked":"SKIP","floor":22.0},{"not_picked":["Prepared","Finisher","Bullet Time"],"picked":"SKIP","floor":24.0},{"not_picked":["Calculated Gamble","Finisher"],"picked":"Deadly Poison+1","floor":29.0},{"not_picked":["Underhanded Strike","Blade Dance"],"picked":"Blur","floor":31.0},{"not_picked":["Dagger Spray+1","Bane","Infinite Blades"],"picked":"SKIP","floor":31.0},{"not_picked":["Catalyst+1","Slice"],"picked":"Blur","floor":35},{"not_picked":["Prepared+1","Predator","Backstab"],"picked":"SKIP","floor":35},{"not_picked":["Blur+1","Deadly Poison+1","Backstab"],"picked":"SKIP","floor":39},{"not_picked":["Footwork","Blade Dance","Deadly Poison"],"picked":"SKIP","floor":39},{"not_picked":["Caltrops+1","Endless Agony+1","Dagger Throw+1"],"picked":"SKIP","floor":41},{"not_picked":["Sucker Punch+1","Prepared","Doppelganger"],"picked":"SKIP","floor":41},{"not_picked":["Accuracy+1","Sucker Punch+1","Deflect"],"picked":"SKIP","floor":44},{"not_picked":["Deadly Poison","Quick Slash","Dash+1"],"picked":"SKIP","floor":44},{"not_picked":["Glass Knife","Choke+1","Predator+1"],"picked":"SKIP","floor":46},{"not_picked":["Underhanded Strike","Deflect","Quick Slash"],"picked":"SKIP","floor":47},{"not_picked":["Terror+1","Dagger Spray","Flying Knee"],"picked":"SKIP","floor":47},{"not_picked":["Bane+1","Deflect+1","Terror+1"],"picked":"SKIP","floor":54}],"player_experience":111111,"relics_obtained":[{"floor":6.0,"key":"Prayer Wheel"},{"floor":8.0,"key":"Gremlin Horn"},{"floor":9.0,"key":"Lantern"},{"floor":24.0,"key":"Blood Vial"},{"floor":26.0,"key":"Kunai"},{"floor":29.0,"key":"Anchor"},{"floor":43,"key":"Paper Crane"},{"floor":46,"key":"PreservedInsect"},{"floor":54,"key":"Art of War"}],"event_choices":[{"cards_removed":["Defend_G"],"damage_healed":0.0,"max_hp_gain":0.0,"max_hp_loss":0.0,"gold_gain":0.0,"event_name":"The Cleric","player_choice":"Card Removal","floor":2.0,"gold_loss":50.0,"damage_taken":0.0},{"damage_healed":0.0,"max_hp_gain":0.0,"max_hp_loss":5.0,"gold_gain":0.0,"event_name":"Golden Idol","player_choice":"Lose Max HP","floor":14.0,"gold_loss":0.0,"damage_taken":0.0,"relics_obtained":["Golden Idol"]},{"damage_healed":0.0,"max_hp_gain":0.0,"max_hp_loss":0.0,"gold_gain":0.0,"event_name":"The Library","player_choice":"Read","floor":19.0,"gold_loss":0.0,"damage_taken":0.0,"cards_obtained":["Noxious Fumes"]},{"damage_healed":0.0,"max_hp_gain":0.0,"max_hp_loss":0.0,"gold_gain":0.0,"event_name":"WeMeetAgain","player_choice":"Gave Potion","floor":30.0,"gold_loss":0.0,"damage_taken":0.0,"relics_obtained":["Regal Pillow"]},{"damage_healed":0,"gold_gain":0,"player_choice":"Paid","damage_taken":0,"relics_obtained":["Red Mask"],"max_hp_gain":0,"max_hp_loss":0,"event_name":"Tomb of Lord Red Mask","floor":38,"gold_loss":23},{"damage_healed":0,"gold_gain":0,"player_choice":"Upgrade","damage_taken":0,"relics_obtained":["Mark of the Bloom"],"max_hp_gain":0,"max_hp_loss":0,"event_name":"MindBloom","floor":48,"gold_loss":0,"cards_upgraded":["Defend_G","Defend_G","Defend_G","Survivor","Neutralize","Sucker Punch","Dodge and Roll","Deadly Poison","Blur"]}],"is_beta":false,"boss_relics":[{"not_picked":["Eternal Feather","Philosopher\u0027s Stone"],"picked":"Empty Cage"},{"not_picked":["Lizard Tail","Ring of the Serpent"],"picked":"Velvet Choker"}],"items_purged_floors":[10,28,36],"is_endless":false,"potions_floor_spawned":[4,8,12,16,18,21,29,33,39,46,54],"ascension_level":4}