{"gold_per_floor":[16,16,35,35,35,35,49,74,129,141,168,178,178,178,178,306,306,231,108,108,108,33,33,33,33,33,33,33,33,33,33,33,33,33,33,33,33,33,33,33,33,33,33,33,33,33,33,33,33,33,33,33,33,33,33],"floor_reached":55,"playtime":2086,"items_purged":["Strike_B"],"score":690,"play_id":"57100a84-2c49-4283-87a7-f7beb2f5ec48","local_time":"20190811102413","is_ascension_mode":false,"campfire_choices":[{"floor":6,"key":"RECALL"},{"data":"Consume","floor":13,"key":"SMITH"},{"floor":15,"key":"REST"},{"floor":24,"key":"REST"},{"floor":32,"key":"REST"},{"floor":40,"key":"REST"},{"floor":47,"key":"REST"},{"floor":49,"key":"REST"},{"data":"Electrodynamics","floor":52,"key":"SMITH"}],"neow_cost":"NO_GOLD","seed_source_timestamp":271588955245,"circlet_count":0,"master_deck":["Strike_B+1","Defend_B","Defend_B","Zap","Dualcast","Cold Snap+1","Consume+1","Machine Learning","Ball Lightning","Cold Snap","Blizzard","RitualDagger","Electrodynamics+1","Coolheaded+1","Glacier"],"relics":["Cracked Core","Calipers","Potion Belt","Dead Branch","Whetstone","Regal Pillow","Golden Idol","Ectoplasm","Smiling Mask","Cables","Enchiridion","Velvet Choker","Dream Catcher","Bronze Scales"],"potions_floor_usage":[8,21,33,33,33,42,50],"damage_taken":[{"damage":6,"enemies":"Jaw Worm","floor":1,"turns":4},{"damage":0,"enemies":"2 Louse","floor":3,"turns":2},{"damage":0,"enemies":"Cultist","floor":7,"turns":3},{"damage":29,"enemies":"Gremlin Nob","floor":8,"turns":5},{"damage":10,"enemies":"Lots of Slimes","floor":10,"turns":5},{"damage":4,"enemies":"Exordium Wildlife","floor":12,"turns":3},{"damage":13,"enemies":"The Guardian","floor":16,"turns":13},{"damage":29,"enemies":"2 Thieves","floor":18,"turns":4},{"damage":1,"enemies":"3 Byrds","floor":20,"turns":5},{"damage":0,"enemies":"Snake Plant","floor":21,"turns":5},{"damage":34,"enemies":"Book of Stabbing","floor":23,"turns":7},{"damage":26,"enemies":"3 Cultists","floor":27,"turns":5},{"damage":0,"enemies":"Chosen and Byrds","floor":31,"turns":4},{"damage":40,"enemies":"Collector","floor":33,"turns":10},{"damage":18,"enemies":"Orb Walker","floor":35,"turns":4},{"damage":18,"enemies":"3 Darklings","floor":37,"turns":3},{"damage":22,"enemies":"Spire Growth","floor":38,"turns":4},{"damage":53,"enemies":"Nemesis","floor":42,"turns":9},{"damage":0,"enemies":"Writhing Mass","floor":44,"turns":6},{"damage":7,"enemies":"Jaw Worm Horde","floor":48,"turns":2},{"damage":54,"enemies":"Donu and Deca","floor":50,"turns":9},{"damage":62,"enemies":"Shield and Spear","floor":54,"turns":8},{"damage":35,"enemies":"The Heart","floor":55,"turns":3}],"seed_played":"8857346614922924187","potions_obtained":[{"floor":3,"key":"Block Potion"},{"floor":8,"key":"Fruit Juice"},{"floor":12,"key":"Swift Potion"},{"floor":16,"key":"Ancient Potion"},{"floor":18,"key":"Block Potion"},{"floor":23,"key":"Dexterity Potion"},{"floor":27,"key":"Energy Potion"},{"floor":31,"key":"SkillPotion"},{"floor":37,"key":"Weak Potion"}],"is_trial":false,"path_per_floor":["M","?","M","?","?","R","M","E","T","M","T","M","R","?","R","B",null,"M","$","M","M","?","E","R","$","T","M","?","?","?","M","R","B",null,"M","?","M","M","?","R","$","E","T","M","$","$","R","M","R","B",null,"R","$","E","B"],"character_chosen":"DEFECT","items_purchased":["Cold Snap"],"campfire_rested":6,"item_purchase_floors":[19],"current_hp_per_floor":[69,69,69,62,62,62,62,38,38,28,28,24,24,4,43,30,80,51,51,50,50,50,16,55,55,55,29,13,13,7,7,46,6,80,62,62,44,22,22,61,61,8,8,8,8,8,47,40,79,25,80,80,80,18,0],"gold":33,"neow_bonus":"ONE_RARE_RELIC","is_prod":false,"is_daily":false,"chose_seed":false,"campfire_upgraded":2,"win_rate":0,"timestamp":1565511853,"path_taken":["M","?","M","?","?","R","?","E","T","?","?","M","R","?","R","BOSS","M","$","M","M","?","E","R","$","T","M","?","?","?","M","R","BOSS","M","?","?","M","?","R","$","E","T","M","?","$","R","?","R","BOSS","R","$","E","BOSS"],"build_version":"2019-07-18","purchased_purges":1,"victory":false,"max_hp_per_floor":[75,75,75,75,75,75,75,80,80,80,80,80,80,80,80,80,80,80,80,80,80,80,80,80,80,80,80,80,80,80,80,80,80,80,80,80,80,80,80,80,80,80,80,80,80,80,80,80,80,80,80,80,80,80,80],"card_choices":[{"not_picked":["Rebound","Undo","Gash"],"picked":"SKIP","floor":1},{"not_picked":["Coolheaded","Loop"],"picked":"Cold Snap","floor":3},{"not_picked":["Turbo","Steam Power","Reinforced Body"],"picked":"SKIP","floor":7},{"not_picked":["Machine Learning","Hologram"],"picked":"Consume","floor":8},{"not_picked":["Gash","Self Repair","Beam Cell"],"picked":"SKIP","floor":10},{"not_picked":["Steam","Recycle","Reinforced Body"],"picked":"SKIP","floor":12},{"not_picked":["Thunder Strike","Echo Form"],"picked":"Machine Learning","floor":16},{"not_picked":["Compile Driver","Stack+1"],"picked":"Ball Lightning","floor":18},{"not_picked":["Rebound","Conserve Battery"],"picked":"Blizzard","floor":20},{"not_picked":["Conserve Battery","Darkness","Rip and Tear"],"picked":"SKIP","floor":21},{"not_picked":["Turbo","Beam Cell+1","Streamline"],"picked":"SKIP","floor":23},{"not_picked":["All For One","Rip and Tear+1","Hologram"],"picked":"SKIP","floor":27},{"not_picked":["Steam","Turbo+1","Redo"],"picked":"SKIP","floor":31},{"not_picked":["Machine Learning","Creative AI"],"picked":"Electrodynamics","floor":33},{"not_picked":["Rebound","Redo+1","Beam Cell+1"],"picked":"SKIP","floor":35},{"not_picked":["Recycle+1","Storm","Redo+1"],"picked":"SKIP","floor":37},{"not_picked":["Streamline+1","Core Surge"],"picked":"Coolheaded+1","floor":38},{"not_picked":["Gash+1","Self Repair+1","Sweeping Beam+1"],"picked":"SKIP","floor":42},{"not_picked":["BootSequence","Leap","Hello World+1"],"picked":"SKIP","floor":44},{"not_picked":["Reprogram","Rip and Tear+1"],"picked":"Glacier","floor":47},{"not_picked":["Coolheaded","Leap","Beam Cell"],"picked":"SKIP","floor":48},{"not_picked":["Hologram+1","Sweeping Beam","Skim"],"picked":"SKIP","floor":54}],"player_experience":592711,"relics_obtained":[{"floor":8,"key":"Dead Branch"},{"floor":9,"key":"Whetstone"},{"floor":11,"key":"Regal Pillow"},{"floor":23,"key":"Smiling Mask"},{"floor":26,"key":"Cables"},{"floor":28,"key":"Enchiridion"},{"floor":42,"key":"Dream Catcher"},{"floor":54,"key":"Bronze Scales"}],"event_choices":[{"cards_removed":["Strike_B"],"damage_healed":0,"gold_gain":0,"player_choice":"Forget","damage_taken":0,"max_hp_gain":0,"max_hp_loss":0,"event_name":"Living Wall","floor":2,"gold_loss":0},{"cards_removed":["Defend_B"],"damage_healed":0,"gold_gain":0,"player_choice":"Card Removal","damage_taken":7,"max_hp_gain":0,"max_hp_loss":0,"event_name":"Golden Wing","floor":4,"gold_loss":0},{"damage_healed":0,"gold_gain":0,"player_choice":"Gave Potion","damage_taken":0,"relics_obtained":["Potion Belt"],"max_hp_gain":0,"max_hp_loss":0,"event_name":"WeMeetAgain","floor":5,"gold_loss":0},{"damage_healed":0,"gold_gain":0,"player_choice":"Take Damage","damage_taken":20,"relics_obtained":["Golden Idol"],"max_hp_gain":0,"max_hp_loss":0,"event_name":"Golden Idol","floor":14,"gold_loss":0},{"cards_removed":["Strike_B"],"damage_healed":0,"gold_gain":0,"player_choice":"Gave Gold","damage_taken":0,"max_hp_gain":0,"max_hp_loss":0,"event_name":"Beggar","floor":22,"gold_loss":75},{"damage_healed":0,"gold_gain":0,"player_choice":"Obtained Book","damage_taken":16,"max_hp_gain":0,"max_hp_loss":0,"event_name":"Cursed Tome","floor":28,"gold_loss":0},{"damage_healed":0,"gold_gain":0,"player_choice":"Joined the Cult","damage_taken":6,"max_hp_gain":0,"max_hp_loss":0,"event_name":"Nest","floor":30,"gold_loss":0,"cards_obtained":["RitualDagger"]},{"cards_removed":["Defend_B"],"damage_healed":0,"gold_gain":0,"player_choice":"Purged","damage_taken":0,"max_hp_gain":0,"max_hp_loss":0,"event_name":"Purifier","floor":36,"gold_loss":0},{"damage_healed":0,"gold_gain":0,"player_choice":"Ignored","damage_taken":0,"max_hp_gain":0,"max_hp_loss":0,"event_name":"SecretPortal","floor":39,"gold_loss":0}],"is_beta":true,"boss_relics":[{"not_picked":["Snecko Eye","Nuclear Battery"],"picked":"Ectoplasm"},{"not_picked":["Tiny House","Runic Dome"],"picked":"Velvet Choker"}],"items_purged_floors":[19],"is_endless":false,"potions_floor_spawned":[3,8,12,16,18,23,27,31,37],"killed_by":"The Heart","ascension_level":0}