{"gold_per_floor":[362,362,28,39,53,53,87,100,149,175,75,95,108,124,124,219,219,237,237,257,270,282,316,316,327,372,44,44,0,16,41,41,144,144,160,175,275,125,0,0,0,11,11,11,11],"floor_reached":45,"playtime":4008,"items_purged":["Defend_B","Defend_B","Strike_B","Strike_B"],"score":568,"play_id":"5aeca048-26f8-4f62-b88c-7560c3fe6ca1","local_time":"20190124194523","is_ascension_mode":true,"campfire_choices":[{"data":"Conserve Battery","floor":6,"key":"SMITH"},{"data":"Streamline","floor":15,"key":"SMITH"},{"floor":32,"key":"RECALL"},{"floor":44,"key":"REST"}],"neow_cost":"TEN_PERCENT_HP_LOSS","seed_source_timestamp":1174828294468542,"circlet_count":0,"master_deck":["Strike_B","Defend_B","Defend_B","Zap","Dualcast","Conserve Battery+1","Coolheaded+1","Glacier+1","Genetic Algorithm+1","Recycle+1","Echo Form","Streamline+1","Creative AI","Hologram+1","Fusion+1","Skim+1","Sunder+1","Leap+1","Conserve Battery+1","Genetic Algorithm+1","Reboot+1","Amplify+1","Madness+1","Madness+1"],"relics":["Cracked Core","Toxic Egg 2","Meat on the Bone","PreservedInsect","Sozu","Thread and Needle","Anchor","Runic Capacitor","Nilry\u0027s Codex","Darkstone Periapt","Inserter","Torii","Red Mask","The Courier"],"potions_floor_usage":[10,10,13,24],"damage_taken":[{"damage":0,"enemies":"Small Slimes","floor":1,"turns":3},{"damage":0,"enemies":"Cultist","floor":4,"turns":3},{"damage":0,"enemies":"2 Louse","floor":5,"turns":3},{"damage":38,"enemies":"Gremlin Nob","floor":7,"turns":5},{"damage":0,"enemies":"2 Fungi Beasts","floor":8,"turns":4},{"damage":11,"enemies":"3 Sentries","floor":10,"turns":8},{"damage":4,"enemies":"3 Louse","floor":12,"turns":5},{"damage":17,"enemies":"Exordium Wildlife","floor":13,"turns":6},{"damage":13,"enemies":"Blue Slaver","floor":14,"turns":3},{"damage":21,"enemies":"The Guardian","floor":16,"turns":11},{"damage":8,"enemies":"Spheric Guardian","floor":18,"turns":6},{"damage":22,"enemies":"Chosen","floor":20,"turns":6},{"damage":17,"enemies":"Snake Plant","floor":21,"turns":5},{"damage":15,"enemies":"Snecko","floor":22,"turns":7},{"damage":14,"enemies":"Slavers","floor":23,"turns":6},{"damage":0,"enemies":"Sentry and Sphere","floor":24,"turns":3},{"damage":10,"enemies":"Shelled Parasite and Fungi","floor":25,"turns":8},{"damage":11,"enemies":"Centurion and Healer","floor":30,"turns":6},{"damage":0,"enemies":"Gremlin Leader","floor":31,"turns":7},{"damage":14,"enemies":"Collector","floor":33,"turns":6},{"damage":0,"enemies":"Orb Walker","floor":35,"turns":5},{"damage":5,"enemies":"3 Shapes","floor":36,"turns":7},{"damage":0,"enemies":"Mind Bloom Boss Battle","floor":37,"turns":6},{"damage":50,"enemies":"Transient","floor":42,"turns":5},{"damage":38,"enemies":"Giant Head","floor":45,"turns":8}],"seed_played":"1193079903192695680","potions_obtained":[{"floor":5,"key":"SkillPotion"},{"floor":7,"key":"Regen Potion"},{"floor":10,"key":"Explosive Potion"},{"floor":13,"key":"SmokeBomb"},{"floor":16,"key":"Strength Potion"}],"is_trial":false,"path_per_floor":["M","?","$","M","M","R","E","M","T","E","$","M","M","M","R","B",null,"M","?","M","M","M","E","M","M","T","$","?","?","M","E","R","B",null,"M","M","?","$","?","?","?","M","T","R","E"],"character_chosen":"DEFECT","items_purchased":["Toxic Egg 2","Runic Capacitor"],"campfire_rested":1,"item_purchase_floors":[3,27],"current_hp_per_floor":[68,68,68,68,68,68,30,42,42,46,46,42,37,36,36,27,68,60,60,38,33,30,28,40,42,42,42,26,26,27,39,39,37,68,68,63,63,63,63,54,54,16,16,36,0],"gold":11,"neow_bonus":"TWO_FIFTY_GOLD","is_prod":false,"is_daily":false,"chose_seed":false,"campfire_upgraded":2,"win_rate":0,"timestamp":1548384323,"path_taken":["M","?","$","M","M","R","E","M","T","E","$","M","?","M","R","BOSS","M","?","M","M","M","E","M","M","T","$","?","?","?","E","R","BOSS","M","M","?","$","?","?","?","M","T","R","E"],"build_version":"2019-01-23","purchased_purges":4,"victory":false,"max_hp_per_floor":[68,68,68,68,68,68,68,68,68,68,68,68,68,68,68,68,68,68,68,68,68,68,68,68,68,68,68,68,68,68,68,68,68,68,68,68,68,68,68,68,68,68,68,68,68],"card_choices":[{"not_picked":["Turbo","Compile Driver"],"picked":"Conserve Battery","floor":1},{"not_picked":["Stack+1","Barrage"],"picked":"Coolheaded+1","floor":4},{"not_picked":["Go for the Eyes","Cold Snap"],"picked":"Glacier+1","floor":5},{"not_picked":["Redo+1","Hello World","Conserve Battery+1"],"picked":"SKIP","floor":7},{"not_picked":["Undo+1","Steam+1"],"picked":"Genetic Algorithm+1","floor":8},{"not_picked":["Turbo+1","Streamline"],"picked":"Recycle+1","floor":10},{"not_picked":["Cold Snap","Double Energy+1"],"picked":"Echo Form","floor":12},{"not_picked":["Beam Cell","Rebound"],"picked":"Streamline","floor":13},{"not_picked":["Reprogram+1","Go for the Eyes","Turbo+1"],"picked":"SKIP","floor":14},{"not_picked":["Amplify+1","Fission+1"],"picked":"Creative AI","floor":16},{"not_picked":["Rip and Tear","Compile Driver"],"picked":"Hologram+1","floor":18},{"not_picked":["Barrage","Tempest+1"],"picked":"Skim+1","floor":20},{"not_picked":["Ball Lightning","Aggregate+1"],"picked":"Sunder+1","floor":21},{"not_picked":["Sweeping Beam","Gash"],"picked":"Leap+1","floor":22},{"not_picked":["Compile Driver","Barrage","Scrape"],"picked":"SKIP","floor":23},{"not_picked":["Hologram+1","Redo+1"],"picked":"Conserve Battery+1","floor":25},{"not_picked":["Gash","Stack+1"],"picked":"Genetic Algorithm+1","floor":30},{"not_picked":["Sweeping Beam","Scrape+1"],"picked":"Reboot+1","floor":31},{"not_picked":["Electrodynamics","Core Surge"],"picked":"Amplify+1","floor":33},{"not_picked":["Stack+1","Rebound+1","Doom and Gloom"],"picked":"SKIP","floor":35},{"not_picked":["Leap+1","Barrage","Redo+1"],"picked":"SKIP","floor":36},{"not_picked":["Gash+1","Compile Driver","Undo+1"],"picked":"SKIP","floor":42}],"player_experience":315640,"relics_obtained":[{"floor":7,"key":"Meat on the Bone"},{"floor":10,"key":"PreservedInsect"},{"floor":23,"key":"Thread and Needle"},{"floor":26,"key":"Anchor"},{"floor":28,"key":"Nilry\u0027s Codex"},{"floor":31,"key":"Darkstone Periapt"},{"floor":37,"key":"Torii"},{"floor":43,"key":"The Courier"}],"event_choices":[{"damage_healed":0,"gold_gain":0,"player_choice":"0 cards matched","damage_taken":0,"max_hp_gain":0,"max_hp_loss":0,"event_name":"Match and Keep!","floor":2,"gold_loss":0,"cards_obtained":[]},{"damage_healed":0,"gold_gain":0,"player_choice":"Read","damage_taken":0,"max_hp_gain":0,"max_hp_loss":0,"event_name":"The Library","floor":19,"gold_loss":0,"cards_obtained":["Fusion"]},{"damage_healed":0,"gold_gain":0,"player_choice":"Obtained Book","damage_taken":16,"max_hp_gain":0,"max_hp_loss":0,"event_name":"Cursed Tome","floor":28,"gold_loss":0},{"damage_healed":0,"gold_gain":0,"player_choice":"Paid Fearfully","damage_taken":0,"max_hp_gain":0,"max_hp_loss":0,"event_name":"Masked Bandits","floor":29,"gold_loss":44},{"damage_healed":0,"gold_gain":0,"player_choice":"Fight","damage_taken":0,"max_hp_gain":0,"max_hp_loss":0,"event_name":"MindBloom","floor":37,"gold_loss":0},{"damage_healed":0,"gold_gain":0,"player_choice":"Paid","damage_taken":0,"relics_obtained":["Red Mask"],"max_hp_gain":0,"max_hp_loss":0,"event_name":"Tomb of Lord Red Mask","floor":39,"gold_loss":125},{"damage_healed":0,"gold_gain":0,"player_choice":"Embrace Madness","damage_taken":9,"max_hp_gain":0,"max_hp_loss":0,"event_name":"Winding Halls","floor":40,"gold_loss":0,"cards_obtained":["Madness","Madness"]},{"cards_removed":["Strike_B"],"damage_healed":0,"gold_gain":0,"player_choice":"Removed Attack","damage_taken":0,"max_hp_gain":0,"max_hp_loss":0,"event_name":"Falling","floor":41,"gold_loss":0}],"is_beta":false,"boss_relics":[{"not_picked":["Runic Dome","Fusion Hammer"],"picked":"Sozu"},{"not_picked":["Runic Pyramid","Lizard Tail"],"picked":"Inserter"}],"items_purged_floors":[3,11,27,38],"is_endless":false,"potions_floor_spawned":[5,7,10,13,16,18,20,23,33,37],"killed_by":"Giant Head","ascension_level":3}