{"gold_per_floor":[110,121,141,141,161,188,188,217,244,244,263,283,311,311,311,311],"floor_reached":16,"playtime":585,"items_purged":[],"score":128,"play_id":"70cab2ae-048b-4ef9-be45-60e90d9fb5f6","local_time":"20181221073838","is_ascension_mode":true,"campfire_choices":[{"data":"Searing Blow","floor":7,"key":"SMITH"},{"floor":10,"key":"REST"},{"floor":15,"key":"REST"}],"neow_cost":"CURSE","seed_source_timestamp":166476011909893,"circlet_count":0,"master_deck":["Strike_R","Strike_R","Strike_R","Strike_R+1","Strike_R","Defend_R","Defend_R","Defend_R","Defend_R","Bash+1","Decay","Searing Blow+1","True Grit","Seeing Red","Headbutt","Dropkick","Berserk","Fiend Fire","Feed"],"relics":["Burning Blood","Charon\u0027s Ashes","Whetstone","Red Skull","Oddly Smooth Stone","Anchor"],"potions_floor_usage":[6,6,13,13],"damage_taken":[{"damage":3,"enemies":"Cultist","floor":1,"turns":3},{"damage":10,"enemies":"2 Louse","floor":2,"turns":3},{"damage":6,"enemies":"Jaw Worm","floor":3,"turns":4},{"damage":13,"enemies":"Looter","floor":5,"turns":3},{"damage":19,"enemies":"Gremlin Nob","floor":6,"turns":4},{"damage":40,"enemies":"Lagavulin","floor":8,"turns":6},{"damage":11,"enemies":"Exordium Thugs","floor":11,"turns":4},{"damage":9,"enemies":"2 Fungi Beasts","floor":12,"turns":3},{"damage":35,"enemies":"Gremlin Nob","floor":13,"turns":4},{"damage":42,"enemies":"The Guardian","floor":16,"turns":2}],"seed_played":"-8256429396903404878","potions_obtained":[{"floor":3,"key":"Poison Potion"},{"floor":5,"key":"Explosive Potion"},{"floor":11,"key":"FearPotion"},{"floor":12,"key":"BloodPotion"}],"is_trial":false,"path_per_floor":["M","M","M","?","M","E","R","E","T","R","M","M","E","?","R","B"],"character_chosen":"IRONCLAD","items_purchased":[],"campfire_rested":2,"item_purchase_floors":[],"current_hp_per_floor":[80,76,76,76,69,56,56,22,22,46,41,38,17,17,41,0],"gold":311,"neow_bonus":"ONE_RARE_RELIC","is_prod":false,"is_daily":false,"chose_seed":false,"campfire_upgraded":1,"win_rate":0,"timestamp":1545403118,"path_taken":["M","M","M","?","M","E","R","E","T","R","M","M","E","?","R","BOSS"],"build_version":"2018-12-20","purchased_purges":0,"victory":false,"max_hp_per_floor":[80,80,80,80,80,80,80,80,80,80,80,80,80,80,80,80],"card_choices":[{"not_picked":["Warcry","Metallicize"],"picked":"Searing Blow","floor":1},{"not_picked":["Burning Pact","Iron Wave"],"picked":"True Grit","floor":2},{"not_picked":["Anger","Entrench"],"picked":"Seeing Red","floor":3},{"not_picked":["Seeing Red","Sword Boomerang"],"picked":"Headbutt","floor":5},{"not_picked":["Uppercut","Sentinel","Heavy Blade"],"picked":"SKIP","floor":6},{"not_picked":["Reckless Charge","Havoc"],"picked":"Dropkick","floor":8},{"not_picked":["Reckless Charge","Havoc"],"picked":"Berserk","floor":11},{"not_picked":["Wild Strike","Clothesline","Twin Strike"],"picked":"SKIP","floor":12},{"not_picked":["Searing Blow","Twin Strike"],"picked":"Fiend Fire","floor":13}],"player_experience":156914,"relics_obtained":[{"floor":6,"key":"Whetstone"},{"floor":8,"key":"Red Skull"},{"floor":9,"key":"Oddly Smooth Stone"},{"floor":13,"key":"Anchor"}],"event_choices":[{"damage_healed":0,"gold_gain":0,"player_choice":"Ignored","damage_taken":0,"max_hp_gain":0,"max_hp_loss":0,"event_name":"Liars Game","floor":4,"gold_loss":0},{"damage_healed":0,"gold_gain":0,"player_choice":"1 cards matched","damage_taken":0,"max_hp_gain":0,"max_hp_loss":0,"event_name":"Match and Keep!","floor":14,"gold_loss":0,"cards_obtained":["Feed"]}],"is_beta":false,"boss_relics":[],"items_purged_floors":[],"is_endless":false,"potions_floor_spawned":[3,5,11,12],"killed_by":"The Guardian","ascension_level":1}