{"gold_per_floor":[111,186,205,205,155,155,184,38,65,90,54,64,64,82,82,180,180,191,291,49,68,68,68,68,102,114,27,27,37,37,37,37,142,142,152,152,165,5,105,105,105],"floor_reached":41,"playtime":2310,"items_purged":["Strike_B","Strike_B","Streamline"],"score":500,"play_id":"e97bccdb-4cd8-43ec-8895-91b0ce681491","local_time":"20190223214742","is_ascension_mode":true,"campfire_choices":[{"data":"Static Discharge","floor":6,"key":"SMITH"},{"floor":15,"key":"REST"},{"floor":23,"key":"REST"},{"floor":28,"key":"REST"},{"data":"Amplify","floor":32,"key":"SMITH"},{"data":"Coolheaded","floor":40,"key":"SMITH"}],"neow_cost":"TEN_PERCENT_HP_LOSS","seed_source_timestamp":261822571568842,"circlet_count":0,"master_deck":["Defend_B+1","Zap+1","Conserve Battery","Static Discharge+1","Go for the Eyes","Sunder","Static Discharge+1","Creative AI+1","Storm+1","Amplify+1","White Noise","Ghostly","Ghostly","Ghostly","Ghostly","Ghostly","Reboot","Recycle+1","Coolheaded+1"],"relics":["Cracked Core","FossilizedHelix","War Paint","Frozen Egg 2","Velvet Choker","StoneCalendar","The Courier","Cauldron","MawBank","Ornamental Fan","Sundial","Empty Cage","Girya"],"potions_floor_usage":[10,10,19,21,25,33,33,33],"damage_taken":[{"damage":10,"enemies":"Small Slimes","floor":1,"turns":3},{"damage":0,"enemies":"Jaw Worm","floor":3,"turns":4},{"damage":31,"enemies":"3 Sentries","floor":7,"turns":5},{"damage":51,"enemies":"Gremlin Nob","floor":10,"turns":5},{"damage":0,"enemies":"2 Louse","floor":12,"turns":2},{"damage":0,"enemies":"Looter","floor":14,"turns":3},{"damage":23,"enemies":"The Guardian","floor":16,"turns":7},{"damage":3,"enemies":"3 Byrds","floor":18,"turns":4},{"damage":19,"enemies":"Colosseum Slavers","floor":19,"turns":2},{"damage":31,"enemies":"Colosseum Nobs","floor":19,"turns":3},{"damage":7,"enemies":"Shell Parasite","floor":21,"turns":4},{"damage":21,"enemies":"Book of Stabbing","floor":25,"turns":3},{"damage":3,"enemies":"Centurion and Healer","floor":29,"turns":4},{"damage":1,"enemies":"Collector","floor":33,"turns":6},{"damage":0,"enemies":"3 Shapes","floor":35,"turns":4},{"damage":7,"enemies":"3 Darklings","floor":37,"turns":5},{"damage":5,"enemies":"Mind Bloom Boss Battle","floor":39,"turns":4},{"damage":40,"enemies":"Giant Head","floor":41,"turns":8}],"seed_played":"-6849504240779234787","potions_obtained":[{"floor":1,"key":"Explosive Potion"},{"floor":3,"key":"FearPotion"},{"floor":7,"key":"Regen Potion"},{"floor":20,"key":"Regen Potion"},{"floor":20,"key":"LiquidBronze"},{"floor":20,"key":"FocusPotion"},{"floor":21,"key":"Block Potion"},{"floor":33,"key":"Weak Potion"},{"floor":39,"key":"SteroidPotion"}],"is_trial":false,"path_per_floor":["M","?","M","?","?","R","E","$","T","E","$","M","?","M","R","B",null,"M","?","$","M","?","R","?","E","T","$","R","M","T","?","R","B",null,"M","?","M","$","?","R","E"],"character_chosen":"DEFECT","items_purchased":["Regen Potion","Sunder","Cauldron","Amplify","PowerPotion","Regen Potion"],"campfire_rested":3,"item_purchase_floors":[8,11,20,27,27,38],"current_hp_per_floor":[58,47,47,68,68,68,37,37,37,20,20,20,20,20,40,17,68,65,15,15,17,17,37,37,16,16,16,36,33,33,33,33,32,34,34,34,27,27,22,22,0],"gold":105,"neow_bonus":"REMOVE_TWO","is_prod":false,"is_daily":false,"chose_seed":false,"campfire_upgraded":3,"win_rate":0,"timestamp":1550983662,"path_taken":["M","?","M","?","?","R","E","?","T","E","$","M","?","M","R","BOSS","M","?","$","M","?","R","?","E","T","$","R","M","?","?","R","BOSS","M","?","?","$","?","R","E"],"build_version":"2019-01-23","purchased_purges":3,"victory":false,"max_hp_per_floor":[68,68,68,68,68,68,68,68,68,68,68,68,68,68,68,68,68,68,68,68,68,68,68,68,68,68,68,68,68,68,34,34,34,34,34,34,34,34,34,34,34],"card_choices":[{"not_picked":["Rip and Tear","Undo"],"picked":"Conserve Battery","floor":1},{"not_picked":["Turbo","Rebound"],"picked":"Static Discharge","floor":3},{"not_picked":["Sweeping Beam","Double Energy","Leap"],"picked":"SKIP","floor":7},{"not_picked":["Steam Power","Hologram"],"picked":"Go for the Eyes","floor":10},{"not_picked":["Skim","Darkness"],"picked":"Static Discharge+1","floor":12},{"not_picked":["Steam","Ball Lightning"],"picked":"Streamline","floor":14},{"not_picked":["Multi-Cast","Fission"],"picked":"Creative AI+1","floor":16},{"not_picked":["Barrage","Beam Cell+1","Redo"],"picked":"SKIP","floor":18},{"not_picked":["Loop+1","Amplify"],"picked":"Storm+1","floor":21},{"not_picked":["Gash","Leap+1"],"picked":"Hello World+1","floor":25},{"not_picked":["Melter","Stack"],"picked":"White Noise","floor":29},{"not_picked":["Buffer+1","Multi-Cast"],"picked":"Reboot","floor":33},{"not_picked":["Steam+1","Turbo+1"],"picked":"Recycle+1","floor":35},{"not_picked":["Compile Driver+1","Fusion","Cold Snap"],"picked":"SKIP","floor":37},{"not_picked":["Ball Lightning+1","Redo"],"picked":"Coolheaded","floor":39}],"player_experience":418092,"relics_obtained":[{"floor":7,"key":"FossilizedHelix"},{"floor":9,"key":"War Paint"},{"floor":10,"key":"Frozen Egg 2"},{"floor":19,"key":"StoneCalendar"},{"floor":19,"key":"The Courier"},{"floor":25,"key":"MawBank"},{"floor":26,"key":"Ornamental Fan"},{"floor":30,"key":"Sundial"},{"floor":39,"key":"Girya"}],"event_choices":[{"damage_healed":0,"gold_gain":75,"player_choice":"Gather Gold","damage_taken":11,"max_hp_gain":0,"max_hp_loss":0,"event_name":"World of Goop","floor":2,"gold_loss":0},{"damage_healed":22,"gold_gain":0,"player_choice":"Banana","damage_taken":0,"max_hp_gain":0,"max_hp_loss":0,"event_name":"Big Fish","floor":4,"gold_loss":0},{"cards_removed":["Defend_B"],"damage_healed":0,"gold_gain":0,"player_choice":"Card Removal","damage_taken":0,"max_hp_gain":0,"max_hp_loss":0,"event_name":"The Cleric","floor":5,"gold_loss":50},{"damage_healed":0,"gold_gain":0,"player_choice":"Searched \u00270\u0027 times","damage_taken":0,"max_hp_gain":0,"max_hp_loss":0,"event_name":"Dead Adventurer","floor":13,"gold_loss":0},{"damage_healed":0,"gold_gain":0,"player_choice":"Fight","damage_taken":0,"max_hp_gain":0,"max_hp_loss":0,"event_name":"Colosseum","floor":19,"gold_loss":0},{"damage_healed":0,"gold_gain":0,"player_choice":"Fought Nobs","damage_taken":0,"max_hp_gain":0,"max_hp_loss":0,"event_name":"Colosseum","floor":19,"gold_loss":0},{"damage_healed":0,"gold_gain":0,"player_choice":"Ignored","damage_taken":0,"max_hp_gain":0,"max_hp_loss":0,"event_name":"Beggar","floor":22,"gold_loss":0},{"cards_removed":["Defend_B"],"damage_healed":0,"gold_gain":0,"player_choice":"Elegance","damage_taken":0,"max_hp_gain":0,"max_hp_loss":0,"event_name":"Back to Basics","floor":24,"gold_loss":0},{"damage_healed":0,"gold_gain":0,"player_choice":"Became a Ghost","damage_taken":0,"max_hp_gain":0,"max_hp_loss":34,"event_name":"Ghosts","floor":31,"gold_loss":0,"cards_obtained":["Ghostly","Ghostly","Ghostly","Ghostly","Ghostly"]},{"cards_removed":["Hello World"],"damage_healed":0,"gold_gain":0,"player_choice":"Offered Uncommon","damage_taken":0,"max_hp_gain":0,"max_hp_loss":0,"event_name":"Bonfire Elementals","floor":36,"gold_loss":0},{"damage_healed":0,"gold_gain":0,"player_choice":"Fight","damage_taken":0,"max_hp_gain":0,"max_hp_loss":0,"event_name":"MindBloom","floor":39,"gold_loss":0}],"is_beta":false,"boss_relics":[{"not_picked":["Fusion Hammer","Orrery"],"picked":"Velvet Choker"},{"not_picked":["Pandora\u0027s Box","Lizard Tail"],"picked":"Empty Cage"}],"items_purged_floors":[8,20,38],"is_endless":false,"potions_floor_spawned":[1,3,7,19,21,33,39],"killed_by":"Giant Head","ascension_level":3}