{"gold_per_floor":[110,110,130,130,140,140,174,174,174,189,189,219,232,407,407,407],"floor_reached":16,"playtime":998,"items_purged":[],"score":110,"play_id":"8e4bc2f1-ad15-4c77-b957-6c9418e8d7b2","local_time":"20181209192839","is_ascension_mode":false,"campfire_choices":[{"data":"Madness","floor":6,"key":"SMITH"},{"data":"Shrug It Off","floor":8,"key":"SMITH"},{"data":"Warcry","floor":11,"key":"SMITH"},{"data":"True Grit","floor":15,"key":"SMITH"}],"neow_cost":"NONE","seed_source_timestamp":432475188293227,"circlet_count":0,"master_deck":["Strike_R","Strike_R","Strike_R","Strike_R","Strike_R","Defend_R+1","Defend_R","Defend_R","Defend_R","Bash","Madness+1","Pommel Strike+1","Decay","Shrug It Off+1","Warcry+1","True Grit+1","Doubt"],"relics":["Burning Blood","Mummified Hand","Pantograph","Centennial Puzzle"],"potions_floor_usage":[12,12],"damage_taken":[{"damage":8,"enemies":"Small Slimes","floor":1,"turns":3},{"damage":6,"enemies":"Cultist","floor":3,"turns":4},{"damage":17,"enemies":"Jaw Worm","floor":5,"turns":4},{"damage":32,"enemies":"Lagavulin","floor":7,"turns":6},{"damage":0,"enemies":"Red Slaver","floor":10,"turns":4},{"damage":28,"enemies":"3 Sentries","floor":12,"turns":11},{"damage":2,"enemies":"3 Louse","floor":13,"turns":5},{"damage":40,"enemies":"The Guardian","floor":16,"turns":14}],"seed_played":"-1389644553349952729","potions_obtained":[{"floor":1,"key":"Fire Potion"},{"floor":10,"key":"Block Potion"}],"is_trial":false,"path_per_floor":["M","?","M","?","M","R","E","R","T","M","R","E","M","?","R","B"],"character_chosen":"IRONCLAD","items_purchased":[],"campfire_rested":0,"item_purchase_floors":[],"current_hp_per_floor":[78,78,78,62,51,51,25,25,25,31,31,9,13,13,13,0],"gold":407,"neow_bonus":"RANDOM_COLORLESS","is_prod":false,"is_daily":false,"chose_seed":false,"campfire_upgraded":4,"win_rate":0.0,"timestamp":1544408919,"path_taken":["M","?","?","?","M","R","E","R","T","M","R","E","M","?","R","BOSS"],"build_version":"2018-12-06","purchased_purges":0,"victory":false,"max_hp_per_floor":[80,80,80,80,80,80,80,80,80,80,80,80,80,80,80,80],"card_choices":[{"not_picked":["Warcry","Body Slam"],"picked":"Pommel Strike","floor":1},{"not_picked":["Clash","Sword Boomerang"],"picked":"Shrug It Off","floor":3},{"not_picked":["Flex","Clash","Ghostly Armor"],"picked":"SKIP","floor":5},{"not_picked":["Reckless Charge","Pommel Strike","Uppercut"],"picked":"SKIP","floor":7},{"not_picked":["Second Wind","Heavy Blade"],"picked":"Warcry","floor":10},{"not_picked":["Impervious","Cleave"],"picked":"True Grit","floor":12},{"not_picked":["Clothesline","True Grit","Wild Strike"],"picked":"SKIP","floor":13}],"player_experience":45772,"relics_obtained":[{"floor":7,"key":"Mummified Hand"},{"floor":9,"key":"Pantograph"},{"floor":12,"key":"Centennial Puzzle"}],"event_choices":[{"damage_healed":0,"gold_gain":0,"player_choice":"Cursed","damage_taken":0,"max_hp_gain":0,"max_hp_loss":0,"event_name":"Wheel of Change","floor":2,"gold_loss":0,"cards_obtained":["Decay"]},{"damage_healed":0,"gold_gain":0,"player_choice":"Entered Light","damage_taken":16,"max_hp_gain":0,"max_hp_loss":0,"event_name":"Shining Light","floor":4,"gold_loss":0,"cards_upgraded":["Defend_R","Pommel Strike"]},{"damage_healed":0,"gold_gain":175,"player_choice":"AGREE","damage_taken":0,"max_hp_gain":0,"max_hp_loss":0,"event_name":"Liars Game","floor":14,"gold_loss":0,"cards_obtained":["Doubt"]}],"is_beta":false,"boss_relics":[],"items_purged_floors":[],"is_endless":false,"potions_floor_spawned":[1,10],"killed_by":"The Guardian","ascension_level":0}