{"gold_per_floor":[112,112,112,37,37,63,83,114,165,165,42,76,76,36,36,131,131,147,132,150,25,0,0,30,30,30,30,44,44,62,74,74,177,177,197,197,1,1,18,18,53,26,26,26],"floor_reached":44,"playtime":3918,"items_purged":["Strike_B","Strike_B","Strike_B"],"score":545,"play_id":"47112a30-5fdd-4d81-8727-426323ee4edb","local_time":"20181220234100","is_ascension_mode":true,"campfire_choices":[{"data":"Gash","floor":10,"key":"SMITH"},{"data":"Capacitor","floor":13,"key":"SMITH"},{"floor":15,"key":"RECALL"},{"floor":23,"key":"REST"},{"floor":29,"key":"REST"},{"floor":32,"key":"REST"},{"data":"Hologram","floor":40,"key":"SMITH"}],"neow_cost":"NONE","seed_source_timestamp":134480435119959,"circlet_count":0,"master_deck":["Defend_B","Defend_B","Defend_B","Defend_B","Dualcast","Coolheaded+1","Gash+1","Reprogram","Beam Cell","Capacitor+1","All For One","Gash","Blizzard","Go for the Eyes+1","Redo","Conserve Battery","Chill","Rebound+1","Echo Form","Coolheaded+1","Madness","Madness","Hologram+1","Barrage+1","Reinforced Body+1","Coolheaded"],"relics":["Cracked Core","NeowsBlessing","Bronze Scales","PreservedInsect","Mango","Lizard Tail","Bag of Marbles","Shovel","Coffee Dripper","Lantern","Juzu Bracelet","Kunai"],"potions_floor_usage":[8,8,16,16,16,24,28,33,33],"damage_taken":[{"damage":0,"enemies":"Small Slimes","floor":1,"turns":1},{"damage":0,"enemies":"Lagavulin","floor":6,"turns":2},{"damage":0,"enemies":"2 Louse","floor":7,"turns":1},{"damage":33,"enemies":"3 Sentries","floor":8,"turns":7},{"damage":4,"enemies":"Lagavulin","floor":12,"turns":6},{"damage":34,"enemies":"Hexaghost","floor":16,"turns":11},{"damage":18,"enemies":"Chosen","floor":18,"turns":6},{"damage":21,"enemies":"2 Thieves","floor":19,"turns":4},{"damage":40,"enemies":"Shelled Parasite and Fungi","floor":20,"turns":5},{"damage":6,"enemies":"Gremlin Leader","floor":24,"turns":5},{"damage":15,"enemies":"Snecko","floor":28,"turns":6},{"damage":50,"enemies":"3 Cultists","floor":30,"turns":6},{"damage":26,"enemies":"Snake Plant","floor":31,"turns":3},{"damage":34,"enemies":"Automaton","floor":33,"turns":10},{"damage":38,"enemies":"3 Shapes","floor":35,"turns":7},{"damage":17,"enemies":"3 Darklings","floor":39,"turns":5},{"damage":29,"enemies":"Giant Head","floor":41,"turns":8},{"damage":3,"enemies":"4 Shapes","floor":44,"turns":1}],"seed_played":"-1032871053159013141","potions_obtained":[{"floor":6,"key":"Block Potion"},{"floor":7,"key":"LiquidBronze"},{"floor":14,"key":"Strength Potion"},{"floor":14,"key":"FearPotion"},{"floor":14,"key":"Regen Potion"},{"floor":16,"key":"FearPotion"},{"floor":20,"key":"EssenceOfSteel"},{"floor":24,"key":"SpeedPotion"},{"floor":31,"key":"SkillPotion"},{"floor":41,"key":"LiquidBronze"}],"is_trial":false,"path_per_floor":["M","?","?","$","?","E","M","E","T","R","$","E","R","?","R","B",null,"M","M","M","$","?","R","E","?","T","$","M","R","M","M","R","B",null,"M","?","$","?","M","R","E","$","T","M"],"character_chosen":"DEFECT","items_purchased":["Beam Cell","Lantern","Hologram","Coolheaded"],"campfire_rested":3,"item_purchase_floors":[11,37,37,42],"current_hp_per_floor":[75,68,73,73,73,73,73,40,40,40,40,50,50,50,50,31,94,76,55,15,15,15,43,37,18,18,18,3,32,36,10,39,5,99,61,49,49,49,32,32,3,3,3,0],"gold":26,"neow_bonus":"THREE_ENEMY_KILL","is_prod":false,"is_daily":false,"chose_seed":false,"campfire_upgraded":3,"win_rate":0,"timestamp":1545374460,"path_taken":["M","?","?","$","?","E","?","E","T","R","$","E","R","?","R","BOSS","M","M","M","$","?","R","E","?","T","?","M","R","?","M","R","BOSS","M","?","$","?","?","R","E","$","T","M"],"build_version":"2018-12-20","purchased_purges":3,"victory":false,"max_hp_per_floor":[75,75,80,80,80,80,80,80,80,80,80,94,94,94,94,94,94,94,94,94,94,94,94,94,99,99,99,99,99,99,99,99,99,99,99,99,99,99,99,99,99,99,99,99],"card_choices":[{"not_picked":["Leap","Go for the Eyes"],"picked":"Coolheaded","floor":1},{"not_picked":["Coolheaded","White Noise"],"picked":"Gash","floor":6},{"not_picked":["BootSequence","Turbo","Compile Driver"],"picked":"SKIP","floor":7},{"not_picked":["Steam Power","Turbo"],"picked":"Reprogram","floor":8},{"not_picked":["Compile Driver","Turbo"],"picked":"Capacitor","floor":12},{"not_picked":["Fission","Meteor Strike"],"picked":"All For One","floor":16},{"not_picked":["Barrage","Genetic Algorithm+1"],"picked":"Gash","floor":18},{"not_picked":["Gash+1","Cold Snap"],"picked":"Blizzard","floor":19},{"not_picked":["Compile Driver+1","Capacitor"],"picked":"Go for the Eyes+1","floor":20},{"not_picked":["Aggregate","Amplify"],"picked":"Redo","floor":24},{"not_picked":["Compile Driver","Lockon"],"picked":"Conserve Battery","floor":28},{"not_picked":["Rip and Tear","Reprogram"],"picked":"Chill","floor":30},{"not_picked":["BootSequence+1","Turbo+1"],"picked":"Rebound+1","floor":31},{"not_picked":["Amplify","Fission"],"picked":"Echo Form","floor":33},{"not_picked":["Turbo+1","Sunder+1"],"picked":"Coolheaded+1","floor":35},{"not_picked":["Steam","Rebound"],"picked":"Barrage+1","floor":39},{"not_picked":["BootSequence+1","Undo"],"picked":"Reinforced Body+1","floor":41}],"player_experience":125241,"relics_obtained":[{"floor":6,"key":"Bronze Scales"},{"floor":8,"key":"PreservedInsect"},{"floor":12,"key":"Mango"},{"floor":24,"key":"Bag of Marbles"},{"floor":26,"key":"Shovel"},{"floor":41,"key":"Juzu Bracelet"},{"floor":43,"key":"Kunai"}],"event_choices":[{"cards_removed":["Strike_B"],"damage_healed":0,"gold_gain":0,"player_choice":"Card Removal","damage_taken":7,"max_hp_gain":0,"max_hp_loss":0,"event_name":"Golden Wing","floor":2,"gold_loss":0},{"damage_healed":0,"gold_gain":0,"player_choice":"Donut","damage_taken":0,"max_hp_gain":5,"max_hp_loss":0,"event_name":"Big Fish","floor":3,"gold_loss":0},{"damage_healed":0,"gold_gain":0,"player_choice":"Upgraded","damage_taken":0,"max_hp_gain":0,"max_hp_loss":0,"event_name":"Upgrade Shrine","floor":5,"gold_loss":0,"cards_upgraded":["Coolheaded"]},{"damage_healed":0,"gold_gain":0,"player_choice":"Bought 3 Potions","damage_taken":0,"max_hp_gain":0,"max_hp_loss":0,"event_name":"The Woman in Blue","floor":14,"gold_loss":0},{"damage_healed":0,"gold_gain":0,"player_choice":"Paid Fearfully","damage_taken":0,"max_hp_gain":0,"max_hp_loss":0,"event_name":"Masked Bandits","floor":22,"gold_loss":25},{"damage_healed":0,"gold_gain":0,"player_choice":"Shed Blood","damage_taken":24,"max_hp_gain":5,"max_hp_loss":0,"event_name":"Forgotten Altar","floor":25,"gold_loss":0},{"damage_healed":0,"gold_gain":0,"player_choice":"Embrace Madness","damage_taken":12,"max_hp_gain":0,"max_hp_loss":0,"event_name":"Winding Halls","floor":36,"gold_loss":0,"cards_obtained":["Madness","Madness"]},{"cards_removed":["Zap"],"damage_healed":0,"gold_gain":0,"player_choice":"Purged","damage_taken":0,"max_hp_gain":0,"max_hp_loss":0,"event_name":"Purifier","floor":38,"gold_loss":0}],"is_beta":false,"boss_relics":[{"not_picked":["Eternal Feather","Sozu"],"picked":"Lizard Tail"},{"not_picked":["Black Star","Philosopher\u0027s Stone"],"picked":"Coffee Dripper"}],"items_purged_floors":[4,11,21],"is_endless":false,"potions_floor_spawned":[6,7,16,20,24,31,41],"killed_by":"4 Shapes","ascension_level":1}