{"gold_per_floor":[110,130,150,150,150,180,193,193,216,241,241,12,47,66,66,168,168,178,191,91,91],"floor_reached":21,"playtime":977,"items_purged":["Strike_R","Strike_R"],"score":235,"play_id":"709cd702-0c78-4b77-b277-3663f1684676","local_time":"20190810162007","is_ascension_mode":true,"campfire_choices":[{"floor":8,"key":"REST"},{"data":"True Grit","floor":11,"key":"SMITH"},{"data":"Shrug It Off","floor":15,"key":"SMITH"}],"neow_cost":"NONE","seed_source_timestamp":57365913280112,"circlet_count":0,"master_deck":["Strike_R","Strike_R","Strike_R","Defend_R","Defend_R","Defend_R","Defend_R","Bash","Cleave","Uppercut+1","Regret","Reckless Charge","Heavy Blade","True Grit+1","Pommel Strike","Shrug It Off+1","Reaper","True Grit"],"relics":["Burning Blood","NeowsBlessing","Omamori","Dream Catcher","Pen Nib","Ancient Tea Set","PreservedInsect","Bag of Preparation","Runic Pyramid"],"potions_floor_usage":[18],"damage_taken":[{"damage":0,"enemies":"2 Louse","floor":1,"turns":1},{"damage":0,"enemies":"Jaw Worm","floor":2,"turns":1},{"damage":0,"enemies":"Cultist","floor":3,"turns":1},{"damage":46,"enemies":"Lagavulin","floor":6,"turns":7},{"damage":9,"enemies":"Red Slaver","floor":7,"turns":4},{"damage":6,"enemies":"Gremlin Nob","floor":10,"turns":3},{"damage":2,"enemies":"Lagavulin","floor":13,"turns":2},{"damage":0,"enemies":"Looter","floor":14,"turns":2},{"damage":21,"enemies":"Slime Boss","floor":16,"turns":11},{"damage":35,"enemies":"Spheric Guardian","floor":18,"turns":6},{"damage":33,"enemies":"3 Byrds","floor":19,"turns":8},{"damage":56,"enemies":"Cultist and Chosen","floor":21,"turns":4}],"seed_played":"-7733802756304255672","potions_obtained":[{"floor":3,"key":"FearPotion"},{"floor":6,"key":"Dexterity Potion"},{"floor":10,"key":"Energy Potion"},{"floor":19,"key":"GamblersBrew"}],"is_trial":false,"path_per_floor":["M","M","M","?","?","E","M","R","T","E","R","$","E","M","R","B",null,"M","M","$","M"],"character_chosen":"IRONCLAD","items_purchased":["PreservedInsect"],"campfire_rested":1,"item_purchase_floors":[12],"current_hp_per_floor":[80,80,80,80,80,40,37,61,61,61,61,61,65,71,71,56,80,51,28,28,0],"gold":91,"neow_bonus":"THREE_ENEMY_KILL","is_prod":false,"is_daily":false,"chose_seed":false,"campfire_upgraded":2,"win_rate":0,"timestamp":1565468407,"path_taken":["M","M","M","?","?","E","?","R","T","E","R","?","E","M","R","BOSS","M","M","$","M"],"build_version":"2019-07-17","purchased_purges":2,"victory":false,"max_hp_per_floor":[80,80,80,80,80,80,80,80,80,80,80,80,80,80,80,80,80,80,80,80,80],"card_choices":[{"not_picked":["Armaments","Second Wind","Blood for Blood"],"picked":"SKIP","floor":1},{"not_picked":["Flex","Headbutt"],"picked":"Cleave","floor":2},{"not_picked":["Shrug It Off","Armaments"],"picked":"Uppercut","floor":3},{"not_picked":["Armaments","Headbutt","Corruption"],"picked":"SKIP","floor":6},{"not_picked":["Corruption","Warcry"],"picked":"Reckless Charge","floor":7},{"not_picked":["Havoc","Anger"],"picked":"Heavy Blade","floor":8},{"not_picked":["Rage","Shrug It Off"],"picked":"True Grit","floor":10},{"not_picked":["Infernal Blade","Barricade"],"picked":"Pommel Strike","floor":13},{"not_picked":["Clash","Uppercut"],"picked":"Shrug It Off","floor":14},{"not_picked":["Offering","Limit Break"],"picked":"Reaper","floor":16},{"not_picked":["Reckless Charge","Power Through"],"picked":"True Grit","floor":18},{"not_picked":["Flex","Fire Breathing","Havoc"],"picked":"SKIP","floor":19}],"player_experience":67047,"relics_obtained":[{"floor":6,"key":"Dream Catcher"},{"floor":9,"key":"Pen Nib"},{"floor":10,"key":"Ancient Tea Set"},{"floor":13,"key":"Bag of Preparation"}],"event_choices":[{"damage_healed":0,"gold_gain":0,"player_choice":"Box","damage_taken":0,"relics_obtained":["Omamori"],"max_hp_gain":0,"max_hp_loss":0,"event_name":"Big Fish","floor":4,"gold_loss":0,"cards_obtained":["Regret"]},{"damage_healed":0,"gold_gain":0,"player_choice":"Upgraded","damage_taken":0,"max_hp_gain":0,"max_hp_loss":0,"event_name":"Upgrade Shrine","floor":5,"gold_loss":0,"cards_upgraded":["Uppercut"]}],"is_beta":false,"boss_relics":[{"not_picked":["Astrolabe","Calling Bell"],"picked":"Runic Pyramid"}],"items_purged_floors":[12,20],"is_endless":false,"potions_floor_spawned":[3,6,10,16,19],"killed_by":"Cultist and Chosen","ascension_level":1}