{"gold_per_floor":[215,215,231,231,250,281,281,298,298,309,309,309,309,343,343,468,468,492,492,512,68,92,133,133,146,173,193,213,159,159,195,195,315,315,335,610,624,645,666,666,691,691,691,731,124,124,149,149,149,149],"floor_reached":51,"playtime":2769,"items_purged":[],"score":1011,"play_id":"f987ee15-82b5-404b-8246-1e897a00df43","local_time":"20190714220806","is_ascension_mode":true,"campfire_choices":[{"floor":7,"key":"REST"},{"floor":12,"key":"REST"},{"data":"Spot Weakness","floor":15,"key":"SMITH"},{"floor":24,"key":"REST"},{"floor":32,"key":"REST"},{"floor":40,"key":"REST"},{"floor":42,"key":"REST"},{"floor":46,"key":"REST"},{"floor":49,"key":"REST"}],"neow_cost":"NONE","seed_source_timestamp":98125002391302,"circlet_count":0,"master_deck":["Strike_R+1","Strike_R+1","Strike_R+1","Strike_R+1","Defend_R+1","Defend_R+1","Defend_R+1","Defend_R+1","Bash","Twin Strike+1","Clash","Headbutt","Feel No Pain","Spot Weakness+1","Shrug It Off","Feed+1","Bludgeon+1","Shrug It Off","Cleave+1","PanicButton","Corruption+1","Clothesline+1","Sword Boomerang+1","Battle Trance","Body Slam+1","Pommel Strike+1","Body Slam+1","Demon Form","Whirlwind+1","Regret","Rupture+1","Havoc+1","Limit Break","Spot Weakness+1","Armaments+1","Sword Boomerang+1","Rage","Pummel+1"],"relics":["Burning Blood","Boot","Molten Egg 2","Golden Idol","Mummified Hand","Mark of Pain","Brimstone","PreservedInsect","Kunai","Anchor","Self Forming Clay","Lizard Tail","Dodecahedron","Frozen Egg 2","Pantograph","Paper Frog"],"potions_floor_usage":[23,23,27,33,35,39,44,50,50],"damage_taken":[{"damage":2,"enemies":"2 Louse","floor":1,"turns":3},{"damage":9,"enemies":"Small Slimes","floor":3,"turns":3},{"damage":7,"enemies":"Jaw Worm","floor":5,"turns":2},{"damage":25,"enemies":"Lagavulin","floor":6,"turns":5},{"damage":10,"enemies":"3 Louse","floor":8,"turns":3},{"damage":9,"enemies":"Red Slaver","floor":10,"turns":2},{"damage":27,"enemies":"Gremlin Nob","floor":14,"turns":4},{"damage":33,"enemies":"The Guardian","floor":16,"turns":6},{"damage":53,"enemies":"Shell Parasite","floor":18,"turns":5},{"damage":4,"enemies":"Chosen","floor":20,"turns":4},{"damage":12,"enemies":"Snecko","floor":22,"turns":3},{"damage":17,"enemies":"Gremlin Leader","floor":23,"turns":3},{"damage":0,"enemies":"Centurion and Healer","floor":25,"turns":3},{"damage":6,"enemies":"Chosen and Byrds","floor":27,"turns":3},{"damage":4,"enemies":"Cultist and Chosen","floor":28,"turns":3},{"damage":0,"enemies":"Book of Stabbing","floor":31,"turns":2},{"damage":41,"enemies":"Automaton","floor":33,"turns":5},{"damage":10,"enemies":"3 Darklings","floor":35,"turns":4},{"damage":6,"enemies":"Orb Walker","floor":37,"turns":3},{"damage":45,"enemies":"Spire Growth","floor":38,"turns":4},{"damage":29,"enemies":"Maw","floor":39,"turns":6},{"damage":0,"enemies":"Jaw Worm Horde","floor":41,"turns":2},{"damage":73,"enemies":"Reptomancer","floor":44,"turns":4},{"damage":11,"enemies":"Spire Growth","floor":47,"turns":4},{"damage":55,"enemies":"Time Eater","floor":50,"turns":5}],"seed_played":"-7214270340645292190","potions_obtained":[{"floor":8,"key":"SpeedPotion"},{"floor":14,"key":"Strength Potion"},{"floor":20,"key":"Energy Potion"},{"floor":22,"key":"Energy Potion"},{"floor":23,"key":"Strength Potion"},{"floor":25,"key":"SpeedPotion"},{"floor":31,"key":"PowerPotion"},{"floor":33,"key":"EssenceOfSteel"},{"floor":37,"key":"Weak Potion"},{"floor":38,"key":"Fire Potion"},{"floor":39,"key":"FearPotion"},{"floor":44,"key":"SteroidPotion"},{"floor":47,"key":"Swift Potion"}],"is_trial":false,"path_per_floor":["M","?","M","?","M","E","R","M","T","M","?","R","?","E","R","B",null,"M","?","M","$","M","E","R","M","T","M","M","$","?","E","R","B",null,"M","?","M","M","M","R","M","R","T","E","$","R","M","?","R","B",null],"character_chosen":"IRONCLAD","items_purchased":["Brimstone","PreservedInsect","PanicButton","Pommel Strike+1","Pantograph","Paper Frog","Sword Boomerang+1","Rage"],"campfire_rested":8,"item_purchase_floors":[21,21,21,29,45,45,45,45],"current_hp_per_floor":[80,85,82,65,64,45,70,66,66,63,63,85,85,64,64,37,73,30,30,32,32,30,19,46,56,56,56,58,58,58,68,98,63,92,88,88,88,49,26,56,62,92,92,25,25,55,50,50,80,52],"gold":149,"neow_bonus":"HUNDRED_GOLD","is_prod":false,"is_daily":false,"chose_seed":false,"campfire_upgraded":1,"win_rate":0,"timestamp":1563138486,"path_taken":["M","?","M","?","M","E","R","M","T","M","?","R","?","E","R","BOSS","M","?","M","$","M","E","R","M","T","M","M","$","?","E","R","BOSS","M","?","M","M","?","R","M","R","T","E","$","R","M","?","R","BOSS"],"build_version":"2019-07-05","purchased_purges":0,"victory":true,"max_hp_per_floor":[80,85,85,85,85,85,85,85,85,85,85,85,85,85,85,85,85,89,89,89,89,93,93,93,97,97,97,97,97,97,101,101,101,101,101,101,101,101,101,101,101,101,101,101,101,101,101,101,101,101],"card_choices":[{"not_picked":["Thunderclap","Entrench"],"picked":"Twin Strike","floor":1},{"not_picked":["Heavy Blade","Entrench"],"picked":"Clash","floor":3},{"not_picked":["Reckless Charge","Heavy Blade"],"picked":"Headbutt","floor":5},{"not_picked":["Iron Wave","Bloodletting"],"picked":"Feel No Pain","floor":6},{"not_picked":["Perfected Strike","Sword Boomerang"],"picked":"Spot Weakness","floor":8},{"not_picked":["Anger+1","Clash+1"],"picked":"Shrug It Off","floor":10},{"not_picked":["Burning Pact","True Grit"],"picked":"Feed+1","floor":14},{"not_picked":["Immolate+1","Double Tap"],"picked":"Bludgeon+1","floor":16},{"not_picked":["Flame Barrier","Anger+1"],"picked":"Shrug It Off","floor":18},{"not_picked":["Second Wind","Perfected Strike+1"],"picked":"Cleave+1","floor":20},{"not_picked":["Combust","Warcry+1"],"picked":"Corruption+1","floor":22},{"not_picked":["Perfected Strike+1","Thunderclap+1"],"picked":"Clothesline+1","floor":23},{"not_picked":["Burning Pact","Shockwave"],"picked":"Sword Boomerang+1","floor":25},{"not_picked":["Burning Pact","Dropkick+1"],"picked":"Battle Trance","floor":27},{"not_picked":["Battle Trance","Flex"],"picked":"Body Slam+1","floor":28},{"not_picked":["Armaments+1","Flame Barrier"],"picked":"Body Slam+1","floor":31},{"not_picked":["Immolate+1","Offering"],"picked":"Demon Form","floor":33},{"not_picked":["Shockwave","Hemokinesis+1"],"picked":"Whirlwind+1","floor":35},{"not_picked":["Rage","Flex+1"],"picked":"Rupture+1","floor":37},{"not_picked":["Flex+1","Iron Wave+1"],"picked":"Havoc+1","floor":38},{"not_picked":["Wild Strike+1","Armaments"],"picked":"Limit Break","floor":39},{"not_picked":["Body Slam+1","Flex+1"],"picked":"Spot Weakness+1","floor":41},{"not_picked":["Intimidate","Sever Soul+1"],"picked":"Armaments+1","floor":44},{"not_picked":["Bloodletting","Headbutt+1"],"picked":"Pummel+1","floor":47}],"player_experience":131797,"relics_obtained":[{"floor":6,"key":"Boot"},{"floor":9,"key":"Molten Egg 2"},{"floor":14,"key":"Mummified Hand"},{"floor":23,"key":"Kunai"},{"floor":26,"key":"Anchor"},{"floor":31,"key":"Self Forming Clay"},{"floor":43,"key":"Dodecahedron"},{"floor":44,"key":"Frozen Egg 2"}],"event_choices":[{"damage_healed":0,"gold_gain":0,"player_choice":"Donut","damage_taken":0,"max_hp_gain":5,"max_hp_loss":0,"event_name":"Big Fish","floor":2,"gold_loss":0},{"damage_healed":0,"gold_gain":0,"player_choice":"Entered Light","damage_taken":17,"max_hp_gain":0,"max_hp_loss":0,"event_name":"Shining Light","floor":4,"gold_loss":0,"cards_upgraded":["Strike_R","Twin Strike"]},{"damage_healed":0,"gold_gain":0,"player_choice":"Take Wound","damage_taken":0,"relics_obtained":["Golden Idol"],"max_hp_gain":0,"max_hp_loss":0,"event_name":"Golden Idol","floor":11,"gold_loss":0,"cards_obtained":["Injury"]},{"cards_removed":["Injury"],"damage_healed":0,"gold_gain":0,"player_choice":"Purged","damage_taken":0,"max_hp_gain":0,"max_hp_loss":0,"event_name":"Purifier","floor":13,"gold_loss":0},{"damage_healed":0,"gold_gain":0,"player_choice":"Simplicity","damage_taken":0,"max_hp_gain":0,"max_hp_loss":0,"event_name":"Back to Basics","floor":19,"gold_loss":0,"cards_upgraded":["Strike_R","Strike_R","Strike_R","Strike_R","Defend_R","Defend_R","Defend_R","Defend_R"]},{"damage_healed":0,"gold_gain":0,"player_choice":"Ignored","damage_taken":0,"max_hp_gain":0,"max_hp_loss":0,"event_name":"Vampires","floor":30,"gold_loss":0},{"damage_healed":0,"gold_gain":275,"player_choice":"Desecrate","damage_taken":0,"max_hp_gain":0,"max_hp_loss":0,"event_name":"Golden Shrine","floor":36,"gold_loss":0,"cards_obtained":["Regret"]},{"cards_removed":["Strike_R"],"damage_healed":0,"gold_gain":0,"player_choice":"Removed Attack","damage_taken":0,"max_hp_gain":0,"max_hp_loss":0,"event_name":"Falling","floor":48,"gold_loss":0}],"is_beta":false,"boss_relics":[{"not_picked":["Tiny House","Fusion Hammer"],"picked":"Mark of Pain"},{"not_picked":["Astrolabe","Runic Dome"],"picked":"Lizard Tail"}],"items_purged_floors":[],"is_endless":false,"potions_floor_spawned":[8,14,20,22,23,25,31,33,37,38,39,44,47],"ascension_level":5}