{"gold_per_floor":[114,130,130,150,150,184,184,215,238,238,263,277,254,11,11,109,109,120,131,142,142,155,155,188,188,188,201,201],"floor_reached":28,"playtime":1917,"items_purged":[],"score":335,"play_id":"31104891-8cae-4ce8-a167-6793ebb0d56f","local_time":"20190813151852","is_ascension_mode":true,"campfire_choices":[{"floor":7.0,"key":"REST"},{"floor":10.0,"key":"REST"},{"data":"Neutralize","floor":15.0,"key":"SMITH"},{"floor":23.0,"key":"REST"},{"floor":25,"key":"REST"}],"neow_cost":"NONE","seed_source_timestamp":65429737804802,"circlet_count":0,"master_deck":["Strike_G+1","Strike_G","Strike_G","Defend_G","Defend_G","Defend_G","Defend_G","Defend_G","Survivor","Neutralize+1","Deadly Poison","Slice","Crippling Poison","After Image","Predator","Poisoned Stab+1","Noxious Fumes","Catalyst","Backflip","Dodge and Roll","Deflect+1"],"special_seed":0,"relics":["Ring of the Snake","Bag of Marbles","Orichalcum","Omamori","Vajra","Dream Catcher","Pantograph","HoveringKite","Whetstone","Ninja Scroll"],"potions_floor_usage":[],"damage_taken":[{"damage":2.0,"enemies":"2 Louse","floor":1.0,"turns":3.0},{"damage":0.0,"enemies":"Cultist","floor":2.0,"turns":3.0},{"damage":6.0,"enemies":"Jaw Worm","floor":4.0,"turns":4.0},{"damage":20.0,"enemies":"Lagavulin","floor":6.0,"turns":7.0},{"damage":26.0,"enemies":"Gremlin Nob","floor":8.0,"turns":5.0},{"damage":9.0,"enemies":"3 Sentries","floor":11.0,"turns":10.0},{"damage":0.0,"enemies":"2 Fungi Beasts","floor":12.0,"turns":2.0},{"damage":18.0,"enemies":"The Guardian","floor":16.0,"turns":12.0},{"damage":19.0,"enemies":"Shell Parasite","floor":18.0,"turns":12.0},{"damage":2.0,"enemies":"3 Byrds","floor":19.0,"turns":7.0},{"damage":4.0,"enemies":"Centurion and Healer","floor":20.0,"turns":7.0},{"damage":8.0,"enemies":"Snecko","floor":22.0,"turns":5.0},{"damage":44.0,"enemies":"Slavers","floor":24.0,"turns":7.0},{"damage":19,"enemies":"Sentry and Sphere","floor":27,"turns":4},{"damage":12,"enemies":"Snake Plant","floor":28,"turns":2}],"seed_played":"-3407823948392921744","potions_obtained":[{"floor":1.0,"key":"Poison Potion"},{"floor":6.0,"key":"Dexterity Potion"},{"floor":16.0,"key":"Strength Potion"},{"floor":18.0,"key":"SpeedPotion"},{"floor":19.0,"key":"PowerPotion"}],"is_trial":false,"path_per_floor":["M","M","?","M","?","E","R","E","T","R","E","M","?","$","R","B",null,"M","M","M","?","M","R","E","R","T","M","M"],"character_chosen":"THE_SILENT","items_purchased":["Pantograph"],"campfire_rested":4,"item_purchase_floors":[14],"current_hp_per_floor":[61,61,61,55,48,28,49,23,23,44,35,35,35,35,35,42,63,44,42,38,38,30,51,7,28,28,9,0],"gold":201,"neow_bonus":"RANDOM_COMMON_RELIC","is_prod":false,"is_daily":false,"chose_seed":false,"campfire_upgraded":1,"win_rate":0,"timestamp":1565723932,"path_taken":["M","M","?","?","?","E","R","E","T","R","E","M","?","?","R","BOSS","M","M","M","?","?","R","E","R","T","M","M"],"build_version":"2019-07-17","purchased_purges":0,"victory":false,"max_hp_per_floor":[70,70,70,70,70,70,70,70,70,70,70,70,70,70,70,70,70,70,70,70,70,70,70,70,70,70,70,70],"card_choices":[{"not_picked":["Dagger Spray","Endless Agony","Prepared"],"picked":"SKIP","floor":1.0},{"not_picked":["Quick Slash","Bane"],"picked":"Deadly Poison","floor":2.0},{"not_picked":["Flying Knee","Outmaneuver","Calculated Gamble"],"picked":"SKIP","floor":4.0},{"not_picked":["Eviscerate","Bouncing Flask","Heel Hook"],"picked":"SKIP","floor":6.0},{"not_picked":["Dagger Throw","Caltrops"],"picked":"Slice","floor":8.0},{"not_picked":["Finisher","Bane","Quick Slash"],"picked":"SKIP","floor":11.0},{"not_picked":["PiercingWail","Night Terror"],"picked":"Crippling Poison","floor":12.0},{"not_picked":["Grand Finale","Glass Knife"],"picked":"After Image","floor":16.0},{"not_picked":["Backstab+1","Sucker Punch"],"picked":"Predator","floor":18.0},{"not_picked":["Leg Sweep","Dagger Throw"],"picked":"Poisoned Stab","floor":19.0},{"not_picked":["Backstab+1","Blade Dance"],"picked":"Noxious Fumes","floor":20.0},{"not_picked":["Escape Plan","Underhanded Strike"],"picked":"Catalyst","floor":22.0},{"not_picked":["Choke","Underhanded Strike"],"picked":"Backflip","floor":23.0},{"not_picked":["Predator+1","Bane"],"picked":"Dodge and Roll","floor":24.0},{"not_picked":["Outmaneuver+1","Bullet Time"],"picked":"Deflect+1","floor":27}],"player_experience":183083,"relics_obtained":[{"floor":6.0,"key":"Orichalcum"},{"floor":8.0,"key":"Omamori"},{"floor":9.0,"key":"Vajra"},{"floor":11.0,"key":"Dream Catcher"},{"floor":24.0,"key":"Whetstone"},{"floor":26,"key":"Ninja Scroll"}],"event_choices":[{"damage_healed":0.0,"max_hp_gain":0.0,"max_hp_loss":0.0,"gold_gain":0.0,"event_name":"FaceTrader","player_choice":"Leave","floor":3.0,"gold_loss":0.0,"damage_taken":0.0},{"cards_removed":["Strike_G"],"damage_healed":0.0,"max_hp_gain":0.0,"max_hp_loss":0.0,"gold_gain":0.0,"event_name":"Golden Wing","player_choice":"Card Removal","floor":5.0,"gold_loss":0.0,"damage_taken":7.0},{"damage_healed":0.0,"max_hp_gain":0.0,"max_hp_loss":0.0,"gold_gain":0.0,"event_name":"World of Goop","player_choice":"Left Gold","floor":13.0,"gold_loss":23.0,"damage_taken":0.0},{"cards_removed":["Strike_G"],"damage_healed":0.0,"max_hp_gain":0.0,"max_hp_loss":0.0,"gold_gain":0.0,"event_name":"Purifier","player_choice":"Purged","floor":21.0,"gold_loss":0.0,"damage_taken":0.0}],"is_beta":false,"boss_relics":[{"not_picked":["Runic Pyramid","Coffee Dripper"],"picked":"HoveringKite"}],"items_purged_floors":[],"is_endless":false,"potions_floor_spawned":[1,6,16,18,19],"killed_by":"Snake Plant","ascension_level":6}