{"path_per_floor":["M","M","M","?","M","E","R","$","T","E","M","?","E","M","R","B",null,"M","?","M","$","M","R","M","R","T","E","$","R","M","M","R","B",null,"M","?","M","$","M","E","$","E","T","R","M","M","R","E","R","B"],"character_chosen":"DEFECT","items_purchased":["Scrape","Beam Cell","All For One","Regal Pillow","FTL","Mind Blast","All For One"],"gold_per_floor":[109,126,141,91,108,140,140,54,79,108,122,122,147,163,163,261,261,281,306,319,21,37,37,53,53,79,113,33,33,43,62,62,161,161,178,178,190,190,210,242,11,39,39,39,58,73,73,104,104,104],"floor_reached":51,"campfire_rested":5,"playtime":4469,"current_hp_per_floor":[74,74,72,72,40,20,42,42,42,36,36,36,24,22,44,42,75,75,66,66,66,66,66,66,66,66,44,44,44,44,44,75,25,75,59,59,59,59,57,35,35,35,35,72,40,40,75,75,75,29],"items_purged":["Strike_B"],"gold":104,"score":950,"play_id":"179c051f-638b-46cd-bb4d-8560d4ffd127","local_time":"20180509202656","is_prod":false,"is_daily":false,"chose_seed":false,"is_ascension_mode":true,"campfire_upgraded":4,"timestamp":1525890416,"path_taken":["M","?","M","?","M","E","R","$","T","E","M","?","E","M","R","BOSS","M","?","M","$","M","R","M","R","T","E","$","R","M","M","R","BOSS","M","?","?","$","?","E","$","E","T","R","M","?","R","E","R","BOSS"],"build_version":"2018-05-08","seed_source_timestamp":2702230547620552,"purchased_purges":1,"victory":true,"master_deck":["Strike_B","Defend_B+1","Defend_B","Defend_B+1","Defend_B","Zap+1","Dualcast+1","Darkness","Axe Kick","Axe Kick","Scrape","Beam Cell","Beam Cell","Scrape+1","All For One","All For One","FTL","Reboot","FTL+1","Scrape+1","Axe Kick","Axe Kick+1","Reprogram+1","Go for the Eyes","Go for the Eyes+1","Mind Blast+1","All For One","Gash+1","Skim","Axe Kick+1","Beam Cell+1"],"max_hp_per_floor":[75,75,75,75,75,75,75,75,75,75,75,75,75,75,75,75,75,75,75,75,75,75,75,75,75,75,75,75,75,75,75,75,75,75,75,75,75,75,75,75,75,75,75,75,75,75,75,75,75,75],"relics":["Cracked Core","Bag of Preparation","Anchor","War Paint","Matryoshka","Sozu","Red Mask","Regal Pillow","Happy Flower","Orichalcum","Darkstone Periapt","Orrery","Question Card","Ancient Tea Set","Dream Catcher","Bottled Lightning","Pen Nib"],"card_choices":[{"not_picked":["Turbo","Axe Kick"],"picked":"Darkness","floor":1},{"not_picked":["Rebound","Coolheaded"],"picked":"Axe Kick","floor":3},{"not_picked":["Turbo","Sunder"],"picked":"Axe Kick","floor":6},{"not_picked":["Fusion","Stack"],"picked":"Beam Cell","floor":10},{"not_picked":["Ball Lightning","Capacitor"],"picked":"Scrape","floor":14},{"not_picked":["Creative AI","Seek"],"picked":"All For One","floor":16},{"not_picked":["Barrage","Undo"],"picked":"Reboot","floor":30},{"not_picked":["Sweeping Beam","Hologram"],"picked":"FTL","floor":31},{"not_picked":["Skim","Aggregate"],"picked":"Scrape","floor":34},{"not_picked":["Doom and Gloom","Heatsinks"],"picked":"Axe Kick","floor":34},{"not_picked":["Blizzard","Multi-Cast"],"picked":"Axe Kick","floor":34},{"not_picked":["Stack","Hologram"],"picked":"Reprogram","floor":34},{"not_picked":["Sweeping Beam","Streamline"],"picked":"Go for the Eyes","floor":35},{"not_picked":["Turbo","Steam"],"picked":"Go for the Eyes","floor":39},{"not_picked":["Barrage","Reinforced Body","Cold Snap"],"picked":"Gash","floor":42},{"not_picked":["Rip and Tear","Steam Power","Steam"],"picked":"Skim","floor":45},{"not_picked":["Coolheaded","Skim","Go for the Eyes"],"picked":"Axe Kick","floor":46},{"not_picked":["Sweeping Beam","Streamline","Hologram"],"picked":"Beam Cell","floor":48}],"player_experience":397506,"potions_floor_usage":[10,14,50,50],"damage_taken":[{"damage":1,"enemies":"Cultist","floor":1,"turns":3},{"damage":0,"enemies":"Small Slimes","floor":2,"turns":3},{"damage":2,"enemies":"Jaw Worm","floor":3,"turns":3},{"damage":32,"enemies":"Exordium Wildlife","floor":5,"turns":6},{"damage":20,"enemies":"3 Sentries","floor":6,"turns":8},{"damage":6,"enemies":"Gremlin Nob","floor":10,"turns":3},{"damage":0,"enemies":"Looter","floor":11,"turns":2},{"damage":12,"enemies":"Lagavulin","floor":13,"turns":5},{"damage":2,"enemies":"Gremlin Gang","floor":14,"turns":3},{"damage":2,"enemies":"Slime Boss","floor":16,"turns":6},{"damage":0,"enemies":"Shell Parasite","floor":18,"turns":2},{"damage":9,"enemies":"Masked Bandits","floor":19,"turns":4},{"damage":0,"enemies":"3 Byrds","floor":20,"turns":4},{"damage":0,"enemies":"Centurion and Healer","floor":22,"turns":2},{"damage":0,"enemies":"Chosen and Byrds","floor":24,"turns":2},{"damage":22,"enemies":"Gremlin Leader","floor":27,"turns":4},{"damage":0,"enemies":"Snecko","floor":30,"turns":2},{"damage":0,"enemies":"Centurion and Healer","floor":31,"turns":2},{"damage":50,"enemies":"Collector","floor":33,"turns":4},{"damage":16,"enemies":"3 Shapes","floor":35,"turns":7},{"damage":0,"enemies":"Orb Walker","floor":37,"turns":1},{"damage":2,"enemies":"Spire Growth","floor":39,"turns":2},{"damage":22,"enemies":"Nemesis","floor":40,"turns":3},{"damage":0,"enemies":"2 Orb Walkers","floor":42,"turns":1},{"damage":32,"enemies":"3 Darklings","floor":45,"turns":3},{"damage":0,"enemies":"Flame Bruiser 2 Orb","floor":46,"turns":2},{"damage":0,"enemies":"Nemesis","floor":48,"turns":3},{"damage":46,"enemies":"Awakened One","floor":50,"turns":5}],"event_choices":[{"event_name":"The Cleric","player_choice":"Card Removal","floor":4,"damage_taken":0},{"event_name":"Purifier","player_choice":"One Purge","floor":12,"damage_taken":0},{"event_name":"Masked Bandits","player_choice":"Fought over 281 gold","floor":19,"damage_taken":0},{"event_name":"Mysterious Sphere","player_choice":"Ignore","floor":36,"damage_taken":0}],"boss_relics":[{"not_picked":["Cursed Key","Eternal Feather"],"picked":"Sozu"},{"not_picked":["Black Star","Velvet Choker"],"picked":"Orrery"}],"potions_floor_spawned":[3,6,10,11,13,14,18,22,27,31,33,35,45,48],"seed_played":"6929441033058239418","ascension_level":3,"is_trial":false}