{"gold_per_floor":[116,130,130,130,145,145,188,213,213,213,238,238,65,104,104,229,229,249,164,182,26,42,42,42,42,66,66],"floor_reached":27,"playtime":1492,"items_purged":[],"score":277,"play_id":"a8228265-6cea-4561-8fe4-3752328eedab","local_time":"20190126224458","is_ascension_mode":true,"campfire_choices":[{"data":"Genetic Algorithm","floor":6,"key":"SMITH"},{"floor":10,"key":"REST"},{"data":"Conserve Battery","floor":12,"key":"SMITH"},{"floor":15,"key":"REST"},{"data":"Apotheosis","floor":23,"key":"SMITH"},{"data":"Coolheaded","floor":25,"key":"SMITH"}],"neow_cost":"NONE","seed_source_timestamp":79494552139483,"circlet_count":0,"master_deck":["Defend_B","Defend_B","Defend_B","Defend_B","Zap","Dualcast","BootSequence","Genetic Algorithm+1","Capacitor","Conserve Battery+1","Cold Snap","Gash","Apotheosis+1","Coolheaded+1","Thunder Strike","Recycle","Consume","Blizzard","Bite","Bite","Bite","Bite","Bite","Doubt"],"relics":["Cracked Core","Golden Idol","Ornamental Fan","Singing Bowl","Odd Mushroom","Bottled Lightning","Darkstone Periapt","Cursed Key","Mummified Hand"],"potions_floor_usage":[7,7,7,16,16],"damage_taken":[{"damage":0,"enemies":"Cultist","floor":1,"turns":4},{"damage":0,"enemies":"2 Louse","floor":2,"turns":2},{"damage":0,"enemies":"Small Slimes","floor":5,"turns":3},{"damage":16,"enemies":"3 Sentries","floor":7,"turns":10},{"damage":18,"enemies":"The Mushroom Lair","floor":8,"turns":5},{"damage":0,"enemies":"Blue Slaver","floor":11,"turns":4},{"damage":16,"enemies":"Lagavulin","floor":14,"turns":8},{"damage":16,"enemies":"Hexaghost","floor":16,"turns":12},{"damage":18,"enemies":"Spheric Guardian","floor":18,"turns":4},{"damage":18,"enemies":"Chosen","floor":20,"turns":5},{"damage":12,"enemies":"Snecko","floor":22,"turns":8},{"damage":55,"enemies":"Gremlin Leader","floor":27,"turns":3}],"seed_played":"-5152460591903852513","potions_obtained":[{"floor":0,"key":"Dexterity Potion"},{"floor":0,"key":"Fire Potion"},{"floor":0,"key":"PowerPotion"},{"floor":7,"key":"GamblersBrew"},{"floor":8,"key":"FearPotion"},{"floor":14,"key":"PowerPotion"}],"is_trial":false,"path_per_floor":["M","M","?","?","M","R","E","?","T","R","M","R","$","E","R","B",null,"M","?","M","$","M","R","?","R","T","E"],"character_chosen":"DEFECT","items_purchased":["Apotheosis","Consume","Blizzard"],"campfire_rested":2,"item_purchase_floors":[13,21,21],"current_hp_per_floor":[75,75,57,50,50,50,34,16,16,38,38,38,38,22,44,28,75,57,57,41,41,31,31,31,31,37,0],"gold":66,"neow_bonus":"THREE_SMALL_POTIONS","is_prod":false,"is_daily":false,"chose_seed":false,"campfire_upgraded":4,"win_rate":0,"timestamp":1548567898,"path_taken":["M","M","?","?","M","R","E","?","T","R","M","R","$","E","R","BOSS","M","?","M","$","M","R","?","R","T","E"],"build_version":"2019-01-23","purchased_purges":0,"victory":false,"max_hp_per_floor":[75,75,75,75,75,75,75,75,75,75,75,75,75,75,75,75,75,75,75,77,77,79,79,55,55,61,61],"card_choices":[{"not_picked":["Coolheaded","Streamline"],"picked":"BootSequence","floor":1},{"not_picked":["Leap","Hello World"],"picked":"Genetic Algorithm","floor":2},{"not_picked":["Sweeping Beam","Defragment"],"picked":"Capacitor","floor":5},{"not_picked":["Turbo","Rebound"],"picked":"Conserve Battery","floor":7},{"not_picked":["Coolheaded","Heatsinks"],"picked":"Cold Snap","floor":8},{"not_picked":["Sweeping Beam","Conserve Battery"],"picked":"Gash","floor":11},{"not_picked":["Ball Lightning","Stack"],"picked":"Coolheaded","floor":14},{"not_picked":["Electrodynamics","Hyperbeam"],"picked":"Thunder Strike","floor":16},{"not_picked":["Beam Cell","Compile Driver"],"picked":"Recycle","floor":18},{"not_picked":["Cold Snap","Go for the Eyes","Turbo"],"picked":"Singing Bowl","floor":20},{"not_picked":["Go for the Eyes","Compile Driver","Cold Snap+1"],"picked":"Singing Bowl","floor":22}],"player_experience":322543,"relics_obtained":[{"floor":7,"key":"Singing Bowl"},{"floor":8,"key":"Odd Mushroom"},{"floor":9,"key":"Bottled Lightning"},{"floor":14,"key":"Darkstone Periapt"}],"event_choices":[{"damage_healed":0,"gold_gain":0,"player_choice":"Take Damage","damage_taken":18,"relics_obtained":["Golden Idol"],"max_hp_gain":0,"max_hp_loss":0,"event_name":"Golden Idol","floor":3,"gold_loss":0},{"damage_healed":0,"gold_gain":0,"player_choice":"Success","damage_taken":7,"relics_obtained":["Ornamental Fan"],"max_hp_gain":0,"max_hp_loss":0,"event_name":"Scrap Ooze","floor":4,"gold_loss":0},{"damage_healed":0,"gold_gain":0,"player_choice":"Fought Mushrooms","damage_taken":0,"max_hp_gain":0,"max_hp_loss":0,"event_name":"Mushrooms","floor":8,"gold_loss":0},{"damage_healed":0,"gold_gain":0,"player_choice":"Obtained Relic","damage_taken":0,"relics_obtained":["Mummified Hand"],"max_hp_gain":0,"max_hp_loss":0,"event_name":"Addict","floor":19,"gold_loss":85},{"damage_healed":0,"gold_gain":0,"player_choice":"Became a vampire","damage_taken":0,"max_hp_gain":0,"max_hp_loss":24,"event_name":"Vampires","floor":24,"gold_loss":0,"cards_obtained":["Bite","Bite","Bite","Bite","Bite"]}],"is_beta":false,"boss_relics":[{"not_picked":["Calling Bell","Snecko Eye"],"picked":"Cursed Key"}],"items_purged_floors":[],"is_endless":false,"potions_floor_spawned":[2,7,8,14],"killed_by":"Gremlin Leader","ascension_level":3}