{"gold_per_floor":[113,113,188,204,23,59,12,12,12,12,43,43,63,79,79,200,200,213,213,237,260,260,260,299,315,342,357,357,376,391,435,435,555,555,571,571,20,34,59,59,74,89,89,89],"floor_reached":44,"playtime":3487,"items_purged":[],"score":554,"play_id":"aed4e1f0-f4b1-4e44-ad88-7587b8c33c44","local_time":"20190210221915","is_ascension_mode":true,"campfire_choices":[{"data":"Neutralize","floor":12,"key":"SMITH"},{"floor":15,"key":"REST"},{"floor":23,"key":"REST"},{"data":"Skewer","floor":28,"key":"SMITH"},{"floor":32,"key":"REST"},{"data":"Tools of the Trade","floor":40,"key":"SMITH"}],"neow_cost":"NONE","seed_source_timestamp":7690985327197,"circlet_count":0,"master_deck":["Defend_G","Defend_G","Defend_G","Defend_G","Defend_G","Strike_G","Strike_G","Strike_G","Strike_G","Survivor","Neutralize+1","Unload","Backflip","Outmaneuver","The Bomb","Dash","Deadly Poison+1","Expertise+1","Night Terror+1","Malaise+1","Blur+1","Writhe","Prepared+1","Blade Dance+1","Backflip+1","Blade Dance+1","Decay","Underhanded Strike+1","Setup+1","Acrobatics+1","Noxious Fumes+1","Tools of the Trade+1","Flying Knee","Dodge and Roll+1","Reflex+1","Injury","Outmaneuver+1","Escape Plan+1","Regret"],"relics":["Ring of the Serpent","Golden Idol","Toxic Egg 2","Kunai","Turnip","Cursed Key","Pen Nib","Ninja Scroll","Dodecahedron","Bottled Flame","Pantograph","PreservedInsect","Bag of Preparation"],"potions_floor_usage":[16,16,24,27,33,33,44,44],"damage_taken":[{"damage":0,"enemies":"Jaw Worm","floor":1,"turns":3},{"damage":0,"enemies":"2 Louse","floor":4,"turns":2},{"damage":10,"enemies":"Gremlin Nob","floor":6,"turns":4},{"damage":12,"enemies":"Lagavulin","floor":11,"turns":7},{"damage":0,"enemies":"Small Slimes","floor":13,"turns":2},{"damage":6,"enemies":"Looter","floor":14,"turns":3},{"damage":30,"enemies":"Hexaghost","floor":16,"turns":7},{"damage":6,"enemies":"Shell Parasite","floor":18,"turns":6},{"damage":38,"enemies":"Chosen","floor":20,"turns":9},{"damage":0,"enemies":"Snake Plant","floor":21,"turns":9},{"damage":21,"enemies":"Slavers","floor":24,"turns":4},{"damage":4,"enemies":"Snecko","floor":25,"turns":9},{"damage":0,"enemies":"Chosen and Byrds","floor":27,"turns":3},{"damage":0,"enemies":"Snake Plant","floor":29,"turns":3},{"damage":4,"enemies":"3 Cultists","floor":30,"turns":4},{"damage":8,"enemies":"Gremlin Leader","floor":31,"turns":5},{"damage":11,"enemies":"Automaton","floor":33,"turns":10},{"damage":23,"enemies":"3 Shapes","floor":35,"turns":6},{"damage":6,"enemies":"Orb Walker","floor":38,"turns":4},{"damage":8,"enemies":"Maw","floor":41,"turns":9},{"damage":12,"enemies":"Spire Growth","floor":42,"turns":10},{"damage":54,"enemies":"Nemesis","floor":44,"turns":3}],"seed_played":"-7901769953666066955","potions_obtained":[{"floor":4,"key":"Energy Potion"},{"floor":6,"key":"Fire Potion"},{"floor":13,"key":"Energy Potion"},{"floor":20,"key":"PowerPotion"},{"floor":22,"key":"Regen Potion"},{"floor":25,"key":"SteroidPotion"},{"floor":27,"key":"Weak Potion"},{"floor":31,"key":"PowerPotion"},{"floor":38,"key":"SpeedPotion"}],"is_trial":false,"path_per_floor":["M","?","?","M","$","E","$","?","T","?","E","R","M","M","R","B",null,"M","?","M","M","?","R","E","M","T","M","R","M","M","E","R","B",null,"M","?","$","M","T","R","M","M","T","E"],"character_chosen":"THE_SILENT","items_purchased":["The Bomb","Deadly Poison+1","Bottled Flame","Pantograph","Dodge and Roll+1"],"campfire_rested":3,"item_purchase_floors":[5,7,37,37,37],"current_hp_per_floor":[70,53,42,42,42,32,32,55,55,55,43,43,43,37,58,28,70,64,64,26,26,26,47,38,34,34,34,34,34,30,22,43,32,70,47,47,47,41,41,41,33,21,21,0],"gold":89,"neow_bonus":"ONE_RANDOM_RARE_CARD","is_prod":false,"is_daily":false,"chose_seed":false,"campfire_upgraded":3,"win_rate":0,"timestamp":1549862355,"path_taken":["M","?","?","M","$","E","?","?","T","?","E","R","M","M","R","BOSS","M","?","M","M","?","R","E","M","T","M","R","M","?","E","R","BOSS","M","?","$","M","?","R","M","M","T","E"],"build_version":"2019-01-23","purchased_purges":0,"victory":false,"max_hp_per_floor":[70,70,70,70,70,70,70,70,70,70,70,70,70,70,70,70,70,70,70,70,70,70,70,70,70,70,70,70,70,70,70,70,70,70,70,70,70,70,70,70,70,70,70,70],"card_choices":[{"not_picked":["Crippling Poison","Deflect"],"picked":"Backflip","floor":1},{"not_picked":["PiercingWail","All Out Attack"],"picked":"Outmaneuver","floor":4},{"not_picked":["Slice","Underhanded Strike"],"picked":"Dash","floor":6},{"not_picked":["Deflect+1","Bane"],"picked":"Expertise+1","floor":11},{"not_picked":["PiercingWail+1","Dagger Spray"],"picked":"Skewer","floor":13},{"not_picked":["Flying Knee","Concentrate+1"],"picked":"Night Terror+1","floor":14},{"not_picked":["Storm of Steel+1","Adrenaline+1"],"picked":"Malaise+1","floor":16},{"not_picked":["Cloak And Dagger+1","Expertise+1"],"picked":"Blur+1","floor":18},{"not_picked":["Backstab","Dagger Throw"],"picked":"Prepared+1","floor":20},{"not_picked":["Poisoned Stab","Dagger Throw"],"picked":"Blade Dance+1","floor":21},{"not_picked":["Crippling Poison+1","Grand Finale"],"picked":"Backflip+1","floor":24},{"not_picked":["Endless Agony+1","Eviscerate+1"],"picked":"Blade Dance+1","floor":25},{"not_picked":["Finisher","Dagger Throw+1"],"picked":"Underhanded Strike+1","floor":27},{"not_picked":["Skewer","Deflect+1"],"picked":"Setup+1","floor":29},{"not_picked":["Bane","Masterful Stab"],"picked":"Acrobatics+1","floor":30},{"not_picked":["Eviscerate","Endless Agony"],"picked":"Noxious Fumes+1","floor":31},{"not_picked":["After Image","Die Die Die"],"picked":"Tools of the Trade","floor":33},{"not_picked":["Bane+1","Distraction+1"],"picked":"Flying Knee","floor":35},{"not_picked":["Predator","Finisher+1"],"picked":"Reflex+1","floor":38},{"not_picked":["Deflect+1","Dash"],"picked":"Outmaneuver+1","floor":41},{"not_picked":["Deadly Poison+1","Heel Hook+1"],"picked":"Escape Plan+1","floor":42}],"player_experience":387391,"relics_obtained":[{"floor":6,"key":"Toxic Egg 2"},{"floor":9,"key":"Kunai"},{"floor":11,"key":"Turnip"},{"floor":24,"key":"Ninja Scroll"},{"floor":31,"key":"Dodecahedron"},{"floor":39,"key":"PreservedInsect"},{"floor":43,"key":"Bag of Preparation"}],"event_choices":[{"damage_healed":0,"gold_gain":0,"player_choice":"Take Damage","damage_taken":17,"relics_obtained":["Golden Idol"],"max_hp_gain":0,"max_hp_loss":0,"event_name":"Golden Idol","floor":2,"gold_loss":0},{"damage_healed":0,"gold_gain":75,"player_choice":"Gather Gold","damage_taken":11,"max_hp_gain":0,"max_hp_loss":0,"event_name":"World of Goop","floor":3,"gold_loss":0},{"damage_healed":23,"gold_gain":0,"player_choice":"Banana","damage_taken":0,"max_hp_gain":0,"max_hp_loss":0,"event_name":"Big Fish","floor":8,"gold_loss":0},{"cards_removed":["Strike_G"],"damage_healed":0,"gold_gain":0,"player_choice":"Forget","damage_taken":0,"max_hp_gain":0,"max_hp_loss":0,"event_name":"Living Wall","floor":10,"gold_loss":0},{"damage_healed":0,"gold_gain":0,"player_choice":"Opened","damage_taken":0,"relics_obtained":["Pen Nib"],"max_hp_gain":0,"max_hp_loss":0,"event_name":"The Mausoleum","floor":19,"gold_loss":0,"cards_obtained":["Writhe"]},{"damage_healed":0,"gold_gain":0,"player_choice":"Got Potions","damage_taken":0,"max_hp_gain":0,"max_hp_loss":0,"event_name":"Lab","floor":22,"gold_loss":0},{"cards_removed":["Skewer"],"damage_healed":0,"gold_gain":0,"player_choice":"Removed Attack","damage_taken":0,"max_hp_gain":0,"max_hp_loss":0,"event_name":"Falling","floor":36,"gold_loss":0}],"is_beta":false,"boss_relics":[{"not_picked":["White Beast Statue","Velvet Choker"],"picked":"Cursed Key"},{"not_picked":["Black Star","Astrolabe"],"picked":"Ring of the Serpent"}],"items_purged_floors":[],"is_endless":false,"potions_floor_spawned":[4,6,13,20,25,27,31,38],"killed_by":"Nemesis","ascension_level":3}