{"gold_per_floor":[213,213,11,21,40,40,51,64,89,109,4,38,48,67,67,162,162,178,192,192],"floor_reached":20,"playtime":1338,"items_purged":[],"score":288,"play_id":"dceffd44-6189-4b57-947d-b27a07f70b8a","local_time":"20190407083851","is_ascension_mode":true,"campfire_choices":[{"data":"Go for the Eyes","floor":6,"key":"SMITH"},{"data":"Bash","floor":15,"key":"SMITH"}],"neow_cost":"NONE","seed_source_timestamp":94113057571358,"circlet_count":0,"master_deck":["AscendersBane","Strike_R","Strike_R","Defend_R","Defend_R","Defend_R","Defend_R","Bash+1","Ghostly Armor","Dark Shackles","Streamline","Go for the Eyes+1","Backstab","Rebound","Magnetism","Evolve","Blood for Blood","Shrug It Off","Poisoned Stab","Tempest","Double Tap","True Grit+1","Barricade+1","Evolve+1","Calculated Gamble+1","Infinite Blades"],"relics":["Burning Blood","PrismaticShard","Blood Vial","Bronze Scales","Astrolabe"],"potions_floor_usage":[14],"damage_taken":[{"damage":16,"enemies":"2 Louse","floor":1,"turns":3},{"damage":1,"enemies":"Cultist","floor":4,"turns":4},{"damage":5,"enemies":"Small Slimes","floor":5,"turns":3},{"damage":0,"enemies":"2 Fungi Beasts","floor":7,"turns":4},{"damage":9,"enemies":"Blue Slaver","floor":8,"turns":4},{"damage":1,"enemies":"Looter","floor":10,"turns":3},{"damage":16,"enemies":"3 Sentries","floor":12,"turns":7},{"damage":0,"enemies":"Exordium Wildlife","floor":13,"turns":4},{"damage":0,"enemies":"Large Slime","floor":14,"turns":6},{"damage":67,"enemies":"The Guardian","floor":16,"turns":12},{"damage":18,"enemies":"Shell Parasite","floor":18,"turns":8},{"damage":33,"enemies":"Spheric Guardian","floor":19,"turns":6},{"damage":40,"enemies":"Snecko","floor":20,"turns":6}],"seed_played":"212635111781803967","potions_obtained":[{"floor":1,"key":"FearPotion"},{"floor":8,"key":"LiquidBronze"},{"floor":14,"key":"LiquidBronze"}],"is_trial":false,"path_per_floor":["M","?","$","M","M","R","M","M","T","M","$","E","M","M","R","B",null,"M","M","M"],"character_chosen":"IRONCLAD","items_purchased":["PrismaticShard","Evolve","Blood for Blood"],"campfire_rested":0,"item_purchase_floors":[3,11,11],"current_hp_per_floor":[62,62,62,67,68,68,74,71,71,78,78,70,78,80,80,19,65,55,30,0],"gold":192,"neow_bonus":"HUNDRED_GOLD","is_prod":false,"is_daily":false,"chose_seed":false,"campfire_upgraded":2,"win_rate":0,"timestamp":1554651531,"path_taken":["M","?","$","M","M","R","M","M","T","M","?","E","M","M","R","BOSS","M","?","M"],"build_version":"2019-01-23","purchased_purges":0,"victory":false,"max_hp_per_floor":[80,80,80,80,80,80,80,80,80,80,80,80,80,80,80,80,80,80,80,80],"card_choices":[{"not_picked":["Reckless Charge","Wild Strike"],"picked":"Ghostly Armor","floor":1},{"not_picked":["Slice","Masterful Stab"],"picked":"Streamline","floor":4},{"not_picked":["Crippling Poison","Sword Boomerang"],"picked":"Go for the Eyes","floor":5},{"not_picked":["Jack Of All Trades","Second Wind"],"picked":"Backstab","floor":7},{"not_picked":["BootSequence","Bane"],"picked":"Rebound","floor":8},{"not_picked":["Turbo","Pummel"],"picked":"Magnetism","floor":10},{"not_picked":["Pommel Strike","Acrobatics"],"picked":"Shrug It Off","floor":12},{"not_picked":["Blizzard","Flex"],"picked":"Poisoned Stab","floor":13},{"not_picked":["Slice","Die Die Die"],"picked":"Tempest","floor":14},{"not_picked":["Electrodynamics","The Bomb"],"picked":"Double Tap","floor":16},{"not_picked":["Endless Agony","Thunderclap"],"picked":"Calculated Gamble+1","floor":18},{"not_picked":["Battle Trance","Masterful Stab"],"picked":"Infinite Blades","floor":19}],"player_experience":617230,"relics_obtained":[{"floor":9,"key":"Blood Vial"},{"floor":12,"key":"Bronze Scales"}],"event_choices":[{"damage_healed":0,"gold_gain":0,"player_choice":"1 cards matched","damage_taken":0,"max_hp_gain":0,"max_hp_loss":0,"event_name":"Match and Keep!","floor":2,"gold_loss":0,"cards_obtained":["Dark Shackles"]}],"is_beta":false,"boss_relics":[{"not_picked":["Fusion Hammer","Calling Bell"],"picked":"Astrolabe"}],"items_purged_floors":[],"is_endless":false,"potions_floor_spawned":[1,8,10,14,16],"killed_by":"Snecko","ascension_level":12}