{"gold_per_floor":[110,122,133,133,150,175,175,205,205,217,237,250,250,270,270,367,367,377,389,389,405,425,442,442],"floor_reached":24,"playtime":1737,"items_purged":[],"score":216,"play_id":"0ea831ea-63dd-440f-b1da-4026a0b38478","local_time":"20190705212452","is_ascension_mode":false,"campfire_choices":[{"floor":7,"key":"REST"},{"floor":13,"key":"REST"},{"data":"Rage","floor":15,"key":"SMITH"}],"neow_cost":"NONE","seed_source_timestamp":733906164471303,"circlet_count":0,"master_deck":["Strike_R","Strike_R","Strike_R","Strike_R","Defend_R","Defend_R","Defend_R","Defend_R","Bash","Fiend Fire","Shrug It Off","Shockwave","Pommel Strike","Offering","Rage+1","Battle Trance","Heavy Blade","Cleave","Pommel Strike","Clothesline","Double Tap","Thunderclap","Shrug It Off","Flex+1","Heavy Blade+1","Clash+1"],"relics":["Burning Blood","Mango","Mercury Hourglass","Calipers","Black Star","Enchiridion"],"potions_floor_usage":[21,21,23],"damage_taken":[{"damage":7,"enemies":"Small Slimes","floor":1,"turns":3},{"damage":0,"enemies":"Cultist","floor":2,"turns":2},{"damage":11,"enemies":"Jaw Worm","floor":3,"turns":2},{"damage":25,"enemies":"Exordium Thugs","floor":5,"turns":5},{"damage":27,"enemies":"3 Sentries","floor":6,"turns":7},{"damage":28,"enemies":"Gremlin Nob","floor":8,"turns":4},{"damage":13,"enemies":"2 Fungi Beasts","floor":10,"turns":3},{"damage":2,"enemies":"Large Slime","floor":11,"turns":4},{"damage":5,"enemies":"Red Slaver","floor":12,"turns":2},{"damage":7,"enemies":"Blue Slaver","floor":14,"turns":2},{"damage":30,"enemies":"Slime Boss","floor":16,"turns":10},{"damage":26,"enemies":"Shell Parasite","floor":18,"turns":5},{"damage":0,"enemies":"Chosen","floor":19,"turns":4},{"damage":44,"enemies":"Shelled Parasite and Fungi","floor":21,"turns":5},{"damage":12,"enemies":"Snecko","floor":22,"turns":5},{"damage":6,"enemies":"Snake Plant","floor":23,"turns":3},{"damage":26,"enemies":"Slavers","floor":24,"turns":3}],"seed_played":"4677726607910355050","potions_obtained":[{"floor":1,"key":"SpeedPotion"},{"floor":12,"key":"Explosive Potion"},{"floor":14,"key":"GamblersBrew"},{"floor":21,"key":"Block Potion"},{"floor":22,"key":"GamblersBrew"}],"is_trial":false,"path_per_floor":["M","M","M","?","M","E","R","E","T","M","M","M","R","M","R","B",null,"M","M","?","M","M","M","E"],"character_chosen":"IRONCLAD","items_purchased":[],"campfire_rested":2,"item_purchase_floors":[],"current_hp_per_floor":[79,80,75,75,56,49,77,55,55,48,52,53,81,80,80,56,94,74,80,64,26,20,20,0],"gold":442,"neow_bonus":"ONE_RANDOM_RARE_CARD","is_prod":false,"is_daily":false,"chose_seed":false,"campfire_upgraded":1,"win_rate":0.0,"timestamp":1562358292,"path_taken":["M","M","M","?","M","E","R","E","T","?","M","M","R","M","R","BOSS","M","M","?","M","M","M","E"],"build_version":"2019-07-01","purchased_purges":0,"victory":false,"max_hp_per_floor":[80,80,80,80,80,94,94,94,94,94,94,94,94,94,94,94,94,94,94,94,94,94,94,94],"card_choices":[{"not_picked":["Power Through","Flex"],"picked":"Shrug It Off","floor":1},{"not_picked":["Thunderclap","Perfected Strike"],"picked":"Shockwave","floor":2},{"not_picked":["Fire Breathing","Perfected Strike"],"picked":"Pommel Strike","floor":3},{"not_picked":["Reckless Charge","Rampage"],"picked":"Rage","floor":5},{"not_picked":["Hemokinesis","Metallicize"],"picked":"Battle Trance","floor":6},{"not_picked":["Iron Wave","Carnage"],"picked":"Heavy Blade","floor":8},{"not_picked":["Twin Strike","Pummel","Armaments"],"picked":"SKIP","floor":10},{"not_picked":["Fire Breathing","Body Slam"],"picked":"Cleave","floor":11},{"not_picked":["Warcry","Cleave"],"picked":"Pommel Strike","floor":12},{"not_picked":["Warcry","Pommel Strike"],"picked":"Clothesline","floor":14},{"not_picked":["Fiend Fire","Offering"],"picked":"Double Tap","floor":16},{"not_picked":["Flex+1","Perfected Strike"],"picked":"Thunderclap","floor":18},{"not_picked":["Body Slam","Sever Soul"],"picked":"Shrug It Off","floor":19},{"not_picked":["Clothesline","Spot Weakness"],"picked":"Flex+1","floor":21},{"not_picked":["Clash","Dark Embrace"],"picked":"Heavy Blade+1","floor":22},{"not_picked":["Body Slam","Twin Strike"],"picked":"Clash+1","floor":23}],"player_experience":25448,"relics_obtained":[{"floor":6,"key":"Mango"},{"floor":8,"key":"Mercury Hourglass"},{"floor":9,"key":"Calipers"},{"floor":20,"key":"Enchiridion"}],"event_choices":[{"damage_healed":0,"gold_gain":0,"cards_transformed":["Strike_R"],"player_choice":"Transformed","damage_taken":0,"max_hp_gain":0,"max_hp_loss":0,"event_name":"Transmorgrifier","floor":4,"gold_loss":0,"cards_obtained":["Offering"]},{"damage_healed":0,"gold_gain":0,"player_choice":"Obtained Book","damage_taken":16,"max_hp_gain":0,"max_hp_loss":0,"event_name":"Cursed Tome","floor":20,"gold_loss":0}],"is_beta":false,"boss_relics":[{"not_picked":["Empty Cage","Velvet Choker"],"picked":"Black Star"}],"items_purged_floors":[],"is_endless":false,"potions_floor_spawned":[1,12,14,19,21,22],"killed_by":"Slavers","ascension_level":0}