{"gold_per_floor":[111,111,111,123,123,123,140,152,182,182,200,200,225,241,241,365,365,385,385,400,0,14,14,14],"floor_reached":24,"playtime":1424,"items_purged":["Pain"],"score":190,"play_id":"f357af9f-431b-47a2-9e61-c101c733c8c9","local_time":"20190809193224","is_ascension_mode":false,"campfire_choices":[{"data":"Shrug It Off","floor":6,"key":"SMITH"},{"data":"Inflame","floor":15,"key":"SMITH"},{"floor":23,"key":"DIG"}],"neow_cost":"NONE","seed_source_timestamp":2507361982530511,"circlet_count":0,"master_deck":["Strike_R","Strike_R+1","Strike_R","Strike_R+1","Strike_R","Defend_R","Defend_R","Defend_R","Bash","Shrug It Off+1","Twin Strike+1","Pommel Strike+1","Cleave+1","Inflame+1","Inflame","Injury","Bloodletting","Bloodletting","Reaper+1","Shame","Decay","Iron Wave+1","Impatience","PanicButton","Power Through","Rampage+1","Anger+1","Sword Boomerang+1"],"relics":["Burning Blood","NeowsBlessing","Molten Egg 2","Tiny Chest","Pear","Golden Idol","Calling Bell","Omamori","Meat on the Bone","Shovel","Shuriken","Anchor"],"potions_floor_usage":[13,16,24],"damage_taken":[{"damage":0,"enemies":"Jaw Worm","floor":1,"turns":1},{"damage":0,"enemies":"Small Slimes","floor":4,"turns":1},{"damage":0,"enemies":"2 Louse","floor":7,"turns":1},{"damage":1,"enemies":"2 Fungi Beasts","floor":8,"turns":3},{"damage":0,"enemies":"Exordium Wildlife","floor":11,"turns":3},{"damage":1,"enemies":"Lots of Slimes","floor":13,"turns":3},{"damage":12,"enemies":"Blue Slaver","floor":14,"turns":2},{"damage":47,"enemies":"The Guardian","floor":16,"turns":9},{"damage":50,"enemies":"3 Byrds","floor":18,"turns":6},{"damage":25,"enemies":"Chosen","floor":20,"turns":5},{"damage":23,"enemies":"Sentry and Sphere","floor":22,"turns":4},{"damage":31,"enemies":"Snake Plant","floor":24,"turns":3}],"seed_played":"4205937181252656691","potions_obtained":[{"floor":4,"key":"Dexterity Potion"},{"floor":7,"key":"Ancient Potion"},{"floor":11,"key":"EssenceOfSteel"},{"floor":16,"key":"Weak Potion"},{"floor":22,"key":"Swift Potion"}],"is_trial":false,"path_per_floor":["M","?","?","M","?","R","M","M","T","T","M","?","M","M","R","B",null,"M","?","M","$","M","R","M"],"character_chosen":"IRONCLAD","items_purchased":["Shuriken","Rampage+1","Anger+1"],"campfire_rested":0,"item_purchase_floors":[21,21,21],"current_hp_per_floor":[80,77,77,80,64,64,70,75,75,85,90,90,90,84,84,43,90,58,31,34,34,29,29,0],"gold":14,"neow_bonus":"THREE_ENEMY_KILL","is_prod":false,"is_daily":false,"chose_seed":false,"campfire_upgraded":2,"win_rate":0.0,"timestamp":1565397144,"path_taken":["M","?","?","M","?","R","M","M","T","?","M","?","M","M","R","BOSS","M","?","M","$","M","R","M"],"build_version":"2019-07-17","purchased_purges":1,"victory":false,"max_hp_per_floor":[80,80,80,80,80,80,80,80,80,90,90,90,90,90,90,90,90,90,90,90,90,90,90,90],"card_choices":[{"not_picked":["Flex","Sever Soul"],"picked":"Shrug It Off","floor":1},{"not_picked":["Heavy Blade+1","True Grit"],"picked":"Pommel Strike+1","floor":4},{"not_picked":["Whirlwind+1","Carnage+1"],"picked":"Cleave+1","floor":7},{"not_picked":["Ghostly Armor","Rupture"],"picked":"Inflame","floor":8},{"not_picked":["Flex","Iron Wave+1"],"picked":"Inflame","floor":11},{"not_picked":["Shockwave","Rampage+1"],"picked":"Bloodletting","floor":13},{"not_picked":["Second Wind","Rampage+1"],"picked":"Bloodletting","floor":14},{"not_picked":["Immolate+1","Berserk"],"picked":"Reaper+1","floor":16},{"not_picked":["Flex","Carnage+1"],"picked":"Iron Wave+1","floor":18},{"not_picked":["Sword Boomerang+1","Pommel Strike+1"],"picked":"Power Through","floor":20},{"not_picked":["Second Wind","Heavy Blade+1"],"picked":"Sword Boomerang+1","floor":22}],"player_experience":73849,"relics_obtained":[{"floor":9,"key":"Tiny Chest"},{"floor":10,"key":"Pear"},{"floor":17,"key":"Omamori"},{"floor":17,"key":"Meat on the Bone"},{"floor":17,"key":"Shovel"},{"floor":23,"key":"Anchor"}],"event_choices":[{"damage_healed":0,"gold_gain":0,"player_choice":"Success","damage_taken":3,"relics_obtained":["Molten Egg 2"],"max_hp_gain":0,"max_hp_loss":0,"event_name":"Scrap Ooze","floor":2,"gold_loss":0},{"damage_healed":0,"gold_gain":0,"cards_transformed":["Defend_R"],"player_choice":"Change","damage_taken":0,"max_hp_gain":0,"max_hp_loss":0,"event_name":"Living Wall","floor":3,"gold_loss":0,"cards_obtained":["Twin Strike"]},{"damage_healed":0,"gold_gain":0,"player_choice":"Entered Light","damage_taken":16,"max_hp_gain":0,"max_hp_loss":0,"event_name":"Shining Light","floor":5,"gold_loss":0,"cards_upgraded":["Strike_R","Strike_R"]},{"damage_healed":0,"gold_gain":0,"player_choice":"Take Wound","damage_taken":0,"relics_obtained":["Golden Idol"],"max_hp_gain":0,"max_hp_loss":0,"event_name":"Golden Idol","floor":12,"gold_loss":0,"cards_obtained":["Injury"]},{"damage_healed":0,"gold_gain":0,"player_choice":"CARD CARD ","damage_taken":27,"max_hp_gain":0,"max_hp_loss":0,"event_name":"Knowing Skull","floor":19,"potions_obtained":[],"gold_loss":0,"cards_obtained":["Impatience","PanicButton"]}],"is_beta":false,"boss_relics":[{"not_picked":["Mark of Pain","Tiny House"],"picked":"Calling Bell"}],"items_purged_floors":[21],"is_endless":false,"potions_floor_spawned":[4,7,11,16,22],"killed_by":"Snake Plant","ascension_level":0}