{"gold_per_floor":[19,33,33,33,47,47,82,82],"floor_reached":8,"playtime":429,"items_purged":[],"score":90,"play_id":"9941cca0-1f27-4384-a128-66c7d987f052","local_time":"20190421110838","is_ascension_mode":true,"campfire_choices":[{"floor":6,"key":"REST"}],"neow_cost":"NO_GOLD","seed_source_timestamp":426483606298788,"circlet_count":0,"master_deck":["AscendersBane","Strike_R","Strike_R","Strike_R","Strike_R","Strike_R","Defend_R","Defend_R","Defend_R","Defend_R","Bash","Bludgeon","Searing Blow","Uppercut","Evolve"],"relics":["Burning Blood","Golden Idol","Paper Frog","Kunai"],"potions_floor_usage":[7],"damage_taken":[{"damage":10,"enemies":"Jaw Worm","floor":1,"turns":5},{"damage":3,"enemies":"Small Slimes","floor":2,"turns":4},{"damage":6,"enemies":"2 Louse","floor":5,"turns":2},{"damage":30,"enemies":"3 Sentries","floor":7,"turns":9},{"damage":14,"enemies":"Large Slime","floor":8,"turns":4}],"seed_played":"8615370559884314396","potions_obtained":[{"floor":1,"key":"SpeedPotion"}],"is_trial":false,"path_per_floor":["M","M","?","?","M","R","E","M"],"character_chosen":"IRONCLAD","items_purchased":[],"campfire_rested":1,"item_purchase_floors":[],"current_hp_per_floor":[68,71,51,9,9,33,9,0],"gold":82,"neow_bonus":"THREE_RARE_CARDS","is_prod":false,"is_daily":false,"chose_seed":false,"campfire_upgraded":0,"win_rate":0,"timestamp":1555870118,"path_taken":["M","M","?","?","M","R","E","M"],"build_version":"2019-01-23","purchased_purges":0,"victory":false,"max_hp_per_floor":[80,80,80,80,80,80,80,80],"card_choices":[{"not_picked":["Offering","Immolate"],"picked":"Bludgeon","floor":0},{"not_picked":["Pommel Strike","Shrug It Off"],"picked":"Searing Blow","floor":1},{"not_picked":["Whirlwind","Clothesline"],"picked":"Uppercut","floor":2},{"not_picked":["Thunderclap","Anger"],"picked":"Evolve","floor":5},{"not_picked":["Fire Breathing","Clothesline","Cleave"],"picked":"SKIP","floor":7}],"player_experience":663009,"relics_obtained":[{"floor":7,"key":"Kunai"}],"event_choices":[{"damage_healed":0,"gold_gain":0,"player_choice":"Take Damage","damage_taken":20,"relics_obtained":["Golden Idol"],"max_hp_gain":0,"max_hp_loss":0,"event_name":"Golden Idol","floor":3,"gold_loss":0},{"damage_healed":0,"gold_gain":0,"player_choice":"Success","damage_taken":42,"relics_obtained":["Paper Frog"],"max_hp_gain":0,"max_hp_loss":0,"event_name":"Scrap Ooze","floor":4,"gold_loss":0}],"is_beta":false,"boss_relics":[],"items_purged_floors":[],"is_endless":false,"potions_floor_spawned":[1],"killed_by":"Large Slime","ascension_level":12}