{"gold_per_floor":[111,111,111,36,56,92,108,131,131,131,131,170,170,186,186,306,306,292,207,36,36,52,52,52],"floor_reached":24,"playtime":1676,"items_purged":["Strike_B","Strike_B"],"score":240,"play_id":"074246b5-1a74-434a-8c26-af109f0c81a2","local_time":"20190813130521","is_ascension_mode":true,"campfire_choices":[{"data":"Dualcast","floor":10.0,"key":"SMITH"},{"floor":13,"key":"REST"},{"data":"Coolheaded","floor":15,"key":"SMITH"},{"data":"Self Repair","floor":23,"key":"SMITH"}],"neow_cost":"NONE","seed_source_timestamp":193327928638890,"circlet_count":0,"master_deck":["Strike_B","Strike_B","Defend_B","Defend_B","Defend_B","Zap","Dualcast+1","Coolheaded+1","Coolheaded","Gash","Self Repair+1","Ball Lightning","Amplify","BootSequence+1","Capacitor","Leap+1"],"special_seed":0,"relics":["Cracked Core","NeowsBlessing","Bloody Idol","Matryoshka","Strawberry","Letter Opener","Black Star","Kunai"],"potions_floor_usage":[16,16,18],"damage_taken":[{"damage":0.0,"enemies":"2 Louse","floor":1.0,"turns":1.0},{"damage":0.0,"enemies":"Small Slimes","floor":5.0,"turns":1.0},{"damage":0.0,"enemies":"3 Sentries","floor":6.0,"turns":1.0},{"damage":0.0,"enemies":"Jaw Worm","floor":7.0,"turns":3.0},{"damage":15.0,"enemies":"Lots of Slimes","floor":8.0,"turns":5.0},{"damage":54,"enemies":"Gremlin Nob","floor":12,"turns":5},{"damage":4,"enemies":"Red Slaver","floor":14,"turns":4},{"damage":29,"enemies":"Hexaghost","floor":16,"turns":10},{"damage":29,"enemies":"2 Thieves","floor":18,"turns":4},{"damage":8,"enemies":"Shell Parasite","floor":22,"turns":10},{"damage":80,"enemies":"Book of Stabbing","floor":24,"turns":9}],"seed_played":"-4441712334734522002","potions_obtained":[{"floor":6.0,"key":"Dexterity Potion"},{"floor":12,"key":"Poison Potion"},{"floor":14,"key":"SkillPotion"},{"floor":16,"key":"Regen Potion"}],"is_trial":false,"path_per_floor":["M","?","?","$","M","E","M","M","T","R","?","E","R","M","R","B",null,"M","?","$","?","M","R","E"],"character_chosen":"DEFECT","items_purchased":["Capacitor"],"campfire_rested":1,"item_purchase_floors":[20],"current_hp_per_floor":[75,75,69,69,69,69,69,54,61,61,61,14,36,39,39,17,76,70,70,70,70,76,76,0],"gold":52,"neow_bonus":"THREE_ENEMY_KILL","is_prod":false,"is_daily":false,"chose_seed":false,"campfire_upgraded":3,"win_rate":0,"timestamp":1565719521,"path_taken":["M","?","?","$","M","E","M","M","T","R","?","E","R","M","R","BOSS","M","?","$","?","M","R","E"],"build_version":"2019-07-17","purchased_purges":2,"victory":false,"max_hp_per_floor":[75,75,69,69,69,69,69,69,76,76,76,76,76,76,76,76,76,76,76,76,76,76,76,76],"card_choices":[{"not_picked":["Rip and Tear","Sunder"],"picked":"Coolheaded","floor":1.0},{"not_picked":["Steam","Heatsinks"],"picked":"Coolheaded","floor":5.0},{"not_picked":["Hologram","Redo"],"picked":"Gash","floor":6.0},{"not_picked":["Reprogram","Blizzard","Force Field"],"picked":"SKIP","floor":7.0},{"not_picked":["Stack","Skim"],"picked":"Self Repair","floor":8.0},{"not_picked":["Blizzard","Seek"],"picked":"Ball Lightning","floor":12},{"not_picked":["Double Energy","Sunder","Ball Lightning"],"picked":"SKIP","floor":14},{"not_picked":["Buffer","Echo Form"],"picked":"Amplify","floor":16},{"not_picked":["Rebound","Streamline"],"picked":"BootSequence+1","floor":18},{"not_picked":["Conserve Battery","Heatsinks"],"picked":"Leap+1","floor":22}],"player_experience":115919,"relics_obtained":[{"floor":6.0,"key":"Matryoshka"},{"floor":9.0,"key":"Strawberry"},{"floor":12,"key":"Letter Opener"}],"event_choices":[{"damage_healed":0.0,"max_hp_gain":0.0,"max_hp_loss":0.0,"gold_gain":0.0,"event_name":"Shining Light","player_choice":"Ignored","floor":2.0,"gold_loss":0.0,"damage_taken":0.0},{"damage_healed":0.0,"max_hp_gain":0.0,"max_hp_loss":6.0,"gold_gain":0.0,"event_name":"Golden Idol","player_choice":"Lose Max HP","floor":3.0,"gold_loss":0.0,"damage_taken":0.0,"relics_obtained":["Golden Idol"]},{"cards_removed":["Defend_B"],"damage_healed":0.0,"max_hp_gain":0.0,"max_hp_loss":0.0,"gold_gain":0.0,"event_name":"Living Wall","player_choice":"Forget","floor":11.0,"gold_loss":0.0,"damage_taken":0.0},{"damage_healed":0,"gold_gain":0,"player_choice":"Obtained Relic","damage_taken":0,"relics_obtained":["Kunai"],"max_hp_gain":0,"max_hp_loss":0,"event_name":"Addict","floor":19,"gold_loss":85},{"damage_healed":0,"gold_gain":0,"player_choice":"Gave Idol","damage_taken":0,"relics_obtained":["Bloody Idol"],"max_hp_gain":0,"max_hp_loss":0,"event_name":"Forgotten Altar","floor":21,"relics_lost":["Golden Idol"],"gold_loss":0}],"is_beta":false,"boss_relics":[{"not_picked":["Nuclear Battery","Runic Dome"],"picked":"Black Star"}],"items_purged_floors":[4,20],"is_endless":false,"potions_floor_spawned":[6,12,14,16],"killed_by":"Book of Stabbing","ascension_level":1}