{"gold_per_floor":[361,361,382,382,403,403,422,422,422,34,59,77,77,91,91,212,212,227,227,227,252,152,152,187,187,187,205,4,4,27,477,477,477],"floor_reached":33,"playtime":1713,"items_purged":["Strike_R","Strike_R"],"score":333,"play_id":"031448b4-6279-4d26-9e70-48ba90267a31","local_time":"20181224154258","is_ascension_mode":true,"campfire_choices":[{"data":"Rampage","floor":6,"key":"SMITH"},{"data":"Dual Wield","floor":8,"key":"SMITH"},{"data":"Shrug It Off","floor":13,"key":"SMITH"},{"floor":15,"key":"REST"},{"data":"Bash","floor":23,"key":"SMITH"},{"floor":25,"key":"REST"},{"floor":32,"key":"REST"}],"neow_cost":"TEN_PERCENT_HP_LOSS","seed_source_timestamp":2977039075879,"circlet_count":0,"master_deck":["Strike_R","Strike_R","Strike_R","Defend_R","Defend_R","Defend_R","Defend_R","Bash+1","Rampage+1","Dual Wield+1","Shrug It Off+1","Necronomicurse"],"relics":["Burning Blood","Golden Idol","Shuriken","Bag of Preparation","Singing Bowl","Sozu","MutagenicStrength","Necronomicon","Incense Burner","Toxic Egg 2","Membership Card"],"potions_floor_usage":[7,12,12,24,24],"damage_taken":[{"damage":6,"enemies":"Cultist","floor":1,"turns":4},{"damage":6,"enemies":"2 Louse","floor":3,"turns":4},{"damage":2,"enemies":"Jaw Worm","floor":5,"turns":4},{"damage":0,"enemies":"Large Slime","floor":7,"turns":3},{"damage":6,"enemies":"3 Louse","floor":11,"turns":5},{"damage":13,"enemies":"Lots of Slimes","floor":12,"turns":5},{"damage":0,"enemies":"Blue Slaver","floor":14,"turns":5},{"damage":36,"enemies":"The Guardian","floor":16,"turns":12},{"damage":15,"enemies":"Chosen","floor":18,"turns":6},{"damage":5,"enemies":"3 Byrds","floor":21,"turns":6},{"damage":43,"enemies":"Gremlin Leader","floor":24,"turns":5},{"damage":1,"enemies":"3 Cultists","floor":27,"turns":4},{"damage":10,"enemies":"Chosen and Byrds","floor":30,"turns":5},{"damage":48,"enemies":"Champ","floor":33,"turns":6}],"seed_played":"-5531017450481204808","potions_obtained":[{"floor":1,"key":"AttackPotion"},{"floor":5,"key":"FearPotion"},{"floor":11,"key":"EssenceOfSteel"},{"floor":12,"key":"SneckoOil"},{"floor":16,"key":"Weak Potion"}],"is_trial":false,"path_per_floor":["M","?","M","?","M","R","M","R","T","$","M","M","R","M","R","B",null,"M","?","?","M","$","R","E","R","T","M","$","?","M","?","R","B"],"character_chosen":"IRONCLAD","items_purchased":["Singing Bowl","Shrug It Off","Membership Card"],"campfire_rested":3,"item_purchase_floors":[10,10,28],"current_hp_per_floor":[72,54,54,21,25,25,31,31,31,31,33,28,28,36,59,31,80,73,73,57,60,60,60,25,50,50,57,57,57,55,1,28,0],"gold":477,"neow_bonus":"TWO_FIFTY_GOLD","is_prod":false,"is_daily":false,"chose_seed":false,"campfire_upgraded":4,"win_rate":0,"timestamp":1545691378,"path_taken":["M","?","M","?","M","R","M","R","T","$","M","M","R","M","R","BOSS","M","?","?","M","$","R","E","R","T","M","$","?","M","?","R","BOSS"],"build_version":"2018-12-20","purchased_purges":2,"victory":false,"max_hp_per_floor":[72,72,72,72,72,72,72,72,72,72,74,76,76,78,78,80,80,82,82,82,84,84,84,86,86,86,88,88,88,90,90,90,90],"card_choices":[{"not_picked":["Pommel Strike","Rupture"],"picked":"Rampage","floor":1},{"not_picked":["Twin Strike","Wild Strike","Rupture"],"picked":"SKIP","floor":3},{"not_picked":["Metallicize","Headbutt","Evolve"],"picked":"SKIP","floor":5},{"not_picked":["Bloodletting","Searing Blow"],"picked":"Dual Wield","floor":7},{"not_picked":["Uppercut","Spot Weakness","True Grit"],"picked":"Singing Bowl","floor":11},{"not_picked":["Rupture","Heavy Blade","Havoc"],"picked":"Singing Bowl","floor":12},{"not_picked":["Combust","Fire Breathing","Havoc"],"picked":"Singing Bowl","floor":14},{"not_picked":["Brutality","Juggernaut","Immolate"],"picked":"Singing Bowl","floor":16},{"not_picked":["Searing Blow","Uppercut","Evolve+1"],"picked":"Singing Bowl","floor":18},{"not_picked":["Clothesline+1","Wild Strike","Sword Boomerang"],"picked":"Singing Bowl","floor":21},{"not_picked":["Flex","Perfected Strike+1","Headbutt"],"picked":"Singing Bowl","floor":24},{"not_picked":["Body Slam","Flex+1","Havoc+1"],"picked":"Singing Bowl","floor":27},{"not_picked":["Perfected Strike+1","Spot Weakness+1","Dark Embrace"],"picked":"Singing Bowl","floor":30}],"player_experience":190560,"relics_obtained":[{"floor":9,"key":"Bag of Preparation"},{"floor":20,"key":"Necronomicon"},{"floor":24,"key":"Incense Burner"},{"floor":26,"key":"Toxic Egg 2"}],"event_choices":[{"damage_healed":0,"gold_gain":0,"player_choice":"Take Damage","damage_taken":18,"relics_obtained":["Golden Idol"],"max_hp_gain":0,"max_hp_loss":0,"event_name":"Golden Idol","floor":2,"gold_loss":0},{"damage_healed":0,"gold_gain":0,"player_choice":"Success","damage_taken":33,"relics_obtained":["Shuriken"],"max_hp_gain":0,"max_hp_loss":0,"event_name":"Scrap Ooze","floor":4,"gold_loss":0},{"damage_healed":0,"gold_gain":0,"player_choice":"Inject Mutagens","damage_taken":0,"relics_obtained":["MutagenicStrength"],"max_hp_gain":0,"max_hp_loss":0,"event_name":"Drug Dealer","floor":19,"gold_loss":0},{"damage_healed":0,"gold_gain":0,"player_choice":"Obtained Book","damage_taken":16,"max_hp_gain":0,"max_hp_loss":0,"event_name":"Cursed Tome","floor":20,"gold_loss":0},{"damage_healed":0,"gold_gain":0,"player_choice":"Ignored","damage_taken":0,"max_hp_gain":0,"max_hp_loss":0,"event_name":"Vampires","floor":29,"gold_loss":0},{"damage_healed":0,"gold_gain":450,"player_choice":"GOLD GOLD GOLD GOLD GOLD ","damage_taken":54,"max_hp_gain":0,"max_hp_loss":0,"event_name":"Knowing Skull","floor":31,"potions_obtained":[],"gold_loss":0,"cards_obtained":[]}],"is_beta":false,"boss_relics":[{"not_picked":["Runic Cube","Cursed Key"],"picked":"Sozu"}],"items_purged_floors":[10,22],"is_endless":false,"potions_floor_spawned":[1,5,11,12,16,18,27],"killed_by":"Champ","ascension_level":4}