{"gold_per_floor":[114,124,13,24,36,36,36,52,52,67,67,96,96,130,130,230,230,241,255,170,80,91,121,121],"floor_reached":24,"playtime":3045,"items_purged":["Strike_G"],"score":253,"play_id":"50c023fc-2f6d-4712-85bc-346a5d24d626","local_time":"20181209140725","is_ascension_mode":false,"campfire_choices":[{"data":"Trip","floor":7,"key":"SMITH"},{"data":"Noxious Fumes","floor":15,"key":"SMITH"}],"neow_cost":"PERCENT_DAMAGE","seed_source_timestamp":411161217148756,"circlet_count":0,"master_deck":["Defend_G","Defend_G","Defend_G","Defend_G","Defend_G","Strike_G","Survivor","Neutralize+1","Trip+1","Outmaneuver","Well Laid Plans","Choke","Prepared","Heel Hook+1","Noxious Fumes+1","Backflip","Dodge and Roll","Bullet Time","Predator","Acrobatics+1"],"relics":["Ring of the Snake","Pantograph","Pear","Darkstone Periapt","Lantern","Whetstone","Empty Cage","Shuriken","Juzu Bracelet"],"potions_floor_usage":[14,23,23,24],"damage_taken":[{"damage":2,"enemies":"Small Slimes","floor":1,"turns":4},{"damage":0,"enemies":"Cultist","floor":2,"turns":4},{"damage":2,"enemies":"Jaw Worm","floor":4,"turns":5},{"damage":0,"enemies":"Blue Slaver","floor":5,"turns":6},{"damage":15,"enemies":"Lots of Slimes","floor":8,"turns":6},{"damage":15,"enemies":"Gremlin Gang","floor":10,"turns":7},{"damage":24,"enemies":"Lagavulin","floor":12,"turns":7},{"damage":14,"enemies":"3 Sentries","floor":14,"turns":7},{"damage":34,"enemies":"Slime Boss","floor":16,"turns":10},{"damage":23,"enemies":"Spheric Guardian","floor":18,"turns":7},{"damage":0,"enemies":"Shell Parasite","floor":19,"turns":5},{"damage":9,"enemies":"Snecko","floor":22,"turns":5},{"damage":52,"enemies":"Slavers","floor":23,"turns":7},{"damage":6,"enemies":"Centurion and Healer","floor":24,"turns":2}],"seed_played":"-3776338997761173780","potions_obtained":[{"floor":4,"key":"Energy Potion"},{"floor":8,"key":"AttackPotion"},{"floor":12,"key":"Regen Potion"},{"floor":14,"key":"Dexterity Potion"},{"floor":18,"key":"SkillPotion"},{"floor":22,"key":"Explosive Potion"}],"is_trial":false,"path_per_floor":["M","M","$","M","M","?","R","M","T","M","T","E","?","E","R","B",null,"M","M","?","?","M","E","M"],"character_chosen":"THE_SILENT","items_purchased":["Well Laid Plans"],"campfire_rested":0,"item_purchase_floors":[3],"current_hp_per_floor":[47,47,47,45,45,80,80,65,65,50,60,36,33,34,34,25,90,67,67,67,67,58,6,0],"gold":121,"neow_bonus":"RANDOM_COLORLESS_2","is_prod":false,"is_daily":false,"chose_seed":false,"campfire_upgraded":2,"win_rate":0.0,"timestamp":1544389645,"path_taken":["M","M","$","M","M","?","R","?","T","M","?","E","?","E","R","BOSS","M","M","?","?","M","E","M"],"build_version":"2018-12-06","purchased_purges":1,"victory":false,"max_hp_per_floor":[70,70,70,70,70,80,80,80,80,80,90,90,90,90,90,90,90,90,90,90,90,90,90,90],"card_choices":[{"not_picked":["Slice","Backflip"],"picked":"Outmaneuver","floor":1},{"not_picked":["Underhanded Strike","Dash","Poisoned Stab"],"picked":"SKIP","floor":2},{"not_picked":["Bane","Dagger Throw"],"picked":"Choke","floor":4},{"not_picked":["Bane","Dagger Throw"],"picked":"Prepared","floor":5},{"not_picked":["Underhanded Strike","Backflip"],"picked":"Heel Hook","floor":8},{"not_picked":["Expertise","Deadly Poison"],"picked":"Noxious Fumes","floor":10},{"not_picked":["Poisoned Stab","Adrenaline"],"picked":"Backflip","floor":12},{"not_picked":["Bouncing Flask","Blade Dance"],"picked":"Dodge and Roll","floor":14},{"not_picked":["Adrenaline","Tools of the Trade"],"picked":"Bullet Time","floor":16},{"not_picked":["Escape Plan","Masterful Stab"],"picked":"Predator","floor":18},{"not_picked":["Slice+1","Quick Slash"],"picked":"Acrobatics+1","floor":19},{"not_picked":["Finisher","Crippling Poison+1","Dagger Spray"],"picked":"SKIP","floor":22},{"not_picked":["Malaise","Dagger Spray","Phantasmal Killer"],"picked":"SKIP","floor":23}],"player_experience":24721,"relics_obtained":[{"floor":9,"key":"Pantograph"},{"floor":11,"key":"Pear"},{"floor":12,"key":"Darkstone Periapt"},{"floor":14,"key":"Whetstone"},{"floor":23,"key":"Juzu Bracelet"}],"event_choices":[{"cards_removed":["Thinking Ahead"],"damage_healed":25,"gold_gain":0,"player_choice":"Offered Rare","damage_taken":0,"max_hp_gain":10,"max_hp_loss":0,"event_name":"Bonfire Elementals","floor":6,"gold_loss":0},{"damage_healed":0,"gold_gain":0,"player_choice":"Success","damage_taken":3,"relics_obtained":["Lantern"],"max_hp_gain":0,"max_hp_loss":0,"event_name":"Scrap Ooze","floor":13,"gold_loss":0},{"damage_healed":0,"gold_gain":0,"player_choice":"Obtained Relic","damage_taken":0,"relics_obtained":["Shuriken"],"max_hp_gain":0,"max_hp_loss":0,"event_name":"Addict","floor":20,"gold_loss":85},{"cards_removed":["Strike_G"],"damage_healed":0,"gold_gain":0,"player_choice":"Upgrade and Remove","damage_taken":0,"max_hp_gain":0,"max_hp_loss":0,"event_name":"Designer","floor":21,"gold_loss":90,"cards_upgraded":["Heel Hook"]}],"is_beta":false,"boss_relics":[{"not_picked":["Busted Crown","WristBlade"],"picked":"Empty Cage"}],"items_purged_floors":[3],"is_endless":false,"potions_floor_spawned":[4,8,12,14,18,22],"killed_by":"Centurion and Healer","ascension_level":0}