{"gold_per_floor":[115,125,300,318,318,350,368,368,368,35,0,0],"floor_reached":12,"playtime":673,"items_purged":["Defend_R"],"score":78,"play_id":"ef3bf5a4-53d5-43aa-9d2e-4d0bc87eaba3","local_time":"20181209184314","is_ascension_mode":false,"campfire_choices":[{"floor":8,"key":"REST"}],"neow_cost":"NONE","seed_source_timestamp":430075022734374,"circlet_count":0,"master_deck":["Strike_R","Strike_R","Strike_R","Strike_R","Strike_R","Defend_R","Defend_R","Defend_R","Bash","Warcry","Bloodletting","Doubt","Headbutt","Iron Wave","Entrench","True Grit"],"relics":["Burning Blood","NeowsBlessing","Magic Flower","Ornamental Fan","Meat on the Bone","Frozen Eye"],"potions_floor_usage":[],"damage_taken":[{"damage":0,"enemies":"Cultist","floor":1,"turns":1},{"damage":0,"enemies":"2 Louse","floor":2,"turns":1},{"damage":0,"enemies":"Jaw Worm","floor":4,"turns":1},{"damage":52,"enemies":"3 Sentries","floor":6,"turns":9},{"damage":36,"enemies":"Gremlin Gang","floor":7,"turns":5},{"damage":59,"enemies":"Lagavulin","floor":12,"turns":8}],"seed_played":"-5912838588335568221","potions_obtained":[{"floor":1,"key":"Swift Potion"}],"is_trial":false,"path_per_floor":["M","M","?","M","?","E","M","R","T","$","?","E"],"character_chosen":"IRONCLAD","items_purchased":["Frozen Eye","True Grit"],"campfire_rested":1,"item_purchase_floors":[10,10],"current_hp_per_floor":[80,80,80,80,80,37,10,34,34,34,54,0],"gold":0,"neow_bonus":"THREE_ENEMY_KILL","is_prod":false,"is_daily":false,"chose_seed":false,"campfire_upgraded":0,"win_rate":0.0,"timestamp":1544406194,"path_taken":["M","?","?","M","?","E","?","R","T","$","?","E"],"build_version":"2018-12-06","purchased_purges":1,"victory":false,"max_hp_per_floor":[80,80,80,80,80,80,80,80,80,80,80,80],"card_choices":[{"not_picked":["Twin Strike","Ghostly Armor"],"picked":"Warcry","floor":1},{"not_picked":["Body Slam","Uppercut"],"picked":"Bloodletting","floor":2},{"not_picked":["Armaments","Body Slam"],"picked":"Headbutt","floor":4},{"not_picked":["Battle Trance","Thunderclap"],"picked":"Iron Wave","floor":6},{"not_picked":["Heavy Blade","Clash"],"picked":"Entrench","floor":7}],"player_experience":43395,"relics_obtained":[{"floor":6,"key":"Ornamental Fan"},{"floor":9,"key":"Meat on the Bone"}],"event_choices":[{"damage_healed":0,"gold_gain":175,"player_choice":"AGREE","damage_taken":0,"max_hp_gain":0,"max_hp_loss":0,"event_name":"Liars Game","floor":3,"gold_loss":0,"cards_obtained":["Doubt"]},{"damage_healed":0,"gold_gain":0,"player_choice":"Gave Potion","damage_taken":0,"relics_obtained":["Magic Flower"],"max_hp_gain":0,"max_hp_loss":0,"event_name":"WeMeetAgain","floor":5,"gold_loss":0},{"damage_healed":20,"gold_gain":0,"player_choice":"Healed","damage_taken":0,"max_hp_gain":0,"max_hp_loss":0,"event_name":"The Cleric","floor":11,"gold_loss":35}],"is_beta":false,"boss_relics":[],"items_purged_floors":[10],"is_endless":false,"potions_floor_spawned":[1],"killed_by":"Lagavulin","ascension_level":0}