{"gold_per_floor":[213,213,163,175,24,49,49,224,224,224,252,270,285,303,303,403,403,416,416,430,500,61,61,61],"floor_reached":24,"playtime":1624,"items_purged":["Strike_R","Doubt"],"score":326,"play_id":"7289e1bb-f4ae-45ee-96fd-3988db7426a0","local_time":"20190503193531","is_ascension_mode":true,"campfire_choices":[{"floor":7,"key":"REST"},{"data":"Rampage","floor":10,"key":"SMITH"},{"floor":15,"key":"REST"},{"floor":23,"key":"REST"}],"neow_cost":"NONE","seed_source_timestamp":305593214551348,"circlet_count":0,"master_deck":["AscendersBane","Strike_R","Strike_R","Strike_R","Strike_R","Defend_R","Defend_R","Defend_R","Bash","Thunderclap","Flame Barrier","Rampage+1","Burning Pact","Burning Pact","Metallicize","True Grit","Shrug It Off","Forethought","Armaments"],"relics":["Burning Blood","Bag of Marbles","Bag of Preparation","Happy Flower","Runic Pyramid","Nloth\u0027s Gift","Ornamental Fan","Frozen Eye"],"potions_floor_usage":[11,16,16,24],"damage_taken":[{"damage":3,"enemies":"2 Louse","floor":1,"turns":4},{"damage":12,"enemies":"Jaw Worm","floor":4,"turns":3},{"damage":32,"enemies":"Gremlin Nob","floor":6,"turns":4},{"damage":30,"enemies":"3 Sentries","floor":11,"turns":8},{"damage":1,"enemies":"Cultist","floor":12,"turns":3},{"damage":15,"enemies":"Exordium Thugs","floor":13,"turns":7},{"damage":10,"enemies":"Exordium Wildlife","floor":14,"turns":5},{"damage":51,"enemies":"The Guardian","floor":16,"turns":11},{"damage":35,"enemies":"2 Thieves","floor":18,"turns":5},{"damage":18,"enemies":"Spheric Guardian","floor":20,"turns":9},{"damage":61,"enemies":"Slavers","floor":24,"turns":5}],"seed_played":"9027875023633557792","potions_obtained":[{"floor":4,"key":"BloodPotion"},{"floor":6,"key":"Energy Potion"},{"floor":12,"key":"EntropicBrew"},{"floor":20,"key":"Dexterity Potion"}],"is_trial":false,"path_per_floor":["M","?","?","M","$","E","R","?","T","R","E","M","M","M","R","B",null,"M","?","M","T","$","R","E"],"character_chosen":"IRONCLAD","items_purchased":["Rampage","Forethought","Frozen Eye","Armaments"],"campfire_rested":3,"item_purchase_floors":[5,22,22,22],"current_hp_per_floor":[75,68,68,62,62,36,60,60,60,60,36,41,32,28,52,15,64,35,35,23,23,23,47,0],"gold":61,"neow_bonus":"HUNDRED_GOLD","is_prod":false,"is_daily":false,"chose_seed":false,"campfire_upgraded":1,"win_rate":0,"timestamp":1556937331,"path_taken":["M","?","?","M","$","E","R","?","T","R","E","M","?","M","R","BOSS","M","?","?","?","$","R","E"],"build_version":"2019-01-23","purchased_purges":2,"victory":false,"max_hp_per_floor":[80,80,80,80,80,80,80,80,80,80,80,80,80,80,80,80,80,80,80,80,80,80,80,80],"card_choices":[{"not_picked":["Body Slam","Anger"],"picked":"Thunderclap","floor":1},{"not_picked":["Armaments","Iron Wave"],"picked":"Flame Barrier","floor":4},{"not_picked":["Havoc","Bludgeon"],"picked":"Burning Pact","floor":6},{"not_picked":["Flame Barrier","Heavy Blade"],"picked":"Burning Pact","floor":11},{"not_picked":["Combust","Iron Wave"],"picked":"Metallicize","floor":12},{"not_picked":["Wild Strike","Twin Strike","Clash"],"picked":"SKIP","floor":13},{"not_picked":["Clothesline","Corruption"],"picked":"True Grit","floor":14},{"not_picked":["Pommel Strike","Cleave+1"],"picked":"Shrug It Off","floor":18},{"not_picked":["Flex","Wild Strike","Brutality"],"picked":"SKIP","floor":20}],"player_experience":667684,"relics_obtained":[{"floor":6,"key":"Bag of Preparation"},{"floor":9,"key":"Darkstone Periapt"},{"floor":11,"key":"Happy Flower"},{"floor":21,"key":"Ornamental Fan"}],"event_choices":[{"damage_healed":0,"gold_gain":0,"player_choice":"Success","damage_taken":7,"relics_obtained":["Bag of Marbles"],"max_hp_gain":0,"max_hp_loss":0,"event_name":"Scrap Ooze","floor":2,"gold_loss":0},{"cards_removed":["Defend_R"],"damage_healed":0,"gold_gain":0,"player_choice":"Card Removal","damage_taken":0,"max_hp_gain":0,"max_hp_loss":0,"event_name":"The Cleric","floor":3,"gold_loss":50},{"damage_healed":0,"gold_gain":175,"player_choice":"AGREE","damage_taken":0,"max_hp_gain":0,"max_hp_loss":0,"event_name":"Liars Game","floor":8,"gold_loss":0,"cards_obtained":["Doubt"]},{"damage_healed":0,"gold_gain":0,"player_choice":"Traded Relic","damage_taken":0,"relics_obtained":["Nloth\u0027s Gift"],"max_hp_gain":0,"max_hp_loss":0,"event_name":"N\u0027loth","floor":19,"relics_lost":["Darkstone Periapt"],"gold_loss":0}],"is_beta":false,"boss_relics":[{"not_picked":["Eternal Feather","Lizard Tail"],"picked":"Runic Pyramid"}],"items_purged_floors":[5,22],"is_endless":false,"potions_floor_spawned":[4,6,12,20],"killed_by":"Slavers","ascension_level":12}