{"gold_per_floor":[116,70,89,109,109,109,128,128,200,233,233,247,247,206,206,337,337,361,107,107,107,207,207],"floor_reached":23,"playtime":776,"items_purged":["Strike_B"],"score":252,"play_id":"298f08dd-b52a-41e3-8d97-891cbeccb21a","local_time":"20190428140231","is_ascension_mode":true,"campfire_choices":[{"data":"Coolheaded","floor":6,"key":"SMITH"},{"data":"Cold Snap","floor":8,"key":"SMITH"},{"data":"Dualcast","floor":11,"key":"SMITH"},{"floor":15,"key":"REST"}],"neow_cost":"NONE","seed_source_timestamp":1224276476887384,"circlet_count":0,"master_deck":["Strike_B","Strike_B","Strike_B","Defend_B","Defend_B","Defend_B","Defend_B+1","Zap+1","Dualcast+1","Ball Lightning","Cold Snap+1","Blizzard+1","Coolheaded+1","Reboot","Master of Strategy"],"relics":["Cracked Core","Gremlin Horn","Boot","Bloody Idol","Inserter","Enchiridion"],"potions_floor_usage":[16,16,18],"damage_taken":[{"damage":6,"enemies":"Cultist","floor":1,"turns":3},{"damage":5,"enemies":"2 Louse","floor":3,"turns":2},{"damage":7,"enemies":"Jaw Worm","floor":4,"turns":3},{"damage":0,"enemies":"2 Fungi Beasts","floor":7,"turns":3},{"damage":15,"enemies":"Gremlin Nob","floor":10,"turns":4},{"damage":0,"enemies":"Blue Slaver","floor":12,"turns":3},{"damage":21,"enemies":"Hexaghost","floor":16,"turns":11},{"damage":30,"enemies":"2 Thieves","floor":18,"turns":5},{"damage":21,"enemies":"Slavers","floor":23,"turns":1}],"seed_played":"-4692665979552176776","potions_obtained":[{"floor":3,"key":"SkillPotion"},{"floor":10,"key":"Energy Potion"},{"floor":16,"key":"PowerPotion"}],"is_trial":false,"path_per_floor":["M","$","M","M","?","R","M","R","T","E","R","M","?","?","R","B",null,"M","$","?","?","?","E"],"character_chosen":"DEFECT","items_purchased":["Cold Snap","Master of Strategy"],"campfire_rested":1,"item_purchase_floors":[2,19],"current_hp_per_floor":[62,62,57,50,35,35,35,35,35,20,20,20,2,2,24,3,57,27,27,27,11,16,0],"gold":207,"neow_bonus":"UPGRADE_CARD","is_prod":false,"is_daily":false,"chose_seed":false,"campfire_upgraded":3,"win_rate":0,"timestamp":1556452951,"path_taken":["M","?","?","M","?","R","M","R","T","E","R","M","?","?","R","BOSS","M","$","?","?","?","E"],"build_version":"2019-04-23","purchased_purges":1,"victory":false,"max_hp_per_floor":[75,75,75,75,75,75,75,75,75,75,75,75,75,75,75,75,75,75,75,75,75,75,75],"card_choices":[{"not_picked":["Leap","Compile Driver"],"picked":"Ball Lightning","floor":1},{"not_picked":["Rebound","Undo"],"picked":"Blizzard","floor":3},{"not_picked":["Conserve Battery","Stack"],"picked":"Coolheaded","floor":4},{"not_picked":["Storm","Lockon","Hologram"],"picked":"SKIP","floor":7},{"not_picked":["Self Repair","Redo","Skim"],"picked":"SKIP","floor":10},{"not_picked":["Conserve Battery","Stack","Sweeping Beam"],"picked":"SKIP","floor":12},{"not_picked":["Buffer","Fission"],"picked":"Reboot","floor":16},{"not_picked":["Hologram","Rebound","Conserve Battery+1"],"picked":"SKIP","floor":18}],"player_experience":520874,"relics_obtained":[{"floor":9,"key":"Gremlin Horn"},{"floor":10,"key":"Boot"},{"floor":21,"key":"Enchiridion"}],"event_choices":[{"damage_healed":0,"gold_gain":0,"player_choice":"Entered Light","damage_taken":15,"max_hp_gain":0,"max_hp_loss":0,"event_name":"Shining Light","floor":5,"gold_loss":0,"cards_upgraded":["Defend_B","Blizzard"]},{"damage_healed":0,"gold_gain":0,"player_choice":"Take Damage","damage_taken":18,"relics_obtained":["Golden Idol"],"max_hp_gain":0,"max_hp_loss":0,"event_name":"Golden Idol","floor":13,"gold_loss":0},{"damage_healed":0,"gold_gain":0,"player_choice":"Left Gold","damage_taken":0,"max_hp_gain":0,"max_hp_loss":0,"event_name":"World of Goop","floor":14,"gold_loss":41},{"damage_healed":0,"gold_gain":0,"player_choice":"Gave Idol","damage_taken":0,"relics_obtained":["Bloody Idol"],"max_hp_gain":0,"max_hp_loss":0,"event_name":"Forgotten Altar","floor":20,"relics_lost":["Golden Idol"],"gold_loss":0},{"damage_healed":0,"gold_gain":0,"player_choice":"Obtained Book","damage_taken":16,"max_hp_gain":0,"max_hp_loss":0,"event_name":"Cursed Tome","floor":21,"gold_loss":0},{"damage_healed":0,"gold_gain":100,"player_choice":"Pray","damage_taken":0,"max_hp_gain":0,"max_hp_loss":0,"event_name":"Golden Shrine","floor":22,"gold_loss":0}],"is_beta":true,"boss_relics":[{"not_picked":["Eternal Feather","Philosopher\u0027s Stone"],"picked":"Inserter"}],"items_purged_floors":[19],"is_endless":false,"potions_floor_spawned":[3,10,16],"killed_by":"Slavers","ascension_level":7}