{"gold_per_floor":[116,131,131,131,141,141,169,186,186,201,201,201,235,250,250,375,375,391,407,53,73,0,0,39,39,39,55,55],"floor_reached":28,"playtime":1920,"items_purged":["Strike_R"],"score":400,"play_id":"02d192fb-0f93-44f0-a42b-7bf2d17c2f33","local_time":"20190511085917","is_ascension_mode":true,"campfire_choices":[{"data":"Offering","floor":6,"key":"SMITH"},{"floor":12,"key":"REST"},{"floor":15,"key":"REST"},{"floor":23,"key":"REST"},{"floor":25,"key":"REST"}],"neow_cost":"PERCENT_DAMAGE","seed_source_timestamp":90076619032617,"circlet_count":0,"master_deck":["AscendersBane","Strike_R","Strike_R","Strike_R","Defend_R","Defend_R","Defend_R","Defend_R","Bash","Offering+1","Headbutt","Battle Trance","Carnage","Clothesline","Fire Breathing","Entrench","Limit Break","Ghostly Armor+1","Armaments","Warcry+1","Cleave+1","Havoc+1","Flame Barrier+1"],"relics":["Burning Blood","Smiling Mask","Matryoshka","Golden Idol","Du-Vu Doll","Snecko Eye","Toxic Egg 2","Molten Egg 2","Blood Vial","Paper Frog"],"potions_floor_usage":[7,16,16,21,24],"damage_taken":[{"damage":9,"enemies":"Small Slimes","floor":1,"turns":5},{"damage":6,"enemies":"Jaw Worm","floor":2,"turns":4},{"damage":6,"enemies":"Cultist","floor":5,"turns":2},{"damage":31,"enemies":"Lagavulin","floor":7,"turns":6},{"damage":8,"enemies":"Looter","floor":8,"turns":3},{"damage":2,"enemies":"2 Fungi Beasts","floor":10,"turns":5},{"damage":31,"enemies":"3 Sentries","floor":13,"turns":6},{"damage":7,"enemies":"Exordium Wildlife","floor":14,"turns":4},{"damage":35,"enemies":"Slime Boss","floor":16,"turns":9},{"damage":7,"enemies":"Spheric Guardian","floor":18,"turns":3},{"damage":7,"enemies":"2 Thieves","floor":19,"turns":4},{"damage":39,"enemies":"Snake Plant","floor":21,"turns":5},{"damage":37,"enemies":"Gremlin Leader","floor":24,"turns":6},{"damage":13,"enemies":"Chosen and Byrds","floor":27,"turns":3},{"damage":48,"enemies":"Slavers","floor":28,"turns":2}],"seed_played":"9025133966429966756","potions_obtained":[{"floor":1,"key":"Fire Potion"},{"floor":7,"key":"LiquidBronze"},{"floor":13,"key":"SkillPotion"},{"floor":19,"key":"Poison Potion"},{"floor":21,"key":"Poison Potion"}],"is_trial":false,"path_per_floor":["M","M","?","?","M","R","E","M","T","M","?","R","E","M","R","B",null,"M","M","$","M","?","R","E","R","T","M","E"],"character_chosen":"IRONCLAD","items_purchased":["Toxic Egg 2","Warcry+1"],"campfire_rested":4,"item_purchase_floors":[20,20],"current_hp_per_floor":[48,48,53,53,53,53,28,26,26,30,30,53,28,27,50,21,65,64,63,63,30,30,53,22,45,45,40,0],"gold":55,"neow_bonus":"THREE_RARE_CARDS","is_prod":false,"is_daily":false,"chose_seed":false,"campfire_upgraded":1,"win_rate":0,"timestamp":1557590357,"path_taken":["M","M","?","?","M","R","E","?","T","M","?","R","E","M","R","BOSS","M","M","$","M","?","R","E","R","T","M","E"],"build_version":"2019-01-23","purchased_purges":1,"victory":false,"max_hp_per_floor":[80,80,85,85,85,85,85,85,85,85,79,79,79,79,79,79,79,79,79,79,79,79,79,79,79,79,79,79],"card_choices":[{"not_picked":["Berserk","Dark Embrace"],"picked":"Offering","floor":0},{"not_picked":["Corruption","Clothesline"],"picked":"Headbutt","floor":1},{"not_picked":["Clothesline","Perfected Strike","Thunderclap"],"picked":"SKIP","floor":2},{"not_picked":["Sword Boomerang","Clothesline","Pummel"],"picked":"SKIP","floor":5},{"not_picked":["Body Slam","Corruption"],"picked":"Battle Trance","floor":7},{"not_picked":["Perfected Strike","Wild Strike"],"picked":"Carnage","floor":8},{"not_picked":["Flex","Thunderclap"],"picked":"Clothesline","floor":10},{"not_picked":["Battle Trance","Cleave"],"picked":"Fire Breathing","floor":13},{"not_picked":["Havoc","Power Through"],"picked":"Entrench","floor":14},{"not_picked":["Double Tap","Dark Embrace"],"picked":"Limit Break","floor":16},{"not_picked":["Havoc","Power Through"],"picked":"Ghostly Armor+1","floor":18},{"not_picked":["Entrench+1","Clothesline"],"picked":"Armaments","floor":19},{"not_picked":["Uppercut","Sword Boomerang"],"picked":"Cleave+1","floor":21},{"not_picked":["Battle Trance+1","Clothesline+1"],"picked":"Havoc+1","floor":24},{"not_picked":["Headbutt+1","Sentinel+1"],"picked":"Flame Barrier+1","floor":27}],"player_experience":676569,"relics_obtained":[{"floor":7,"key":"Smiling Mask"},{"floor":9,"key":"Matryoshka"},{"floor":13,"key":"Du-Vu Doll"},{"floor":24,"key":"Molten Egg 2"},{"floor":26,"key":"Blood Vial"},{"floor":26,"key":"Paper Frog"}],"event_choices":[{"damage_healed":0,"gold_gain":0,"player_choice":"Donut","damage_taken":0,"max_hp_gain":5,"max_hp_loss":0,"event_name":"Big Fish","floor":3,"gold_loss":0},{"cards_removed":["Strike_R"],"damage_healed":0,"gold_gain":0,"player_choice":"Offered Basic","damage_taken":0,"max_hp_gain":0,"max_hp_loss":0,"event_name":"Bonfire Elementals","floor":4,"gold_loss":0},{"damage_healed":0,"gold_gain":0,"player_choice":"Lose Max HP","damage_taken":0,"relics_obtained":["Golden Idol"],"max_hp_gain":0,"max_hp_loss":6,"event_name":"Golden Idol","floor":11,"gold_loss":0},{"damage_healed":0,"gold_gain":0,"player_choice":"Paid Fearfully","damage_taken":0,"max_hp_gain":0,"max_hp_loss":0,"event_name":"Masked Bandits","floor":22,"gold_loss":73}],"is_beta":false,"boss_relics":[{"not_picked":["Runic Pyramid","Astrolabe"],"picked":"Snecko Eye"}],"items_purged_floors":[20],"is_endless":false,"potions_floor_spawned":[1,7,13,14,19,21],"killed_by":"Slavers","ascension_level":12}