{"gold_per_floor":[112,132,132,132,147,178,178,65,118,118,68,68,68,68,68,164,164,182,156,175,191,191,191],"floor_reached":23,"playtime":1200,"items_purged":[],"score":189,"play_id":"1bd2688e-b705-44cd-ab9c-a66888e68796","local_time":"20190808095709","is_ascension_mode":false,"campfire_choices":[{"floor":7,"key":"REST"},{"data":"Bash","floor":10,"key":"SMITH"},{"data":"Carnage","floor":12,"key":"SMITH"},{"floor":15,"key":"REST"}],"neow_cost":"","seed_source_timestamp":50589262791210,"circlet_count":0,"master_deck":["Strike_R","Strike_R","Strike_R","Strike_R+1","Defend_R+1","Defend_R","Defend_R","Defend_R","Bash+1","Carnage+1","Corruption","Offering","Whirlwind","Battle Trance","Shrug It Off","Dark Embrace","Anger","Pommel Strike+1"],"relics":["Burning Blood","Pen Nib","Bag of Preparation","Runic Pyramid","MutagenicStrength"],"potions_floor_usage":[20],"damage_taken":[{"damage":1,"enemies":"Cultist","floor":1,"turns":4},{"damage":5,"enemies":"2 Louse","floor":2,"turns":2},{"damage":2,"enemies":"Small Slimes","floor":5,"turns":3},{"damage":34,"enemies":"Gremlin Nob","floor":6,"turns":5},{"damage":39,"enemies":"The Guardian","floor":16,"turns":12},{"damage":4,"enemies":"Chosen","floor":18,"turns":4},{"damage":30,"enemies":"2 Thieves","floor":19,"turns":5},{"damage":42,"enemies":"Snake Plant","floor":20,"turns":4},{"damage":15,"enemies":"Centurion and Healer","floor":21,"turns":4},{"damage":32,"enemies":"Gremlin Leader","floor":23,"turns":4}],"seed_played":"-6337000464382688951","potions_obtained":[{"floor":5,"key":"BloodPotion"},{"floor":6,"key":"Ancient Potion"},{"floor":18,"key":"LiquidBronze"}],"is_trial":false,"path_per_floor":["M","M","?","?","M","E","R","$","T","R","$","R","?","$","R","B",null,"M","M","M","M","?","E"],"character_chosen":"IRONCLAD","items_purchased":["Whirlwind","Battle Trance","Shrug It Off"],"campfire_rested":2,"item_purchase_floors":[8,8,11],"current_hp_per_floor":[80,80,64,64,68,40,64,64,64,64,64,64,64,64,80,47,80,80,56,40,31,31,0],"gold":191,"neow_bonus":"","is_prod":false,"is_daily":false,"chose_seed":false,"campfire_upgraded":2,"win_rate":0.0,"timestamp":1565272629,"path_taken":["M","M","?","?","M","E","R","$","T","R","$","R","?","?","R","BOSS","M","M","M","M","?","E"],"build_version":"2019-07-17","purchased_purges":0,"victory":false,"max_hp_per_floor":[80,80,80,80,80,80,80,80,80,80,80,80,80,80,80,80,80,80,80,80,80,80,80],"card_choices":[{"not_picked":["Flex","Armaments"],"picked":"Carnage","floor":1},{"not_picked":["Intimidate","Flex","Headbutt"],"picked":"SKIP","floor":2},{"not_picked":["Sword Boomerang","Sever Soul"],"picked":"Corruption","floor":5},{"not_picked":["Rampage","Dark Embrace"],"picked":"Offering","floor":6},{"not_picked":["Impervious","Juggernaut"],"picked":"Dark Embrace","floor":16},{"not_picked":["Intimidate","Dual Wield","Clash+1"],"picked":"SKIP","floor":18},{"not_picked":["Sword Boomerang","Corruption"],"picked":"Anger","floor":19},{"not_picked":["Clash","Perfected Strike","Headbutt"],"picked":"SKIP","floor":20},{"not_picked":["Headbutt","Feed"],"picked":"Pommel Strike+1","floor":21}],"player_experience":0,"relics_obtained":[{"floor":6,"key":"Pen Nib"},{"floor":9,"key":"Bag of Preparation"}],"event_choices":[{"damage_healed":0,"gold_gain":0,"player_choice":"Entered Light","damage_taken":16,"max_hp_gain":0,"max_hp_loss":0,"event_name":"Shining Light","floor":3,"gold_loss":0,"cards_upgraded":["Strike_R","Defend_R"]},{"damage_healed":0,"gold_gain":0,"player_choice":"Ignored","damage_taken":0,"max_hp_gain":0,"max_hp_loss":0,"event_name":"Golden Idol","floor":4,"gold_loss":0},{"cards_removed":["Strike_R"],"damage_healed":0,"gold_gain":0,"player_choice":"Forget","damage_taken":0,"max_hp_gain":0,"max_hp_loss":0,"event_name":"Living Wall","floor":13,"gold_loss":0},{"damage_healed":0,"gold_gain":0,"player_choice":"Inject Mutagens","damage_taken":0,"relics_obtained":["MutagenicStrength"],"max_hp_gain":0,"max_hp_loss":0,"event_name":"Drug Dealer","floor":22,"gold_loss":0}],"is_beta":false,"boss_relics":[{"not_picked":["Fusion Hammer","Ectoplasm"],"picked":"Runic Pyramid"}],"items_purged_floors":[],"is_endless":false,"potions_floor_spawned":[5,6,18,19],"killed_by":"Gremlin Leader","ascension_level":0}