{"gold_per_floor":[111,36,55,55,70,100,100,131,131,131,156,156,172,192,192,290,290,301,316,316,9,21,51,51,76,102,102],"floor_reached":27,"playtime":1504,"items_purged":["Defend_B"],"score":312,"play_id":"5a2fd194-d475-4e0f-bf90-abe909c7f626","local_time":"20190109225246","is_ascension_mode":true,"campfire_choices":[{"data":"Coolheaded","floor":7,"key":"SMITH"},{"floor":10,"key":"REST"},{"floor":12,"key":"REST"},{"floor":15,"key":"RECALL"},{"data":"Fission","floor":24,"key":"SMITH"}],"neow_cost":"NONE","seed_source_timestamp":13757485818274,"circlet_count":0,"master_deck":["Strike_B","Strike_B","Strike_B","Strike_B","Defend_B","Defend_B","Defend_B","Zap","Dualcast","Coolheaded","Cold Snap","Coolheaded+1","Go for the Eyes+1","Sunder+1","Machine Learning+1","Defragment+1","Hello World+1","Machine Learning+1","Gash+1","Leap+1","Coolheaded","Fission+1","Static Discharge+1","Clumsy"],"relics":["Cracked Core","NeowsBlessing","Molten Egg 2","Mummified Hand","Unceasing Top","Matryoshka","Frozen Egg 2","Cursed Key","Calipers","Blood Vial","Lantern","Sundial"],"potions_floor_usage":[23],"damage_taken":[{"damage":0,"enemies":"2 Louse","floor":1,"turns":1},{"damage":0,"enemies":"Cultist","floor":3,"turns":1},{"damage":0,"enemies":"Jaw Worm","floor":5,"turns":1},{"damage":42,"enemies":"Lagavulin","floor":6,"turns":9},{"damage":25,"enemies":"Gremlin Nob","floor":8,"turns":5},{"damage":21,"enemies":"3 Sentries","floor":11,"turns":7},{"damage":2,"enemies":"2 Fungi Beasts","floor":13,"turns":2},{"damage":1,"enemies":"Blue Slaver","floor":14,"turns":4},{"damage":3,"enemies":"Hexaghost","floor":16,"turns":11},{"damage":0,"enemies":"3 Byrds","floor":18,"turns":5},{"damage":10,"enemies":"2 Thieves","floor":19,"turns":3},{"damage":13,"enemies":"Snake Plant","floor":22,"turns":3},{"damage":24,"enemies":"Book of Stabbing","floor":23,"turns":5},{"damage":1,"enemies":"Gremlin Leader","floor":25,"turns":7},{"damage":43,"enemies":"Slavers","floor":27,"turns":1}],"seed_played":"-755888975807501696","potions_obtained":[{"floor":3,"key":"Regen Potion"},{"floor":5,"key":"PowerPotion"},{"floor":6,"key":"Ancient Potion"},{"floor":11,"key":"Regen Potion"},{"floor":25,"key":"Explosive Potion"}],"is_trial":false,"path_per_floor":["M","$","M","?","M","E","R","E","T","R","E","R","M","M","R","B",null,"M","M","?","$","M","E","R","E","T","E"],"character_chosen":"DEFECT","items_purchased":["Calipers"],"campfire_rested":2,"item_purchase_floors":[21],"current_hp_per_floor":[75,75,75,75,75,33,33,8,8,30,9,31,29,28,28,25,75,75,65,65,65,52,40,40,41,41,0],"gold":102,"neow_bonus":"THREE_ENEMY_KILL","is_prod":false,"is_daily":false,"chose_seed":false,"campfire_upgraded":2,"win_rate":0,"timestamp":1547099566,"path_taken":["M","$","M","?","?","E","R","E","T","R","E","R","M","M","R","BOSS","M","M","?","$","M","E","R","E","T","E"],"build_version":"2019-01-03v4","purchased_purges":1,"victory":false,"max_hp_per_floor":[75,75,75,75,75,75,75,75,75,75,75,75,75,75,75,75,75,75,75,75,75,75,75,75,75,75,75],"card_choices":[{"not_picked":["Go for the Eyes","Chill"],"picked":"Coolheaded","floor":1},{"not_picked":["Sweeping Beam","Melter"],"picked":"Cold Snap","floor":3},{"not_picked":["Redo","Go for the Eyes+1"],"picked":"Coolheaded","floor":5},{"not_picked":["Ball Lightning+1","Steam"],"picked":"Go for the Eyes+1","floor":6},{"not_picked":["Compile Driver+1","Ball Lightning+1"],"picked":"Sunder+1","floor":8},{"not_picked":["Hologram","Static Discharge"],"picked":"Machine Learning","floor":11},{"not_picked":["Double Energy","Coolheaded"],"picked":"Defragment+1","floor":13},{"not_picked":["Aggregate","Ball Lightning+1"],"picked":"Hello World+1","floor":14},{"not_picked":["Core Surge+1","Thunder Strike+1"],"picked":"Machine Learning+1","floor":16},{"not_picked":["Turbo","Cold Snap+1"],"picked":"Gash+1","floor":18},{"not_picked":["Steam Power+1","Auto Shields+1"],"picked":"Leap+1","floor":19},{"not_picked":["Steam","Rebound+1"],"picked":"Coolheaded","floor":22},{"not_picked":["Chaos","Coolheaded"],"picked":"Fission","floor":23},{"not_picked":["Tempest","Cold Snap+1"],"picked":"Static Discharge+1","floor":25}],"player_experience":276997,"relics_obtained":[{"floor":6,"key":"Mummified Hand"},{"floor":8,"key":"Unceasing Top"},{"floor":9,"key":"Matryoshka"},{"floor":11,"key":"Frozen Egg 2"},{"floor":23,"key":"Blood Vial"},{"floor":25,"key":"Lantern"},{"floor":26,"key":"Sundial"}],"event_choices":[{"damage_healed":0,"gold_gain":0,"player_choice":"Gave Potion","damage_taken":0,"relics_obtained":["Molten Egg 2"],"max_hp_gain":0,"max_hp_loss":0,"event_name":"WeMeetAgain","floor":4,"gold_loss":0},{"damage_healed":0,"gold_gain":0,"player_choice":"Ignored","damage_taken":0,"max_hp_gain":0,"max_hp_loss":0,"event_name":"Beggar","floor":20,"gold_loss":0}],"is_beta":false,"boss_relics":[{"not_picked":["Eternal Feather","Ectoplasm"],"picked":"Cursed Key"}],"items_purged_floors":[2],"is_endless":false,"potions_floor_spawned":[3,5,6,11,19,25],"killed_by":"Slavers","ascension_level":3}