{"gold_per_floor":[115,3,3,18,34,34,65,95,175,175,75,100,100,100,100,220,220,244,343,358,376,225,256,171,171,171,186,186,36,77,4,4,125,125,140,198,214,238,1237,1237,1237,1261,1285,1299,212,225,25,25,25,25],"floor_reached":51,"playtime":4995,"items_purged":["Bash","Strike_R","Strike_R","Strike_R","Strike_R","Normality"],"score":726,"play_id":"70f55053-9314-431d-8d28-57571a972a07","local_time":"20181210170227","is_ascension_mode":false,"campfire_choices":[{"data":"Uppercut","floor":6,"key":"SMITH"},{"data":"Limit Break","floor":13,"key":"SMITH"},{"data":"Headbutt","floor":15,"key":"SMITH"},{"data":"True Grit","floor":25,"key":"SMITH"},{"data":"Metallicize","floor":28,"key":"SMITH"},{"data":"Double Tap","floor":32,"key":"SMITH"},{"data":"Dual Wield","floor":40,"key":"SMITH"},{"data":"Bandage Up","floor":41,"key":"SMITH"},{"floor":49,"key":"REST"}],"neow_cost":"PERCENT_DAMAGE","seed_source_timestamp":506063070059426,"circlet_count":0,"master_deck":["Defend_R","Violence","Bandage Up+1","Uppercut+1","Metallicize+1","Headbutt+1","Limit Break+1","Dropkick","Dropkick","Double Tap+1","Spot Weakness+1","True Grit+1","Warcry","Rampage+1","Exhume","Demon Form+1","Whirlwind+1","Uppercut+1","Dual Wield+1","Normality","Thinking Ahead","PanicButton","Apotheosis","Good Instincts"],"relics":["Burning Blood","WingedGreaves","Anchor","Question Card","Potion Belt","Golden Idol","Busted Crown","PreservedInsect","Pear","Bottled Tornado","Centennial Puzzle","Astrolabe","Bird Faced Urn","Strawberry","Ancient Tea Set","Bronze Scales","Toolbox"],"potions_floor_usage":[8,8,18,23,23,33,33,44,46,50,50,50],"damage_taken":[{"damage":1,"enemies":"Cultist","floor":1,"turns":3},{"damage":1,"enemies":"2 Louse","floor":4,"turns":4},{"damage":5,"enemies":"Small Slimes","floor":5,"turns":4},{"damage":20,"enemies":"Lagavulin","floor":7,"turns":7},{"damage":6,"enemies":"Gremlin Nob","floor":8,"turns":3},{"damage":12,"enemies":"3 Sentries","floor":12,"turns":7},{"damage":28,"enemies":"Hexaghost","floor":16,"turns":9},{"damage":22,"enemies":"Spheric Guardian","floor":18,"turns":5},{"damage":16,"enemies":"3 Byrds","floor":20,"turns":6},{"damage":42,"enemies":"Cultist and Chosen","floor":21,"turns":6},{"damage":23,"enemies":"Book of Stabbing","floor":23,"turns":4},{"damage":3,"enemies":"3 Cultists","floor":27,"turns":4},{"damage":13,"enemies":"Gremlin Leader","floor":30,"turns":5},{"damage":38,"enemies":"Automaton","floor":33,"turns":6},{"damage":23,"enemies":"3 Shapes","floor":35,"turns":4},{"damage":64,"enemies":"2 Orb Walkers","floor":36,"turns":4},{"damage":5,"enemies":"Orb Walker","floor":37,"turns":3},{"damage":26,"enemies":"4 Shapes","floor":38,"turns":4},{"damage":25,"enemies":"3 Darklings","floor":42,"turns":3},{"damage":13,"enemies":"Maw","floor":44,"turns":7},{"damage":35,"enemies":"Transient","floor":46,"turns":5},{"damage":48,"enemies":"Awakened One","floor":50,"turns":7}],"seed_played":"4618688379728046580","potions_obtained":[{"floor":1,"key":"Energy Potion"},{"floor":7,"key":"Strength Potion"},{"floor":8,"key":"SpeedPotion"},{"floor":20,"key":"PowerPotion"},{"floor":21,"key":"GamblersBrew"},{"floor":30,"key":"Fruit Juice"},{"floor":36,"key":"Weak Potion"},{"floor":38,"key":"Swift Potion"},{"floor":46,"key":"FearPotion"}],"is_trial":false,"path_per_floor":["M","$","?","M","M","R","E","E","T","?","$","E","R","?","R","B",null,"M","?","M","M","$","E","?","R","T","M","R","$","E","$","R","B",null,"M","?","M","M","?","R","R","M","T","M","$","M","$","?","R","B",null],"character_chosen":"IRONCLAD","items_purchased":["Metallicize","True Grit","Regen Potion","Thinking Ahead","Ancient Tea Set","Bronze Scales","Toolbox","BloodPotion","AttackPotion","SneckoOil"],"campfire_rested":1,"item_purchase_floors":[2,22,31,45,45,45,45,45,45,45],"current_hp_per_floor":[65,65,65,74,79,79,69,73,73,78,78,76,76,55,55,37,85,69,69,63,31,31,18,28,28,28,35,35,35,32,32,32,24,100,91,37,48,38,38,38,38,19,26,35,35,24,24,14,46,26],"gold":25,"neow_bonus":"RANDOM_COLORLESS_2","is_prod":false,"is_daily":false,"chose_seed":false,"campfire_upgraded":8,"win_rate":0.0,"timestamp":1544486547,"path_taken":["M","$","?","M","M","R","E","E","T","?","$","E","R","?","R","BOSS","M","?","M","M","$","E","?","R","T","M","R","$","E","$","R","BOSS","M","?","M","M","?","R","R","M","T","M","$","M","$","?","R","BOSS"],"build_version":"2018-12-06","purchased_purges":6,"victory":true,"max_hp_per_floor":[80,80,80,80,80,80,80,80,80,85,85,85,85,85,85,85,85,85,85,85,85,85,85,95,95,95,95,95,95,95,95,95,100,100,100,100,100,100,100,100,100,100,107,107,107,107,107,107,107,107],"card_choices":[{"not_picked":["Sever Soul","Burning Pact"],"picked":"Uppercut","floor":1},{"not_picked":["Sword Boomerang","Clash"],"picked":"Headbutt","floor":4},{"not_picked":["Clothesline","Heavy Blade","Burning Pact"],"picked":"SKIP","floor":5},{"not_picked":["Warcry","Iron Wave"],"picked":"Limit Break","floor":7},{"not_picked":["Hemokinesis","Armaments"],"picked":"Dropkick","floor":8},{"not_picked":["Cleave","Wild Strike","Armaments"],"picked":"Dropkick","floor":12},{"not_picked":["Immolate","Fiend Fire","Dark Embrace"],"picked":"Double Tap","floor":16},{"not_picked":["Perfected Strike","Sword Boomerang"],"picked":"SKIP","floor":18},{"not_picked":["Perfected Strike","Ghostly Armor"],"picked":"SKIP","floor":20},{"not_picked":["Ghostly Armor"],"picked":"Spot Weakness+1","floor":21},{"not_picked":["Wild Strike+1","Clash+1"],"picked":"SKIP","floor":23},{"not_picked":["Sword Boomerang"],"picked":"Warcry","floor":27},{"not_picked":["Warcry"],"picked":"Rampage+1","floor":30},{"not_picked":["Dark Embrace"],"picked":"Exhume","floor":33},{"not_picked":["Burning Pact"],"picked":"Dual Wield","floor":35},{"not_picked":["Dropkick","Clothesline"],"picked":"SKIP","floor":37},{"not_picked":["Ghostly Armor","Wild Strike+1"],"picked":"SKIP","floor":38},{"not_picked":["Flex+1","Power Through"],"picked":"SKIP","floor":42},{"not_picked":["Havoc+1","Clash"],"picked":"SKIP","floor":44},{"not_picked":["Entrench","Clash"],"picked":"SKIP","floor":46},{"not_picked":["Trip"],"picked":"PanicButton","floor":48},{"not_picked":["Panacea"],"picked":"Apotheosis","floor":48},{"not_picked":["Purity"],"picked":"Good Instincts","floor":48}],"player_experience":53733,"relics_obtained":[{"floor":7,"key":"WingedGreaves"},{"floor":8,"key":"Anchor"},{"floor":9,"key":"Question Card"},{"floor":12,"key":"Potion Belt"},{"floor":23,"key":"PreservedInsect"},{"floor":26,"key":"Bottled Tornado"},{"floor":30,"key":"Centennial Puzzle"},{"floor":36,"key":"Bird Faced Urn"},{"floor":43,"key":"Strawberry"}],"event_choices":[{"cards_removed":["Strike_R"],"damage_healed":0,"gold_gain":0,"player_choice":"Forget","damage_taken":0,"max_hp_gain":0,"max_hp_loss":0,"event_name":"Living Wall","floor":3,"gold_loss":0},{"damage_healed":0,"gold_gain":0,"player_choice":"Donut","damage_taken":0,"max_hp_gain":5,"max_hp_loss":0,"event_name":"Big Fish","floor":10,"gold_loss":0},{"damage_healed":0,"gold_gain":0,"player_choice":"Take Damage","damage_taken":21,"relics_obtained":["Golden Idol"],"max_hp_gain":0,"max_hp_loss":0,"event_name":"Golden Idol","floor":14,"gold_loss":0},{"damage_healed":0,"gold_gain":99,"player_choice":"Stole From Cult","damage_taken":0,"max_hp_gain":0,"max_hp_loss":0,"event_name":"Nest","floor":19,"gold_loss":0},{"damage_healed":0,"gold_gain":0,"player_choice":"Obtained Relic","damage_taken":0,"relics_obtained":["Pear"],"max_hp_gain":0,"max_hp_loss":0,"event_name":"Addict","floor":24,"gold_loss":85},{"damage_healed":0,"gold_gain":0,"player_choice":"Fight","damage_taken":0,"max_hp_gain":0,"max_hp_loss":0,"event_name":"Mysterious Sphere","floor":36,"gold_loss":0},{"damage_healed":0,"gold_gain":999,"player_choice":"Gold","damage_taken":0,"max_hp_gain":0,"max_hp_loss":0,"event_name":"MindBloom","floor":39,"gold_loss":0,"cards_obtained":["Normality","Normality"]},{"damage_healed":0,"gold_gain":0,"player_choice":"Memory 3","damage_taken":10,"max_hp_gain":0,"max_hp_loss":0,"event_name":"SensoryStone","floor":48,"gold_loss":0}],"is_beta":false,"boss_relics":[{"not_picked":["Empty Cage","Philosopher\u0027s Stone"],"picked":"Busted Crown"},{"not_picked":["Eternal Feather","Velvet Choker"],"picked":"Astrolabe"}],"items_purged_floors":[2,11,22,29,45,47],"is_endless":false,"potions_floor_spawned":[1,7,8,20,21,30,36,38,46],"ascension_level":0}