{"gold_per_floor":[411,486,486,53,53,53,53,82,82,100,0,0,11,22,22,121,121,136,136,166,177,177,205,205,220,220,15,15,15,46,63,63,168,168,180,140,15,15,41,83,107,119,154,166,212,243,255,293,305,317,329,341,94,120,120],"floor_reached":56,"playtime":4933,"items_purged":["Strike_B","Strike_B","Strike_B"],"score":1616,"play_id":"95b5c96e-6f40-4584-a2cb-dd2aa9aaa721","local_time":"20181225221044","is_ascension_mode":true,"campfire_choices":[{"data":"The Bomb","floor":6,"key":"SMITH"},{"data":"Coolheaded","floor":12,"key":"SMITH"},{"floor":15,"key":"REST"},{"data":"Consume","floor":24,"key":"SMITH"},{"data":"Machine Learning","floor":29,"key":"SMITH"},{"data":"Hologram","floor":32,"key":"SMITH"},{"floor":49,"key":"RECALL"},{"data":"Secret Technique","floor":52,"key":"SMITH"}],"neow_cost":"PERCENT_DAMAGE","seed_source_timestamp":109399445911899,"circlet_count":0,"master_deck":["Strike_B","Defend_B","Defend_B","Defend_B","Defend_B","Zap","Dualcast+1","The Bomb+1","Hologram+1","Recycle+1","Coolheaded+1","Auto Shields","Hologram+1","Machine Learning+1","Self Repair+1","Ghostly","Ghostly","Ghostly","Ghostly+1","Ghostly","FTL","Cold Snap+1","Consume+1","The Bomb+1","Chill+1","Chill+1","Machine Learning","Blizzard+1","Genetic Algorithm+1","Secret Technique+1","Flash of Steel","Enlightenment","Redo","Machine Learning"],"relics":["FrozenCore","Old Coin","Juzu Bracelet","Anchor","Question Card","Inserter","Red Mask","Calipers","DollysMirror","MutagenicStrength","Boot","MawBank","Letter Opener","Dream Catcher","Vajra","Whetstone","Runic Capacitor","Ornamental Fan"],"potions_floor_usage":[16,16,25,55,55,55],"damage_taken":[{"damage":16,"enemies":"2 Louse","floor":1,"turns":3},{"damage":8,"enemies":"Lagavulin","floor":8,"turns":5},{"damage":0,"enemies":"Cultist","floor":10,"turns":3},{"damage":0,"enemies":"Small Slimes","floor":13,"turns":6},{"damage":2,"enemies":"3 Louse","floor":14,"turns":3},{"damage":28,"enemies":"Hexaghost","floor":16,"turns":9},{"damage":28,"enemies":"Chosen","floor":18,"turns":7},{"damage":32,"enemies":"Masked Bandits","floor":20,"turns":4},{"damage":1,"enemies":"Spheric Guardian","floor":21,"turns":6},{"damage":3,"enemies":"Slavers","floor":23,"turns":6},{"damage":0,"enemies":"Snake Plant","floor":25,"turns":7},{"damage":7,"enemies":"Gremlin Leader","floor":30,"turns":10},{"damage":0,"enemies":"Chosen and Byrds","floor":31,"turns":9},{"damage":0,"enemies":"Champ","floor":33,"turns":17},{"damage":0,"enemies":"3 Darklings","floor":35,"turns":6},{"damage":0,"enemies":"Orb Walker","floor":39,"turns":7},{"damage":0,"enemies":"Giant Head","floor":40,"turns":18},{"damage":7,"enemies":"Sphere and 2 Shapes","floor":41,"turns":8},{"damage":0,"enemies":"Nemesis","floor":45,"turns":15},{"damage":0,"enemies":"Spire Growth","floor":46,"turns":9},{"damage":0,"enemies":"Giant Head","floor":48,"turns":14},{"damage":0,"enemies":"Donu and Deca","floor":50,"turns":15},{"damage":0,"enemies":"Shield and Spear","floor":54,"turns":11},{"damage":6,"enemies":"The Heart","floor":55,"turns":18}],"seed_played":"-6180321921206220986","potions_obtained":[{"floor":5,"key":"Explosive Potion"},{"floor":5,"key":"AttackPotion"},{"floor":5,"key":"SkillPotion"},{"floor":16,"key":"SmokeBomb"},{"floor":18,"key":"Block Potion"},{"floor":25,"key":"Weak Potion"},{"floor":31,"key":"LiquidBronze"},{"floor":40,"key":"Dexterity Potion"},{"floor":45,"key":"SkillPotion"},{"floor":46,"key":"SkillPotion"}],"is_trial":false,"path_per_floor":["M","?","?","$","?","R","?","E","T","M","$","R","M","M","R","B",null,"M","?","?","M","?","E","R","M","T","$","?","R","E","M","R","B",null,"M","?","$","T","M","E","M","?","T","?","E","M","?","E","R","B",null,"R","$","E","B",null],"character_chosen":"DEFECT","items_purchased":["The Bomb","Juzu Bracelet","Hologram","DollysMirror","Runic Capacitor","Redo"],"campfire_rested":1,"item_purchase_floors":[4,4,4,27,53,53],"current_hp_per_floor":[38,27,27,27,27,27,27,19,19,19,19,19,19,17,39,11,75,47,37,5,14,14,21,21,31,31,31,31,31,34,37,37,37,37,37,37,37,37,37,37,37,27,27,27,37,37,35,35,35,35,35,35,35,35,35],"gold":120,"neow_bonus":"ONE_RARE_RELIC","is_prod":false,"is_daily":false,"chose_seed":false,"campfire_upgraded":6,"win_rate":0,"timestamp":1545801044,"path_taken":["M","?","?","$","?","R","?","E","T","M","?","R","M","M","R","BOSS","M","?","?","M","?","E","R","M","T","$","?","R","E","M","R","BOSS","M","?","?","?","M","E","M","?","T","?","E","M","?","E","R","BOSS","R","$","E","BOSS"],"build_version":"2018-12-20","purchased_purges":3,"victory":true,"max_hp_per_floor":[75,75,75,75,75,75,75,75,75,75,75,75,75,75,75,75,75,75,37,37,37,37,37,37,37,37,37,37,37,37,37,37,37,37,37,37,37,37,37,37,37,37,37,37,37,37,35,35,35,35,35,35,35,35,35],"card_choices":[{"not_picked":["Go for the Eyes","Cold Snap","Gash"],"picked":"SKIP","floor":1},{"not_picked":["Turbo","Barrage"],"picked":"Recycle","floor":8},{"not_picked":["Aggregate","Leap","Redo"],"picked":"Coolheaded","floor":10},{"not_picked":["Leap","Stack","Defragment"],"picked":"Auto Shields","floor":13},{"not_picked":["Redo","Melter","Biased Cognition"],"picked":"Hologram","floor":14},{"not_picked":["All For One","Core Surge","Thunder Strike"],"picked":"Machine Learning","floor":16},{"not_picked":["Gash","Barrage","Streamline"],"picked":"Self Repair+1","floor":18},{"not_picked":["Hologram","Sweeping Beam+1","Rebound+1"],"picked":"FTL","floor":20},{"not_picked":["Rebound","Darkness","Undo"],"picked":"Cold Snap","floor":21},{"not_picked":["Stack+1","Recycle","Compile Driver"],"picked":"Consume","floor":23},{"not_picked":["Reinforced Body+1","Rebound+1","Melter","Turbo"],"picked":"SKIP","floor":25},{"not_picked":["Fission","Compile Driver","Streamline+1"],"picked":"Chill+1","floor":30},{"not_picked":["Steam Power","Chaos","Stack"],"picked":"Chill+1","floor":31},{"not_picked":["Rainbow","Buffer","Multi-Cast"],"picked":"Machine Learning","floor":33},{"not_picked":["Coolheaded","Doom and Gloom+1","Sunder+1"],"picked":"Blizzard","floor":35},{"not_picked":["Go for the Eyes+1","Barrage","Streamline","FTL+1"],"picked":"SKIP","floor":39},{"not_picked":["Turbo+1","Capacitor","Hello World","Recycle+1"],"picked":"SKIP","floor":40},{"not_picked":["Sweeping Beam+1","Go for the Eyes+1","Aggregate"],"picked":"Genetic Algorithm+1","floor":41},{"not_picked":["Dark Shackles","Magnetism","Flash of Steel"],"picked":"Secret Technique","floor":42},{"not_picked":["Discovery","Blind","Dramatic Entrance"],"picked":"Flash of Steel","floor":42},{"not_picked":["Dark Shackles","Metamorphosis","Transmutation"],"picked":"Enlightenment","floor":42},{"not_picked":["Streamline+1","Redo+1","Darkness","FTL"],"picked":"SKIP","floor":45},{"not_picked":["Redo","Self Repair","Turbo+1","Compile Driver"],"picked":"SKIP","floor":46},{"not_picked":["Auto Shields","Rip and Tear+1","Hologram","Barrage"],"picked":"SKIP","floor":48},{"not_picked":["Beam Cell+1","Amplify","Chaos"],"picked":"Machine Learning","floor":54}],"player_experience":198220,"relics_obtained":[{"floor":8,"key":"Anchor"},{"floor":9,"key":"Question Card"},{"floor":20,"key":"Red Mask"},{"floor":23,"key":"Calipers"},{"floor":30,"key":"Boot"},{"floor":38,"key":"MawBank"},{"floor":40,"key":"Letter Opener"},{"floor":43,"key":"Dream Catcher"},{"floor":45,"key":"Vajra"},{"floor":48,"key":"Whetstone"},{"floor":54,"key":"Ornamental Fan"}],"event_choices":[{"damage_healed":0,"gold_gain":75,"player_choice":"Gather Gold","damage_taken":11,"max_hp_gain":0,"max_hp_loss":0,"event_name":"World of Goop","floor":2,"gold_loss":0},{"damage_healed":0,"gold_gain":0,"player_choice":"Upgraded","damage_taken":0,"max_hp_gain":0,"max_hp_loss":0,"event_name":"Upgrade Shrine","floor":3,"gold_loss":0,"cards_upgraded":["Dualcast"]},{"damage_healed":0,"gold_gain":0,"player_choice":"Got Potions","damage_taken":0,"max_hp_gain":0,"max_hp_loss":0,"event_name":"Lab","floor":5,"gold_loss":0},{"damage_healed":0,"gold_gain":0,"player_choice":"0 cards matched","damage_taken":0,"max_hp_gain":0,"max_hp_loss":0,"event_name":"Match and Keep!","floor":7,"gold_loss":0,"cards_obtained":[]},{"damage_healed":0,"gold_gain":0,"player_choice":"Became a Ghost","damage_taken":0,"max_hp_gain":0,"max_hp_loss":38,"event_name":"Ghosts","floor":19,"gold_loss":0,"cards_obtained":["Ghostly","Ghostly","Ghostly","Ghostly","Ghostly"]},{"damage_healed":0,"gold_gain":0,"player_choice":"Fought Bandits","damage_taken":0,"max_hp_gain":0,"max_hp_loss":0,"event_name":"Masked Bandits","floor":20,"gold_loss":0},{"damage_healed":0,"gold_gain":0,"player_choice":"Upgraded","damage_taken":0,"max_hp_gain":0,"max_hp_loss":0,"event_name":"Upgrade Shrine","floor":22,"gold_loss":0,"cards_upgraded":["Recycle"]},{"damage_healed":0,"gold_gain":0,"player_choice":"Inject Mutagens","damage_taken":0,"relics_obtained":["MutagenicStrength"],"max_hp_gain":0,"max_hp_loss":0,"event_name":"Drug Dealer","floor":28,"gold_loss":0},{"damage_healed":0,"gold_gain":0,"player_choice":"Upgraded Two","damage_taken":0,"max_hp_gain":0,"max_hp_loss":0,"event_name":"Designer","floor":36,"gold_loss":40,"cards_upgraded":["Ghostly","Hologram"]},{"damage_healed":0,"gold_gain":0,"player_choice":"Memory 3","damage_taken":10,"max_hp_gain":0,"max_hp_loss":0,"event_name":"SensoryStone","floor":42,"gold_loss":0},{"damage_healed":0,"gold_gain":0,"player_choice":"Bought 0 Potions","damage_taken":0,"max_hp_gain":0,"max_hp_loss":0,"event_name":"The Woman in Blue","floor":44,"gold_loss":0},{"damage_healed":0,"gold_gain":0,"player_choice":"Max HP","damage_taken":0,"max_hp_gain":0,"max_hp_loss":2,"event_name":"Winding Halls","floor":47,"gold_loss":0}],"is_beta":false,"boss_relics":[{"not_picked":["Busted Crown","Sozu"],"picked":"Inserter"},{"not_picked":["Coffee Dripper","Empty Cage"],"picked":"FrozenCore"}],"items_purged_floors":[4,11,37],"is_endless":false,"potions_floor_spawned":[10,14,16,18,25,31,40,41,45,46],"ascension_level":2}