{"gold_per_floor":[111,111,130,130,150,185,185,199,199,222,100,100,100,113,113,243,243,266,266,181,104,122,160,175,175,201,222,246,260,160,174,174,294,294,312,645,695,695,715,715,748,748,775,221,240,253,253,271,271,271,271,271,32,67,67],"floor_reached":56,"playtime":4585,"items_purged":["Strike_R","Defend_R","Strike_R"],"score":1201,"play_id":"d433aab4-c72e-49f1-848c-f96e9cfdde11","local_time":"20190813192439","is_ascension_mode":false,"campfire_choices":[{"data":"Whirlwind","floor":7,"key":"SMITH"},{"data":"Spot Weakness","floor":12,"key":"SMITH"},{"data":"Shrug It Off","floor":15,"key":"SMITH"},{"data":"Iron Wave","floor":25,"key":"SMITH"},{"data":"Double Tap","floor":32,"key":"SMITH"},{"data":"Flex","floor":40,"key":"SMITH"},{"floor":42,"key":"RECALL"},{"data":"Heavy Blade","floor":49,"key":"SMITH"},{"data":"Ghostly Armor","floor":52,"key":"SMITH"}],"neow_cost":"NONE","seed_source_timestamp":11598058886207,"circlet_count":0,"master_deck":["Strike_R","Defend_R","Defend_R","Defend_R","Bash","Whirlwind+1","Iron Wave+1","Spot Weakness+1","Flex+1","Shrug It Off+1","Double Tap+1","Ghostly Armor+1","Dark Embrace+1","Corruption+1","Impervious","Barricade+1","Armaments+1","Flex+1","Shrug It Off+1","Evolve+1","Spot Weakness+1","Heavy Blade+1","Metamorphosis+1","Flash of Steel","Discovery+1","Sentinel+1","Exhume+1","Seeing Red+1"],"relics":["Burning Blood","NeowsBlessing","Mercury Hourglass","Frozen Egg 2","Singing Bowl","Coffee Dripper","Magic Flower","Gremlin Horn","Omamori","Empty Cage","Champion Belt","Toxic Egg 2","Bird Faced Urn","Pen Nib"],"potions_floor_usage":[6,6,16,31,33,33,33,37,39,46,48,50,50],"damage_taken":[{"damage":0,"enemies":"Cultist","floor":1,"turns":1},{"damage":0,"enemies":"2 Louse","floor":3,"turns":1},{"damage":0,"enemies":"Jaw Worm","floor":5,"turns":1},{"damage":24,"enemies":"Gremlin Nob","floor":6,"turns":6},{"damage":0,"enemies":"Exordium Thugs","floor":8,"turns":3},{"damage":5,"enemies":"Looter","floor":10,"turns":2},{"damage":2,"enemies":"2 Fungi Beasts","floor":14,"turns":2},{"damage":41,"enemies":"Slime Boss","floor":16,"turns":11},{"damage":0,"enemies":"Chosen","floor":18,"turns":3},{"damage":15,"enemies":"2 Thieves","floor":22,"turns":3},{"damage":38,"enemies":"Slavers","floor":23,"turns":4},{"damage":15,"enemies":"Snecko","floor":24,"turns":4},{"damage":0,"enemies":"Chosen and Byrds","floor":27,"turns":4},{"damage":14,"enemies":"Centurion and Healer","floor":28,"turns":4},{"damage":0,"enemies":"Snecko","floor":29,"turns":2},{"damage":7,"enemies":"Cultist and Chosen","floor":31,"turns":5},{"damage":29,"enemies":"Collector","floor":33,"turns":7},{"damage":1,"enemies":"3 Shapes","floor":35,"turns":2},{"damage":13,"enemies":"2 Orb Walkers","floor":37,"turns":4},{"damage":18,"enemies":"Orb Walker","floor":39,"turns":5},{"damage":38,"enemies":"Reptomancer","floor":41,"turns":5},{"damage":10,"enemies":"Writhing Mass","floor":45,"turns":10},{"damage":9,"enemies":"4 Shapes","floor":46,"turns":4},{"damage":3,"enemies":"Transient","floor":48,"turns":5},{"damage":77,"enemies":"Donu and Deca","floor":50,"turns":5},{"damage":64,"enemies":"Shield and Spear","floor":54,"turns":4},{"damage":70,"enemies":"The Heart","floor":55,"turns":7}],"seed_played":"-5652030262911877923","potions_obtained":[{"floor":1,"key":"Ancient Potion"},{"floor":3,"key":"Weak Potion"},{"floor":14,"key":"Energy Potion"},{"floor":23,"key":"SpeedPotion"},{"floor":24,"key":"SpeedPotion"},{"floor":28,"key":"EntropicBrew"},{"floor":33,"key":"SpeedPotion"},{"floor":38,"key":"Energy Potion"},{"floor":38,"key":"EssenceOfSteel"},{"floor":41,"key":"GamblersBrew"},{"floor":46,"key":"Swift Potion"}],"is_trial":false,"path_per_floor":["M","?","M","?","M","E","R","M","T","M","$","R","?","M","R","B",null,"M","?","?","$","M","E","M","R","T","M","M","M","$","M","R","B",null,"M","?","?","?","M","R","E","R","T","$","M","M","?","M","R","B",null,"R","$","E","B",null],"character_chosen":"IRONCLAD","items_purchased":["Shrug It Off","Ghostly Armor","Shrug It Off+1","Evolve+1","Energy Potion","Bird Faced Urn","Exhume+1","FairyPotion"],"campfire_rested":0,"item_purchase_floors":[11,21,44,44,44,44,53,53],"current_hp_per_floor":[80,80,80,60,66,48,48,54,54,55,55,55,52,58,58,23,82,84,84,84,84,80,51,47,47,47,58,55,64,64,66,66,46,92,94,94,90,90,81,81,54,54,54,54,62,74,64,79,79,23,96,96,96,47,12],"gold":67,"neow_bonus":"THREE_ENEMY_KILL","is_prod":false,"is_daily":false,"chose_seed":false,"campfire_upgraded":8,"win_rate":0,"timestamp":1565691879,"path_taken":["M","?","M","?","?","E","R","M","T","M","?","R","?","M","R","BOSS","M","?","?","?","?","E","M","R","T","M","M","M","$","M","R","BOSS","M","?","?","?","M","R","E","R","T","$","?","M","?","M","R","BOSS","R","$","E","BOSS"],"build_version":"2019-07-17","purchased_purges":3,"victory":true,"max_hp_per_floor":[80,80,80,80,80,80,80,80,80,80,80,80,80,82,82,82,82,84,84,84,84,86,86,88,88,88,90,92,92,92,92,92,92,92,94,94,94,94,94,94,96,96,96,96,96,96,96,96,96,96,96,96,96,96,96],"card_choices":[{"not_picked":["Havoc","Body Slam"],"picked":"Whirlwind","floor":1},{"not_picked":["Iron Wave","True Grit","Power Through"],"picked":"SKIP","floor":3},{"not_picked":["Havoc","Anger"],"picked":"Iron Wave","floor":5},{"not_picked":["Havoc","Corruption"],"picked":"Spot Weakness","floor":6},{"not_picked":["Reckless Charge","Blood for Blood"],"picked":"Flex","floor":8},{"not_picked":["Anger","Body Slam","Pommel Strike"],"picked":"SKIP","floor":10},{"not_picked":["Bloodletting","Iron Wave","Pommel Strike"],"picked":"Singing Bowl","floor":14},{"not_picked":["Brutality+1","Berserk+1"],"picked":"Double Tap","floor":16},{"not_picked":["Iron Wave","Headbutt+1","Body Slam"],"picked":"Singing Bowl","floor":18},{"not_picked":["Sword Boomerang","Rupture+1","Anger+1"],"picked":"Singing Bowl","floor":22},{"not_picked":["Flex","Fire Breathing+1"],"picked":"Dark Embrace+1","floor":23},{"not_picked":["Pommel Strike","True Grit","Thunderclap"],"picked":"Singing Bowl","floor":24},{"not_picked":["Fire Breathing+1","Wild Strike+1","Seeing Red"],"picked":"Singing Bowl","floor":27},{"not_picked":["Cleave","Dropkick","Thunderclap"],"picked":"Singing Bowl","floor":28},{"not_picked":["Ghostly Armor","Fire Breathing+1"],"picked":"Corruption+1","floor":29},{"not_picked":["Iron Wave","Warcry"],"picked":"Impervious","floor":31},{"not_picked":["Juggernaut+1","Bludgeon"],"picked":"Barricade+1","floor":33},{"not_picked":["Cleave+1","Sword Boomerang","Warcry"],"picked":"Singing Bowl","floor":35},{"not_picked":["Power Through","Sword Boomerang"],"picked":"Armaments+1","floor":37},{"not_picked":["Armaments+1","Uppercut+1"],"picked":"Flex+1","floor":39},{"not_picked":["Clash+1","Reckless Charge","Headbutt"],"picked":"Singing Bowl","floor":41},{"not_picked":["Blood for Blood","Hemokinesis"],"picked":"Spot Weakness+1","floor":45},{"not_picked":["Warcry+1","Thunderclap"],"picked":"Heavy Blade","floor":46},{"not_picked":["Mayhem+1","Dramatic Entrance"],"picked":"Metamorphosis+1","floor":47},{"not_picked":["Violence+1","Jack Of All Trades+1"],"picked":"Flash of Steel","floor":47},{"not_picked":["Trip+1","Mind Blast"],"picked":"Discovery+1","floor":47},{"not_picked":["Headbutt","Twin Strike"],"picked":"Sentinel+1","floor":48},{"not_picked":["Infernal Blade+1","Flex+1"],"picked":"Seeing Red+1","floor":54}],"player_experience":75687,"relics_obtained":[{"floor":6,"key":"Mercury Hourglass"},{"floor":9,"key":"Frozen Egg 2"},{"floor":23,"key":"Gremlin Horn"},{"floor":26,"key":"Omamori"},{"floor":37,"key":"Champion Belt"},{"floor":41,"key":"Toxic Egg 2"},{"floor":54,"key":"Pen Nib"}],"event_choices":[{"damage_healed":0,"gold_gain":0,"player_choice":"Ignored","damage_taken":0,"max_hp_gain":0,"max_hp_loss":0,"event_name":"Liars Game","floor":2,"gold_loss":0},{"damage_healed":0,"gold_gain":0,"player_choice":"Take Damage","damage_taken":20,"relics_obtained":["Golden Idol"],"max_hp_gain":0,"max_hp_loss":0,"event_name":"Golden Idol","floor":4,"gold_loss":0},{"damage_healed":0,"gold_gain":0,"player_choice":"Success","damage_taken":3,"relics_obtained":["Singing Bowl"],"max_hp_gain":0,"max_hp_loss":0,"event_name":"Scrap Ooze","floor":13,"gold_loss":0},{"damage_healed":0,"gold_gain":0,"player_choice":"Ignored","damage_taken":0,"max_hp_gain":0,"max_hp_loss":0,"event_name":"Ghosts","floor":19,"gold_loss":0},{"damage_healed":0,"gold_gain":0,"player_choice":"Obtained Relic","damage_taken":0,"relics_obtained":["Magic Flower"],"max_hp_gain":0,"max_hp_loss":0,"event_name":"Addict","floor":20,"gold_loss":85},{"damage_healed":0,"gold_gain":333,"player_choice":"Gave Idol","damage_taken":0,"max_hp_gain":0,"max_hp_loss":0,"event_name":"The Moai Head","floor":36,"relics_lost":["Golden Idol"],"gold_loss":0},{"damage_healed":0,"gold_gain":0,"player_choice":"Fight","damage_taken":0,"max_hp_gain":0,"max_hp_loss":0,"event_name":"Mysterious Sphere","floor":37,"gold_loss":0},{"damage_healed":0,"gold_gain":0,"player_choice":"Got Potions","damage_taken":0,"max_hp_gain":0,"max_hp_loss":0,"event_name":"Lab","floor":38,"gold_loss":0},{"damage_healed":0,"gold_gain":0,"player_choice":"Memory 3","damage_taken":10,"max_hp_gain":0,"max_hp_loss":0,"event_name":"SensoryStone","floor":47,"gold_loss":0}],"is_beta":false,"boss_relics":[{"not_picked":["Eternal Feather","Astrolabe"],"picked":"Coffee Dripper"},{"not_picked":["Tiny House","Runic Dome"],"picked":"Empty Cage"}],"items_purged_floors":[11,30,44],"is_endless":false,"potions_floor_spawned":[1,3,14,23,24,28,33,41,45,46],"ascension_level":0}