{"gold_per_floor":[14,14,89,101,118,118,43,63,63,63,76,76,88,102,102,205,205,219,119,119,132,231,231,246,76,76,76],"floor_reached":27,"playtime":1204,"items_purged":["Strike_B","Hello World+1","Defend_B"],"score":205,"play_id":"2a371a59-dacd-4187-861b-66fd10297af3","local_time":"20181231010246","is_ascension_mode":false,"campfire_choices":[{"data":"Zap","floor":6,"key":"SMITH"},{"data":"Hello World","floor":12,"key":"SMITH"},{"data":"Gash","floor":15,"key":"SMITH"},{"data":"Hyperbeam","floor":23,"key":"SMITH"}],"neow_cost":"NO_GOLD","seed_source_timestamp":55322574456693,"circlet_count":0,"master_deck":["Defend_B","Defend_B","Defend_B","Zap+1","Dualcast","Madness","Gash+1","Hyperbeam+1","Glacier","Coolheaded"],"relics":["Cracked Core","Kunai","Question Card","Busted Crown"],"potions_floor_usage":[27,27,27],"damage_taken":[{"damage":1,"enemies":"Jaw Worm","floor":1,"turns":3},{"damage":0,"enemies":"Small Slimes","floor":4,"turns":4},{"damage":1,"enemies":"Cultist","floor":5,"turns":3},{"damage":0,"enemies":"Looter","floor":8,"turns":3},{"damage":5,"enemies":"3 Louse","floor":11,"turns":3},{"damage":7,"enemies":"Blue Slaver","floor":13,"turns":3},{"damage":1,"enemies":"Exordium Thugs","floor":14,"turns":4},{"damage":24,"enemies":"The Guardian","floor":16,"turns":8},{"damage":12,"enemies":"Shell Parasite","floor":18,"turns":6},{"damage":3,"enemies":"3 Byrds","floor":21,"turns":3},{"damage":19,"enemies":"Snake Plant","floor":24,"turns":5},{"damage":42,"enemies":"Gremlin Leader","floor":27,"turns":6}],"seed_played":"-7242377965906501060","potions_obtained":[{"floor":1,"key":"Swift Potion"},{"floor":8,"key":"PowerPotion"},{"floor":11,"key":"Weak Potion"},{"floor":18,"key":"AttackPotion"}],"is_trial":false,"path_per_floor":["M","?","?","M","M","R","$","M","T","?","M","R","M","M","R","B",null,"M","$","?","M","?","R","M","$","T","E"],"character_chosen":"DEFECT","items_purchased":["Coolheaded"],"campfire_rested":0,"item_purchase_floors":[25],"current_hp_per_floor":[74,67,56,56,55,55,55,55,55,55,50,50,43,42,42,18,75,63,63,63,60,60,60,41,41,41,0],"gold":76,"neow_bonus":"REMOVE_TWO","is_prod":false,"is_daily":false,"chose_seed":false,"campfire_upgraded":4,"win_rate":0,"timestamp":1546243366,"path_taken":["M","?","?","M","M","R","$","M","T","?","?","R","M","M","R","BOSS","M","$","?","M","?","R","M","$","T","E"],"build_version":"2018-12-20","purchased_purges":3,"victory":false,"max_hp_per_floor":[75,75,75,75,75,75,75,75,75,75,75,75,75,75,75,75,75,75,75,75,75,75,75,75,75,75,75],"card_choices":[{"not_picked":["Heatsinks","Conserve Battery","Compile Driver"],"picked":"SKIP","floor":1},{"not_picked":["Barrage","Recycle","Turbo"],"picked":"SKIP","floor":4},{"not_picked":["Redo","Recycle","Rebound"],"picked":"SKIP","floor":5},{"not_picked":["Cold Snap","Leap"],"picked":"Hello World","floor":8},{"not_picked":["Consume","Force Field","Stack","Compile Driver"],"picked":"SKIP","floor":11},{"not_picked":["Buffer","Doom and Gloom","Chill"],"picked":"Gash","floor":13},{"not_picked":["Hello World","Redo","Streamline","All For One"],"picked":"SKIP","floor":14},{"not_picked":["Biased Cognition","Seek","Core Surge"],"picked":"Hyperbeam","floor":16},{"not_picked":["Compile Driver","Leap"],"picked":"SKIP","floor":18},{"not_picked":["Steam"],"picked":"Glacier","floor":21},{"not_picked":["FTL","Stack"],"picked":"SKIP","floor":24}],"player_experience":222516,"relics_obtained":[{"floor":9,"key":"Question Card"}],"event_choices":[{"damage_healed":0,"gold_gain":0,"player_choice":"Success","damage_taken":7,"relics_obtained":["Kunai"],"max_hp_gain":0,"max_hp_loss":0,"event_name":"Scrap Ooze","floor":2,"gold_loss":0},{"damage_healed":0,"gold_gain":75,"player_choice":"Gather Gold","damage_taken":11,"max_hp_gain":0,"max_hp_loss":0,"event_name":"World of Goop","floor":3,"gold_loss":0},{"damage_healed":0,"gold_gain":0,"player_choice":"1 cards matched","damage_taken":0,"max_hp_gain":0,"max_hp_loss":0,"event_name":"Match and Keep!","floor":10,"gold_loss":0,"cards_obtained":["Madness"]},{"cards_removed":["Strike_B"],"damage_healed":0,"gold_gain":0,"player_choice":"Elegance","damage_taken":0,"max_hp_gain":0,"max_hp_loss":0,"event_name":"Back to Basics","floor":20,"gold_loss":0},{"damage_healed":0,"gold_gain":99,"player_choice":"Stole From Cult","damage_taken":0,"max_hp_gain":0,"max_hp_loss":0,"event_name":"Nest","floor":22,"gold_loss":0}],"is_beta":false,"boss_relics":[{"not_picked":["Orrery","Lizard Tail"],"picked":"Busted Crown"}],"items_purged_floors":[7,19,25],"is_endless":false,"potions_floor_spawned":[1,8,11,13,14,18,21,24],"killed_by":"Gremlin Leader","ascension_level":0}