{"gold_per_floor":[117,192,70,86,97,97,97,122,190,190,204,220,253,253,253,253],"floor_reached":16,"playtime":973,"items_purged":[],"score":143,"play_id":"b8a63ba3-ba23-4fa4-ab37-f237efb34bbc","local_time":"20190716204350","is_ascension_mode":true,"campfire_choices":[{"floor":6,"key":"REST"},{"data":"Corruption","floor":10,"key":"SMITH"},{"data":"Seeing Red","floor":15,"key":"SMITH"}],"neow_cost":"NONE","seed_source_timestamp":116895104464575,"circlet_count":0,"master_deck":["Strike_R","Strike_R","Strike_R","Strike_R","Defend_R","Defend_R","Defend_R","Defend_R","Bash","Fiend Fire","Twin Strike","Corruption+1","Shockwave","Sword Boomerang","Body Slam","Warcry","Seeing Red+1","Juggernaut","Seeing Red","Parasite"],"relics":["Burning Blood","Lantern","Gremlin Horn","Bottled Lightning"],"potions_floor_usage":[16],"damage_taken":[{"damage":6,"enemies":"Cultist","floor":1,"turns":3},{"damage":10,"enemies":"Small Slimes","floor":4,"turns":4},{"damage":7,"enemies":"Jaw Worm","floor":5,"turns":3},{"damage":10,"enemies":"Lagavulin","floor":8,"turns":7},{"damage":10,"enemies":"Gremlin Gang","floor":11,"turns":3},{"damage":16,"enemies":"3 Louse","floor":12,"turns":2},{"damage":15,"enemies":"Gremlin Nob","floor":13,"turns":4},{"damage":77,"enemies":"The Guardian","floor":16,"turns":9}],"seed_played":"5641723799349014307","potions_obtained":[{"floor":4,"key":"SkillPotion"},{"floor":8,"key":"FearPotion"},{"floor":11,"key":"Dexterity Potion"}],"is_trial":false,"path_per_floor":["M","?","$","M","M","R","?","E","T","R","M","M","E","?","R","B"],"character_chosen":"IRONCLAD","items_purchased":["Corruption","Shockwave"],"campfire_rested":1,"item_purchase_floors":[3,3],"current_hp_per_floor":[72,61,61,57,56,80,80,76,76,76,72,62,53,73,73,0],"gold":253,"neow_bonus":"ONE_RANDOM_RARE_CARD","is_prod":false,"is_daily":false,"chose_seed":false,"campfire_upgraded":2,"win_rate":0,"timestamp":1563306230,"path_taken":["M","?","$","M","M","R","?","E","T","R","M","?","E","?","R","BOSS"],"build_version":"2019-07-05","purchased_purges":0,"victory":false,"max_hp_per_floor":[80,80,80,80,80,80,80,80,80,80,80,80,80,80,80,80],"card_choices":[{"not_picked":["Flex","Heavy Blade"],"picked":"Twin Strike","floor":1},{"not_picked":["Cleave","Havoc"],"picked":"Sword Boomerang","floor":4},{"not_picked":["Heavy Blade","Thunderclap"],"picked":"Body Slam","floor":5},{"not_picked":["Bloodletting","Clothesline"],"picked":"Warcry","floor":8},{"not_picked":["Sword Boomerang","Flex"],"picked":"Seeing Red","floor":11},{"not_picked":["Perfected Strike","Burning Pact"],"picked":"Juggernaut","floor":12},{"not_picked":["Reckless Charge","Iron Wave"],"picked":"Seeing Red","floor":13}],"player_experience":141332,"relics_obtained":[{"floor":8,"key":"Lantern"},{"floor":9,"key":"Gremlin Horn"},{"floor":13,"key":"Bottled Lightning"}],"event_choices":[{"damage_healed":0,"gold_gain":75,"player_choice":"Gather Gold","damage_taken":11,"max_hp_gain":0,"max_hp_loss":0,"event_name":"World of Goop","floor":2,"gold_loss":0},{"cards_removed":["Strike_R"],"damage_healed":0,"gold_gain":0,"player_choice":"Offered Basic","damage_taken":0,"max_hp_gain":0,"max_hp_loss":0,"event_name":"Bonfire Elementals","floor":7,"gold_loss":0},{"damage_healed":20,"gold_gain":0,"player_choice":"Healed and dodged fight","damage_taken":0,"max_hp_gain":0,"max_hp_loss":0,"event_name":"Mushrooms","floor":14,"gold_loss":0,"cards_obtained":["Parasite"]}],"is_beta":false,"boss_relics":[],"items_purged_floors":[],"is_endless":false,"potions_floor_spawned":[4,8,11],"killed_by":"The Guardian","ascension_level":6}