{"gold_per_floor":[114,114,129,145,22,22,22,22,22,22,55,74,91,91,91,91],"floor_reached":16,"playtime":618,"items_purged":["Strike_B"],"score":100,"play_id":"978bcf21-d517-4f6e-ac7d-c02b12ba93a9","local_time":"20181231012223","is_ascension_mode":false,"campfire_choices":[{"data":"Coolheaded","floor":6,"key":"SMITH"},{"data":"Conserve Battery","floor":8,"key":"SMITH"},{"data":"Dualcast","floor":10,"key":"SMITH"},{"data":"Zap","floor":15,"key":"SMITH"}],"neow_cost":"NONE","seed_source_timestamp":57086497844049,"circlet_count":0,"master_deck":["Strike_B","Strike_B","Strike_B","Defend_B","Defend_B","Defend_B","Defend_B","Zap+1","Dualcast+1","Coolheaded+1","Conserve Battery+1","Regret"],"relics":["Cracked Core","NeowsBlessing","Lantern","Ice Cream","Anchor"],"potions_floor_usage":[11,12,16,16],"damage_taken":[{"damage":0,"enemies":"Jaw Worm","floor":1,"turns":1},{"damage":0,"enemies":"Cultist","floor":3,"turns":1},{"damage":0,"enemies":"Small Slimes","floor":4,"turns":1},{"damage":19,"enemies":"Lagavulin","floor":11,"turns":8},{"damage":6,"enemies":"Gremlin Gang","floor":12,"turns":4},{"damage":5,"enemies":"Large Slime","floor":13,"turns":7},{"damage":48,"enemies":"Slime Boss","floor":16,"turns":10}],"seed_played":"-1762252954401110051","potions_obtained":[{"floor":2,"key":"Poison Potion"},{"floor":2,"key":"Weak Potion"},{"floor":2,"key":"SteroidPotion"},{"floor":4,"key":"AttackPotion"},{"floor":11,"key":"Ancient Potion"},{"floor":12,"key":"LiquidBronze"},{"floor":13,"key":"AttackPotion"}],"is_trial":false,"path_per_floor":["M","?","M","M","$","R","?","R","T","R","E","M","M","$","R","B"],"character_chosen":"DEFECT","items_purchased":["Conserve Battery"],"campfire_rested":0,"item_purchase_floors":[5],"current_hp_per_floor":[75,75,75,75,75,75,75,75,75,75,56,50,45,45,45,0],"gold":91,"neow_bonus":"THREE_ENEMY_KILL","is_prod":false,"is_daily":false,"chose_seed":false,"campfire_upgraded":4,"win_rate":0,"timestamp":1546244543,"path_taken":["M","?","?","M","$","R","?","R","T","R","E","M","M","$","R","BOSS"],"build_version":"2018-12-20","purchased_purges":1,"victory":false,"max_hp_per_floor":[75,75,75,75,75,75,75,75,75,75,75,75,75,75,75,75],"card_choices":[{"not_picked":["Beam Cell","Turbo","Compile Driver"],"picked":"SKIP","floor":1},{"not_picked":["Lockon","Chill","Reprogram"],"picked":"SKIP","floor":3},{"not_picked":["Turbo","Scrape"],"picked":"Coolheaded","floor":4},{"not_picked":["Force Field","Redo","Barrage"],"picked":"SKIP","floor":11},{"not_picked":["Steam Power","Heatsinks","Rebound"],"picked":"SKIP","floor":12},{"not_picked":["Defragment","Chaos","Force Field"],"picked":"SKIP","floor":13}],"player_experience":224258,"relics_obtained":[{"floor":9,"key":"Ice Cream"},{"floor":11,"key":"Anchor"}],"event_choices":[{"damage_healed":0,"gold_gain":0,"player_choice":"Got Potions","damage_taken":0,"max_hp_gain":0,"max_hp_loss":0,"event_name":"Lab","floor":2,"gold_loss":0},{"damage_healed":0,"gold_gain":0,"player_choice":"Box","damage_taken":0,"relics_obtained":["Lantern"],"max_hp_gain":0,"max_hp_loss":0,"event_name":"Big Fish","floor":7,"gold_loss":0,"cards_obtained":["Regret"]}],"is_beta":false,"boss_relics":[],"items_purged_floors":[5],"is_endless":false,"potions_floor_spawned":[4,11,12,13],"killed_by":"Slime Boss","ascension_level":0}