{"gold_per_floor":[111,127,52,63,238,265,328,148,198,217,217,248,248,264,264,264],"floor_reached":16,"playtime":721,"items_purged":["Defend_B","Doubt"],"score":127,"play_id":"35f864e3-0355-41e4-8013-31eabb006f83","local_time":"20190117192221","is_ascension_mode":true,"campfire_choices":[{"floor":13,"key":"REST"},{"data":"Darkness","floor":15,"key":"SMITH"}],"neow_cost":"NONE","seed_source_timestamp":571894078549064,"circlet_count":0,"master_deck":["Strike_B","Strike_B","Strike_B","Strike_B","Defend_B","Defend_B","Defend_B","Zap","Dualcast","Beam Cell","Genetic Algorithm","Echo Form+1","Streamline","Self Repair","Gash","Darkness+1"],"relics":["Cracked Core","NeowsBlessing","PreservedInsect","Blood Vial","StoneCalendar"],"potions_floor_usage":[7,10,12,12],"damage_taken":[{"damage":0,"enemies":"Cultist","floor":1,"turns":1},{"damage":0,"enemies":"Jaw Worm","floor":2,"turns":1},{"damage":0,"enemies":"Small Slimes","floor":4,"turns":1},{"damage":35,"enemies":"Lagavulin","floor":6,"turns":7},{"damage":17,"enemies":"3 Sentries","floor":7,"turns":4},{"damage":19,"enemies":"Exordium Wildlife","floor":10,"turns":6},{"damage":16,"enemies":"3 Sentries","floor":12,"turns":7},{"damage":18,"enemies":"Red Slaver","floor":14,"turns":4},{"damage":30,"enemies":"Slime Boss","floor":16,"turns":3}],"seed_played":"4351343325194257396","potions_obtained":[{"floor":1,"key":"EssenceOfSteel"},{"floor":6,"key":"Fire Potion"},{"floor":7,"key":"Dexterity Potion"},{"floor":10,"key":"EssenceOfSteel"}],"is_trial":false,"path_per_floor":["M","M","$","M","?","E","?","$","T","M","?","E","R","M","R","B"],"character_chosen":"DEFECT","items_purchased":["Self Repair"],"campfire_rested":1,"item_purchase_floors":[8],"current_hp_per_floor":[75,75,75,75,75,40,25,25,25,15,15,8,30,21,21,0],"gold":264,"neow_bonus":"THREE_ENEMY_KILL","is_prod":false,"is_daily":false,"chose_seed":false,"campfire_upgraded":1,"win_rate":0,"timestamp":1547778141,"path_taken":["M","?","$","M","?","E","?","$","T","M","?","E","R","M","R","BOSS"],"build_version":"2019-01-10","purchased_purges":2,"victory":false,"max_hp_per_floor":[75,75,75,75,75,75,75,75,75,75,75,75,75,75,75,75],"card_choices":[{"not_picked":["Stack","Chill"],"picked":"Beam Cell","floor":1},{"not_picked":["Force Field","Rebound","Steam"],"picked":"SKIP","floor":2},{"not_picked":["Compile Driver","Chill"],"picked":"Genetic Algorithm","floor":4},{"not_picked":["Seek","Beam Cell"],"picked":"Echo Form","floor":6},{"not_picked":["Beam Cell","Loop"],"picked":"Streamline","floor":7},{"not_picked":["Beam Cell","Stack","Loop"],"picked":"SKIP","floor":10},{"not_picked":["Meteor Strike","Cold Snap"],"picked":"Gash","floor":12},{"not_picked":["Sunder","Stack"],"picked":"Darkness","floor":14}],"player_experience":309276,"relics_obtained":[{"floor":6,"key":"PreservedInsect"},{"floor":12,"key":"StoneCalendar"}],"event_choices":[{"damage_healed":0,"gold_gain":175,"player_choice":"AGREE","damage_taken":0,"max_hp_gain":0,"max_hp_loss":0,"event_name":"Liars Game","floor":5,"gold_loss":0,"cards_obtained":["Doubt"]},{"damage_healed":0,"gold_gain":30,"player_choice":"Searched \u00273\u0027 times","damage_taken":0,"relics_obtained":["Blood Vial"],"max_hp_gain":0,"max_hp_loss":0,"event_name":"Dead Adventurer","floor":7,"gold_loss":0},{"damage_healed":0,"gold_gain":0,"player_choice":"Grow","damage_taken":0,"max_hp_gain":0,"max_hp_loss":0,"event_name":"Living Wall","floor":11,"gold_loss":0,"cards_upgraded":["Echo Form"]}],"is_beta":false,"boss_relics":[],"items_purged_floors":[3,8],"is_endless":false,"potions_floor_spawned":[1,6,7,10],"killed_by":"Slime Boss","ascension_level":3}