{"path_per_floor":["M","?","$","M","?","R","M","R","T","R","M","M","E","?","R","B",null,"M","M","$","M","M","R","E","M","T","R","E","$","M","?","R"],"character_chosen":"DEFECT","items_purchased":["Ball Lightning","Lockon"],"gold_per_floor":[112,112,37,51,51,51,64,64,87,87,97,109,144,144,144,246,246,246,246,94,94,94,94,94,94,94,94,94,13,13,13,13,13],"floor_reached":33,"campfire_rested":3,"playtime":1180,"current_hp_per_floor":[81,81,81,76,76,76,74,74,74,74,74,74,65,40,40,47,73,67,68,68,70,47,71,50,19,19,43,13,13,15,42,66,0],"items_purged":["Strike_B","Strike_B"],"gold":13,"score":359,"play_id":"5774424b-d0c3-4ded-98b0-7035f5c89ba7","local_time":"20180511105937","is_prod":false,"is_daily":false,"chose_seed":false,"is_ascension_mode":true,"campfire_upgraded":4,"timestamp":1526029177,"path_taken":["M","?","$","?","?","R","M","R","T","R","?","M","E","?","R","BOSS","M","M","$","M","M","R","E","M","T","R","E","$","?","?","R","BOSS"],"build_version":"2018-05-10","seed_source_timestamp":2844308045645576,"purchased_purges":2,"victory":false,"master_deck":["Strike_B","Strike_B","Defend_B","Defend_B","Defend_B","Defend_B","Zap+1","Dualcast+1","Ball Lightning+1","Machine Learning","Ball Lightning+1","Melter","Thunder Strike+1","Defragment+1","Ball Lightning+1","Skim","Lockon+1","Lockon+1"],"max_hp_per_floor":[82,82,82,82,82,82,82,82,82,82,82,82,82,82,82,82,82,82,82,82,82,82,82,82,82,82,82,82,82,82,82,82,82],"relics":["Cracked Core","Mango","Orichalcum","Bag of Preparation","Blood Vial","Molten Egg 2","Ectoplasm","Bottled Lightning","Prayer Wheel","Sundial"],"card_choices":[{"not_picked":["Sweeping Beam","Capacitor"],"picked":"Ball Lightning","floor":1},{"not_picked":["Axe Kick","Stack"],"picked":"Machine Learning","floor":11},{"not_picked":["Capacitor","Redo"],"picked":"Ball Lightning","floor":12},{"not_picked":["White Noise","Scrape"],"picked":"Melter","floor":13},{"not_picked":["Nova","Hyperbeam"],"picked":"Thunder Strike","floor":16},{"not_picked":["Melter","Cold Snap"],"picked":"Defragment","floor":19},{"not_picked":["Buffer","Stack"],"picked":"Skim","floor":22},{"not_picked":["Stack","Go for the Eyes"],"picked":"Lockon","floor":25}],"player_experience":430424,"potions_floor_usage":[16,16,24,28,30,33,33],"damage_taken":[{"damage":1,"enemies":"Cultist","floor":1,"turns":3},{"damage":5,"enemies":"Small Slimes","floor":4,"turns":3},{"damage":2,"enemies":"Jaw Worm","floor":7,"turns":2},{"damage":0,"enemies":"Gremlin Gang","floor":11,"turns":3},{"damage":0,"enemies":"Large Slime","floor":12,"turns":4},{"damage":9,"enemies":"Gremlin Nob","floor":13,"turns":3},{"damage":7,"enemies":"Slime Boss","floor":16,"turns":5},{"damage":8,"enemies":"Shell Parasite","floor":18,"turns":3},{"damage":1,"enemies":"Spheric Guardian","floor":19,"turns":3},{"damage":0,"enemies":"Snecko","floor":21,"turns":2},{"damage":25,"enemies":"Centurion and Healer","floor":22,"turns":3},{"damage":23,"enemies":"Slavers","floor":24,"turns":4},{"damage":33,"enemies":"Snake Plant","floor":25,"turns":3},{"damage":32,"enemies":"Gremlin Leader","floor":28,"turns":5},{"damage":0,"enemies":"Cultist and Chosen","floor":30,"turns":4},{"damage":94,"enemies":"Champ","floor":33,"turns":6}],"event_choices":[{"event_name":"The Lab","player_choice":"Got Potions","floor":2,"damage_taken":0},{"event_name":"Wheel of Change","player_choice":"Relic","floor":5,"damage_taken":0},{"event_name":"Scrap Ooze","player_choice":"success","floor":14,"damage_taken":25},{"event_name":"The Library","player_choice":"Heal","floor":31,"damage_taken":0}],"boss_relics":[{"not_picked":["Nuclear Battery","Tiny House"],"picked":"Ectoplasm"}],"potions_floor_spawned":[7,11,16,22,25,28],"seed_played":"8470569382807247043","killed_by":"Champ","ascension_level":5,"is_trial":false}