{"gold_per_floor":[112,37,37,89,99,99,128,128,154,154,154,172,184,219,219,319,319,332,431,442,101,26,26],"floor_reached":23,"playtime":1234,"items_purged":["Parasite","Strike_R"],"score":296,"play_id":"132c6e0b-5950-43a0-b5fc-af30168fef09","local_time":"20190324211741","is_ascension_mode":true,"campfire_choices":[{"data":"Armaments","floor":6,"key":"SMITH"},{"floor":15,"key":"REST"}],"neow_cost":"CURSE","seed_source_timestamp":84991316989983,"circlet_count":0,"master_deck":["AscendersBane","Strike_R","Defend_R","Defend_R","Defend_R","Bash+1","Twin Strike","Sever Soul","Warcry+1","Armaments+1","Shrug It Off+1","Pommel Strike","True Grit","Dropkick","Fiend Fire","Decay","Pommel Strike+1"],"relics":["Burning Blood","Oddly Smooth Stone","Omamori","Juzu Bracelet","Smiling Mask","Calling Bell","Blood Vial","Matryoshka","Bird Faced Urn","Peace Pipe"],"potions_floor_usage":[14,16,18,20],"damage_taken":[{"damage":6,"enemies":"Cultist","floor":1,"turns":3},{"damage":2,"enemies":"Jaw Worm","floor":5,"turns":3},{"damage":35,"enemies":"Lagavulin","floor":7,"turns":7},{"damage":4,"enemies":"Small Slimes","floor":12,"turns":3},{"damage":15,"enemies":"Blue Slaver","floor":13,"turns":4},{"damage":22,"enemies":"Gremlin Nob","floor":14,"turns":5},{"damage":20,"enemies":"The Guardian","floor":16,"turns":13},{"damage":8,"enemies":"3 Byrds","floor":18,"turns":5},{"damage":30,"enemies":"2 Thieves","floor":20,"turns":5},{"damage":47,"enemies":"Gremlin Leader","floor":23,"turns":3}],"seed_played":"7745556394408716075","potions_obtained":[{"floor":12,"key":"SpeedPotion"},{"floor":13,"key":"BloodPotion"},{"floor":16,"key":"AttackPotion"},{"floor":18,"key":"Block Potion"}],"is_trial":false,"path_per_floor":["M","$","?","T","M","R","E","?","T","?","?","M","M","E","R","B",null,"M","?","M","$","?","E"],"character_chosen":"IRONCLAD","items_purchased":["Peace Pipe"],"campfire_rested":1,"item_purchase_floors":[21],"current_hp_per_floor":[72,72,72,72,76,76,47,32,32,32,32,34,25,16,39,25,64,64,64,42,42,42,0],"gold":26,"neow_bonus":"TRANSFORM_TWO_CARDS","is_prod":false,"is_daily":false,"chose_seed":false,"campfire_upgraded":1,"win_rate":0,"timestamp":1553487461,"path_taken":["M","$","?","?","M","R","E","?","T","?","?","M","M","E","R","BOSS","M","?","M","$","?","E"],"build_version":"2019-01-23","purchased_purges":2,"victory":false,"max_hp_per_floor":[80,77,77,77,77,77,77,77,77,77,77,77,77,77,77,77,77,77,77,77,77,77,77],"card_choices":[{"not_picked":["Combust","Clash"],"picked":"Warcry","floor":1},{"not_picked":["Sever Soul","Flex"],"picked":"Armaments","floor":5},{"not_picked":["Clothesline","Impervious"],"picked":"Shrug It Off","floor":7},{"not_picked":["Sever Soul","Clash"],"picked":"Pommel Strike","floor":12},{"not_picked":["Thunderclap","Fiend Fire"],"picked":"True Grit","floor":13},{"not_picked":["Shrug It Off","Wild Strike"],"picked":"Dropkick","floor":14},{"not_picked":["Demon Form","Juggernaut"],"picked":"Fiend Fire","floor":16},{"not_picked":["Body Slam","Flex","Whirlwind"],"picked":"SKIP","floor":18},{"not_picked":["Havoc","Shrug It Off"],"picked":"Pommel Strike+1","floor":20}],"player_experience":530352,"relics_obtained":[{"floor":7,"key":"Oddly Smooth Stone"},{"floor":9,"key":"Omamori"},{"floor":14,"key":"Smiling Mask"},{"floor":17,"key":"Blood Vial"},{"floor":17,"key":"Matryoshka"},{"floor":17,"key":"Bird Faced Urn"}],"event_choices":[{"cards_removed":["Strike_R"],"damage_healed":0,"gold_gain":0,"player_choice":"Forget","damage_taken":0,"max_hp_gain":0,"max_hp_loss":0,"event_name":"Living Wall","floor":3,"gold_loss":0},{"damage_healed":0,"gold_gain":0,"player_choice":"Entered Light","damage_taken":15,"max_hp_gain":0,"max_hp_loss":0,"event_name":"Shining Light","floor":8,"gold_loss":0,"cards_upgraded":["Bash","Warcry"]},{"damage_healed":0,"gold_gain":0,"player_choice":"Searched \u00271\u0027 times","damage_taken":0,"relics_obtained":["Juzu Bracelet"],"max_hp_gain":0,"max_hp_loss":0,"event_name":"Dead Adventurer","floor":10,"gold_loss":0},{"damage_healed":0,"gold_gain":0,"player_choice":"Upgraded","damage_taken":0,"max_hp_gain":0,"max_hp_loss":0,"event_name":"Upgrade Shrine","floor":11,"gold_loss":0,"cards_upgraded":["Shrug It Off"]},{"damage_healed":0,"gold_gain":99,"player_choice":"Stole From Cult","damage_taken":0,"max_hp_gain":0,"max_hp_loss":0,"event_name":"Nest","floor":19,"gold_loss":0},{"cards_removed":["Strike_R"],"damage_healed":0,"gold_gain":0,"player_choice":"Gave Gold","damage_taken":0,"max_hp_gain":0,"max_hp_loss":0,"event_name":"Beggar","floor":22,"gold_loss":75}],"is_beta":false,"boss_relics":[{"not_picked":["Snecko Eye","Runic Cube"],"picked":"Calling Bell"}],"items_purged_floors":[2,21],"is_endless":false,"potions_floor_spawned":[12,13,16,18],"killed_by":"Gremlin Leader","ascension_level":10}