{"gold_per_floor":[112,112,112,112,188,214,214,249,318,3,3,38,113,15,15,118,118,138,138,158,173,83,83,108,108,134,152,165,5,30,30,30,125,125,137,137,155,155],"floor_reached":38,"playtime":1985,"items_purged":["Defend_R","Strike_R"],"score":755,"play_id":"18709d86-7a7e-473b-8d83-7a3e8310aac0","local_time":"20190324224346","is_ascension_mode":true,"campfire_choices":[{"data":"Whirlwind","floor":7,"key":"SMITH"},{"data":"Bash","floor":15,"key":"SMITH"},{"data":"Armaments","floor":23,"key":"SMITH"},{"data":"Dual Wield","floor":25,"key":"SMITH"},{"floor":32,"key":"REST"}],"neow_cost":"NONE","seed_source_timestamp":89404696020985,"circlet_count":0,"master_deck":["AscendersBane","Strike_R+1","Strike_R+1","Defend_R","Defend_R","Defend_R+1","Bash+1","Whirlwind+1","Flame Barrier+1","Dual Wield+1","Barricade","Shockwave","Armaments+1","Flame Barrier+1","Flex+1","Seeing Red","True Grit","Fire Breathing","Pommel Strike+1","Heavy Blade","Body Slam","Brutality+1","Thunderclap","Headbutt+1","Madness","Madness","Pommel Strike+1","Rampage+1"],"relics":["Burning Blood","NeowsBlessing","Question Card","PreservedInsect","Prayer Wheel","Blue Candle","Membership Card","Ornamental Fan","War Paint","OrangePellets","Busted Crown","Frozen Egg 2","Blood Vial","ClockworkSouvenir","Bottled Lightning","Fusion Hammer"],"potions_floor_usage":[12,24,28,31,38],"damage_taken":[{"damage":0,"enemies":"Jaw Worm","floor":1,"turns":1},{"damage":0,"enemies":"Lagavulin","floor":6,"turns":1},{"damage":0,"enemies":"Gremlin Nob","floor":8,"turns":1},{"damage":20,"enemies":"Lagavulin","floor":12,"turns":4},{"damage":20,"enemies":"The Guardian","floor":16,"turns":14},{"damage":0,"enemies":"3 Byrds","floor":18,"turns":3},{"damage":18,"enemies":"Spheric Guardian","floor":20,"turns":5},{"damage":11,"enemies":"Centurion and Healer","floor":21,"turns":6},{"damage":0,"enemies":"Gremlin Leader","floor":24,"turns":4},{"damage":20,"enemies":"Shelled Parasite and Fungi","floor":27,"turns":6},{"damage":18,"enemies":"Snake Plant","floor":28,"turns":2},{"damage":22,"enemies":"Book of Stabbing","floor":30,"turns":5},{"damage":0,"enemies":"Centurion and Healer","floor":31,"turns":1},{"damage":46,"enemies":"Collector","floor":33,"turns":9},{"damage":17,"enemies":"3 Darklings","floor":35,"turns":6},{"damage":16,"enemies":"Orb Walker","floor":37,"turns":2},{"damage":52,"enemies":"2 Orb Walkers","floor":38,"turns":2}],"seed_played":"-4676878032436834535","potions_obtained":[{"floor":1,"key":"Ancient Potion"},{"floor":8,"key":"AttackPotion"},{"floor":18,"key":"Strength Potion"},{"floor":27,"key":"Weak Potion"},{"floor":28,"key":"SmokeBomb"},{"floor":35,"key":"Ancient Potion"},{"floor":37,"key":"LiquidBronze"}],"is_trial":false,"path_per_floor":["M","?","?","?","T","E","R","E","T","$","?","E","?","$","R","B",null,"M","?","M","M","$","R","E","R","T","M","M","$","E","M","R","B",null,"M","?","M","?"],"character_chosen":"IRONCLAD","items_purchased":["Membership Card","Ornamental Fan","OrangePellets","True Grit","Fire Breathing","ClockworkSouvenir","Heavy Blade"],"campfire_rested":1,"item_purchase_floors":[10,10,14,22,22,29,29],"current_hp_per_floor":[78,62,55,55,55,61,61,67,67,67,67,53,42,42,42,28,67,73,73,61,56,56,56,62,62,62,50,40,40,26,34,58,20,65,56,46,38,0],"gold":155,"neow_bonus":"THREE_ENEMY_KILL","is_prod":false,"is_daily":false,"chose_seed":false,"campfire_upgraded":4,"win_rate":0,"timestamp":1553492626,"path_taken":["M","?","?","?","?","E","R","E","T","?","?","E","?","$","R","BOSS","M","?","?","M","$","R","E","R","T","M","M","$","E","M","R","BOSS","M","?","M","?"],"build_version":"2019-01-23","purchased_purges":2,"victory":false,"max_hp_per_floor":[80,80,80,80,80,80,80,80,80,80,80,80,80,80,80,80,80,80,80,80,80,80,80,80,80,80,80,80,80,80,80,80,80,80,80,80,80,80],"card_choices":[{"not_picked":["Intimidate","Anger"],"picked":"Whirlwind","floor":1},{"not_picked":["Sword Boomerang","Anger","Exhume"],"picked":"Flame Barrier","floor":6},{"not_picked":["Burning Pact","Perfected Strike","Havoc","Rage"],"picked":"SKIP","floor":8},{"not_picked":["Burning Pact","Perfected Strike","Havoc","Rage"],"picked":"SKIP","floor":8},{"not_picked":["Fiend Fire","Twin Strike","Cleave"],"picked":"Dual Wield","floor":12},{"not_picked":["Limit Break","Exhume","Immolate"],"picked":"Barricade","floor":16},{"not_picked":["Anger+1"],"picked":"Shockwave","floor":18},{"not_picked":["Shrug It Off+1"],"picked":"Armaments","floor":18},{"not_picked":["Dual Wield"],"picked":"Flex+1","floor":20},{"not_picked":["Flex","Blood for Blood"],"picked":"SKIP","floor":20},{"not_picked":["Anger"],"picked":"Seeing Red","floor":21},{"not_picked":["Wild Strike","Flex"],"picked":"SKIP","floor":21},{"not_picked":["Dual Wield","True Grit"],"picked":"SKIP","floor":24},{"not_picked":["Sword Boomerang"],"picked":"Pommel Strike+1","floor":27},{"not_picked":["Headbutt","Havoc"],"picked":"SKIP","floor":27},{"not_picked":["Thunderclap","Rage"],"picked":"SKIP","floor":28},{"not_picked":["Clothesline+1","Dual Wield"],"picked":"SKIP","floor":28},{"not_picked":["Carnage"],"picked":"Body Slam","floor":30},{"not_picked":["Impervious"],"picked":"Brutality+1","floor":33},{"not_picked":["Wild Strike"],"picked":"Thunderclap","floor":35},{"not_picked":["Corruption+1"],"picked":"Headbutt+1","floor":35},{"not_picked":["Intimidate"],"picked":"Pommel Strike+1","floor":37},{"not_picked":["Warcry+1"],"picked":"Rampage+1","floor":37}],"player_experience":534724,"relics_obtained":[{"floor":5,"key":"Question Card"},{"floor":6,"key":"PreservedInsect"},{"floor":8,"key":"Prayer Wheel"},{"floor":9,"key":"Blue Candle"},{"floor":12,"key":"War Paint"},{"floor":24,"key":"Frozen Egg 2"},{"floor":26,"key":"Blood Vial"},{"floor":30,"key":"Bottled Lightning"}],"event_choices":[{"damage_healed":0,"gold_gain":0,"player_choice":"Entered Light","damage_taken":16,"max_hp_gain":0,"max_hp_loss":0,"event_name":"Shining Light","floor":2,"gold_loss":0,"cards_upgraded":["Strike_R","Strike_R"]},{"cards_removed":["Strike_R"],"damage_healed":0,"gold_gain":0,"player_choice":"Card Removal","damage_taken":7,"max_hp_gain":0,"max_hp_loss":0,"event_name":"Golden Wing","floor":3,"gold_loss":0},{"cards_removed":["Strike_R"],"damage_healed":0,"gold_gain":0,"player_choice":"Forget","damage_taken":0,"max_hp_gain":0,"max_hp_loss":0,"event_name":"Living Wall","floor":4,"gold_loss":0},{"damage_healed":0,"gold_gain":0,"player_choice":"Leave","damage_taken":0,"max_hp_gain":0,"max_hp_loss":0,"event_name":"The Cleric","floor":11,"gold_loss":0},{"damage_healed":0,"gold_gain":75,"player_choice":"Gather Gold","damage_taken":11,"max_hp_gain":0,"max_hp_loss":0,"event_name":"World of Goop","floor":13,"gold_loss":0},{"damage_healed":0,"gold_gain":0,"player_choice":"Copied","damage_taken":0,"max_hp_gain":0,"max_hp_loss":0,"event_name":"Duplicator","floor":19,"gold_loss":0,"cards_obtained":["Flame Barrier"]},{"damage_healed":0,"gold_gain":0,"player_choice":"Embrace Madness","damage_taken":10,"max_hp_gain":0,"max_hp_loss":0,"event_name":"Winding Halls","floor":36,"gold_loss":0,"cards_obtained":["Madness","Madness"]},{"damage_healed":0,"gold_gain":0,"player_choice":"Fight","damage_taken":0,"max_hp_gain":0,"max_hp_loss":0,"event_name":"Mysterious Sphere","floor":38,"gold_loss":0}],"is_beta":false,"boss_relics":[{"not_picked":["Runic Dome","Sozu"],"picked":"Busted Crown"},{"not_picked":["Orrery","Cursed Key"],"picked":"Fusion Hammer"}],"items_purged_floors":[22,29],"is_endless":false,"potions_floor_spawned":[1,8,18,27,28,31,35,37],"killed_by":"2 Orb Walkers","ascension_level":10}