{"gold_per_floor":[210,210,222,239,21,21,31,45,45,75,75,75,102,121,121,218,218,230,247,247,14,14],"floor_reached":22,"playtime":978,"items_purged":["Strike_R"],"score":317,"play_id":"536d38f5-15b1-4aea-a3f3-106beed2f4d5","local_time":"20190406123356","is_ascension_mode":true,"campfire_choices":[{"data":"True Grit","floor":6,"key":"SMITH"},{"floor":15,"key":"REST"}],"neow_cost":"NONE","seed_source_timestamp":22169214830301,"circlet_count":0,"master_deck":["AscendersBane","Strike_R","Defend_R","Defend_R","Defend_R","Defend_R","Bash+1","True Grit+1","Headbutt","Immolate","Flex","Rage","Evolve","Entrench+1","Bludgeon","Uppercut","Juggernaut","Blood for Blood","Clash+1","Feel No Pain","Discovery"],"relics":["Burning Blood","OrangePellets","Paper Frog","Bronze Scales","Charon\u0027s Ashes","Empty Cage"],"potions_floor_usage":[16,16,20],"damage_taken":[{"damage":15,"enemies":"Small Slimes","floor":1,"turns":3},{"damage":1,"enemies":"Cultist","floor":3,"turns":3},{"damage":2,"enemies":"Jaw Worm","floor":4,"turns":3},{"damage":13,"enemies":"Large Slime","floor":7,"turns":4},{"damage":11,"enemies":"Blue Slaver","floor":8,"turns":4},{"damage":26,"enemies":"Lagavulin","floor":10,"turns":7},{"damage":18,"enemies":"3 Sentries","floor":13,"turns":8},{"damage":11,"enemies":"Gremlin Gang","floor":14,"turns":3},{"damage":37,"enemies":"The Guardian","floor":16,"turns":9},{"damage":40,"enemies":"2 Thieves","floor":18,"turns":4},{"damage":18,"enemies":"Shell Parasite","floor":19,"turns":4},{"damage":7,"enemies":"Snecko","floor":20,"turns":3},{"damage":18,"enemies":"Snake Plant","floor":22,"turns":2}],"seed_played":"-9087041135639950698","potions_obtained":[{"floor":4,"key":"Ancient Potion"},{"floor":7,"key":"GamblersBrew"},{"floor":10,"key":"AttackPotion"},{"floor":14,"key":"Ancient Potion"},{"floor":18,"key":"SmokeBomb"},{"floor":19,"key":"Ancient Potion"}],"is_trial":false,"path_per_floor":["M","?","M","M","$","R","M","M","T","E","?","?","E","M","R","B",null,"M","M","M","$","M"],"character_chosen":"IRONCLAD","items_purchased":["OrangePellets","Flex","Feel No Pain","Discovery"],"campfire_rested":1,"item_purchase_floors":[5,5,21,21],"current_hp_per_floor":[63,63,68,72,72,72,65,60,60,40,33,33,21,16,40,9,62,28,16,15,15,0],"gold":14,"neow_bonus":"HUNDRED_GOLD","is_prod":false,"is_daily":false,"chose_seed":false,"campfire_upgraded":1,"win_rate":0,"timestamp":1554579236,"path_taken":["M","?","M","M","$","R","?","M","T","E","?","?","E","M","R","BOSS","M","M","M","$","M"],"build_version":"2019-01-23","purchased_purges":1,"victory":false,"max_hp_per_floor":[80,80,80,80,80,80,80,80,80,80,80,80,80,80,80,80,80,80,80,80,80,80],"card_choices":[{"not_picked":["Sword Boomerang","Havoc"],"picked":"True Grit","floor":1},{"not_picked":["Wild Strike","Reckless Charge"],"picked":"Headbutt","floor":3},{"not_picked":["True Grit","Thunderclap"],"picked":"Immolate","floor":4},{"not_picked":["Body Slam","Clash"],"picked":"Rage","floor":7},{"not_picked":["Anger","Twin Strike"],"picked":"Evolve","floor":8},{"not_picked":["Corruption","Cleave"],"picked":"Entrench","floor":10},{"not_picked":["Warcry","True Grit"],"picked":"Bludgeon","floor":13},{"not_picked":["Shrug It Off","Burning Pact"],"picked":"Uppercut","floor":14},{"not_picked":["Immolate","Impervious"],"picked":"Juggernaut","floor":16},{"not_picked":["Iron Wave","Evolve"],"picked":"Blood for Blood","floor":18},{"not_picked":["Sword Boomerang","Cleave"],"picked":"Clash+1","floor":19}],"player_experience":614100,"relics_obtained":[{"floor":9,"key":"Paper Frog"},{"floor":10,"key":"Bronze Scales"},{"floor":13,"key":"Charon\u0027s Ashes"}],"event_choices":[{"damage_healed":0,"gold_gain":0,"player_choice":"Upgraded","damage_taken":0,"max_hp_gain":0,"max_hp_loss":0,"event_name":"Upgrade Shrine","floor":2,"gold_loss":0,"cards_upgraded":["Bash"]},{"cards_removed":["Strike_R"],"damage_healed":0,"gold_gain":0,"player_choice":"Card Removal","damage_taken":7,"max_hp_gain":0,"max_hp_loss":0,"event_name":"Golden Wing","floor":11,"gold_loss":0},{"damage_healed":0,"gold_gain":0,"player_choice":"Grow","damage_taken":0,"max_hp_gain":0,"max_hp_loss":0,"event_name":"Living Wall","floor":12,"gold_loss":0,"cards_upgraded":["Entrench"]}],"is_beta":false,"boss_relics":[{"not_picked":["Black Star","Eternal Feather"],"picked":"Empty Cage"}],"items_purged_floors":[21],"is_endless":false,"potions_floor_spawned":[4,7,10,14,18,19],"killed_by":"Snake Plant","ascension_level":12}