{"gold_per_floor":[213,213,225,238,255,255,281,281,281,291,310,114,114,28,28,132,132,150,170,170,90,16,16],"floor_reached":23,"playtime":2074,"items_purged":[],"score":306,"play_id":"88b2d47e-38ad-4fbd-b1a0-11ba00a31bc2","local_time":"20190503201018","is_ascension_mode":true,"campfire_choices":[{"data":"Spot Weakness","floor":6,"key":"SMITH"},{"data":"Bash","floor":8,"key":"SMITH"},{"floor":13,"key":"REST"},{"data":"Rampage","floor":15,"key":"SMITH"}],"neow_cost":"NONE","seed_source_timestamp":307231061078656,"circlet_count":0,"master_deck":["AscendersBane","Strike_R","Strike_R","Strike_R","Defend_R","Defend_R","Defend_R","Defend_R","Bash+1","Spot Weakness+1","Impervious","Burning Pact","Warcry","Rage+1","Armaments+1","Rampage+1","Shrug It Off+1","Brutality","Seeing Red+1","Battle Trance+1","Ghostly Armor+1","Uppercut","Havoc+1","Inflame","Entrench+1","Metallicize"],"relics":["Burning Blood","Meat on the Bone","Toxic Egg 2","OrangePellets","Orrery"],"potions_floor_usage":[7,23,23],"damage_taken":[{"damage":6,"enemies":"Small Slimes","floor":1,"turns":4},{"damage":1,"enemies":"Cultist","floor":3,"turns":4},{"damage":3,"enemies":"2 Louse","floor":4,"turns":4},{"damage":20,"enemies":"Gremlin Gang","floor":5,"turns":9},{"damage":40,"enemies":"3 Sentries","floor":7,"turns":12},{"damage":12,"enemies":"Looter","floor":10,"turns":4},{"damage":4,"enemies":"Exordium Wildlife","floor":11,"turns":5},{"damage":37,"enemies":"The Guardian","floor":16,"turns":13},{"damage":15,"enemies":"Chosen","floor":18,"turns":5},{"damage":29,"enemies":"3 Byrds","floor":19,"turns":7},{"damage":62,"enemies":"Gremlin Leader","floor":23,"turns":7}],"seed_played":"6018061270627039992","potions_obtained":[{"floor":1,"key":"SpeedPotion"},{"floor":10,"key":"Regen Potion"},{"floor":16,"key":"Block Potion"},{"floor":19,"key":"PowerPotion"}],"is_trial":false,"path_per_floor":["M","?","M","M","M","R","E","R","T","M","M","$","R","$","R","B",null,"M","M","?","$","$","E"],"character_chosen":"IRONCLAD","items_purchased":["OrangePellets","Rampage","Shrug It Off+1","Entrench+1","Metallicize"],"campfire_rested":1,"item_purchase_floors":[12,14,14,21,22],"current_hp_per_floor":[72,72,77,80,66,66,32,32,32,38,52,52,76,76,76,57,74,65,54,54,54,54,0],"gold":16,"neow_bonus":"HUNDRED_GOLD","is_prod":false,"is_daily":false,"chose_seed":false,"campfire_upgraded":3,"win_rate":0,"timestamp":1556939418,"path_taken":["M","?","M","M","M","R","E","R","T","M","M","$","R","$","R","BOSS","M","M","?","?","$","E"],"build_version":"2019-01-23","purchased_purges":0,"victory":false,"max_hp_per_floor":[80,80,80,80,80,80,80,80,80,80,80,80,80,80,80,80,80,80,80,80,80,80,80],"card_choices":[{"not_picked":["Carnage","Shrug It Off"],"picked":"Spot Weakness","floor":1},{"not_picked":["Clash","Sword Boomerang","Dropkick"],"picked":"SKIP","floor":3},{"not_picked":["Clash","Sword Boomerang","Dropkick"],"picked":"SKIP","floor":3},{"not_picked":["Perfected Strike","Twin Strike"],"picked":"Impervious","floor":4},{"not_picked":["Headbutt","Corruption"],"picked":"Burning Pact","floor":5},{"not_picked":["Corruption","Sever Soul"],"picked":"Warcry","floor":7},{"not_picked":["Perfected Strike","Shockwave+1"],"picked":"Rage+1","floor":10},{"not_picked":["Perfected Strike","Twin Strike"],"picked":"Armaments+1","floor":11},{"not_picked":["Exhume+1","Barricade"],"picked":"Brutality","floor":16},{"not_picked":["Thunderclap","Searing Blow"],"picked":"Seeing Red+1","floor":17},{"not_picked":["Cleave","Warcry+1"],"picked":"Battle Trance+1","floor":17},{"not_picked":["Wild Strike","Thunderclap"],"picked":"Ghostly Armor+1","floor":17},{"not_picked":["Body Slam","Clash"],"picked":"Uppercut","floor":17},{"not_picked":["Spot Weakness+1","Anger"],"picked":"Havoc+1","floor":18},{"not_picked":["Twin Strike","Sword Boomerang"],"picked":"Inflame","floor":19}],"player_experience":669308,"relics_obtained":[{"floor":7,"key":"Meat on the Bone"},{"floor":9,"key":"Toxic Egg 2"}],"event_choices":[{"cards_removed":["Strike_R"],"damage_healed":0,"gold_gain":0,"player_choice":"Purged","damage_taken":0,"max_hp_gain":0,"max_hp_loss":0,"event_name":"Purifier","floor":2,"gold_loss":0},{"cards_removed":["Strike_R"],"damage_healed":0,"gold_gain":0,"player_choice":"Purged","damage_taken":0,"max_hp_gain":0,"max_hp_loss":0,"event_name":"Purifier","floor":20,"gold_loss":0}],"is_beta":false,"boss_relics":[{"not_picked":["Lizard Tail","Mark of Pain"],"picked":"Orrery"}],"items_purged_floors":[],"is_endless":false,"potions_floor_spawned":[1,10,16,19],"killed_by":"Gremlin Leader","ascension_level":12}