{"gold_per_floor":[114,132,132,148,162,162,181,0,0,0,26,26,61,98,98,195,245,265,279,229,246,246,246,7,58,58,83],"floor_reached":27,"playtime":1930,"items_purged":[],"score":402,"play_id":"75f7658b-c4e5-4c2c-94ce-45b530edb31d","local_time":"20190324100602","is_ascension_mode":true,"campfire_choices":[{"data":"Heavy Blade","floor":6,"key":"SMITH"},{"data":"Demon Form","floor":10,"key":"SMITH"},{"data":"HandOfGreed","floor":15,"key":"SMITH"},{"data":"Armaments","floor":23,"key":"SMITH"}],"neow_cost":"NONE","seed_source_timestamp":43994776124147,"circlet_count":0,"master_deck":["AscendersBane","Strike_R","Strike_R","Strike_R","Strike_R","Strike_R","Defend_R+1","Defend_R","Defend_R","Bash","Demon Form+1","Heavy Blade+1","Ghostly Armor","Sword Boomerang","Impervious","HandOfGreed+1","Feel No Pain","Havoc","Fiend Fire","Armaments+1","Ghostly Armor+1","Shrug It Off+1","True Grit","Rage","Feed"],"relics":["Burning Blood","Vajra","Blood Vial","Darkstone Periapt","Lantern","Tiny House","Potion Belt","Bird Faced Urn","Bottled Lightning"],"potions_floor_usage":[16,27,27,27,27],"damage_taken":[{"damage":19,"enemies":"Small Slimes","floor":1,"turns":4},{"damage":8,"enemies":"Jaw Worm","floor":2,"turns":4},{"damage":0,"enemies":"Cultist","floor":4,"turns":4},{"damage":26,"enemies":"Exordium Thugs","floor":5,"turns":6},{"damage":6,"enemies":"Exordium Wildlife","floor":7,"turns":4},{"damage":8,"enemies":"Gremlin Nob","floor":11,"turns":4},{"damage":0,"enemies":"Lagavulin","floor":13,"turns":4},{"damage":12,"enemies":"Looter","floor":14,"turns":4},{"damage":38,"enemies":"Slime Boss","floor":16,"turns":6},{"damage":30,"enemies":"Spheric Guardian","floor":18,"turns":6},{"damage":7,"enemies":"Chosen","floor":19,"turns":6},{"damage":0,"enemies":"Snecko","floor":21,"turns":4},{"damage":31,"enemies":"Gremlin Leader","floor":25,"turns":8},{"damage":37,"enemies":"Slavers","floor":27,"turns":6}],"seed_played":"5341759418993247809","potions_obtained":[{"floor":5,"key":"SpeedPotion"},{"floor":14,"key":"Fire Potion"},{"floor":16,"key":"AttackPotion"},{"floor":17,"key":"SmokeBomb"},{"floor":19,"key":"Ancient Potion"},{"floor":25,"key":"LiquidBronze"}],"is_trial":false,"path_per_floor":["M","M","?","M","M","R","M","$","T","R","E","$","E","M","R","B",null,"M","M","?","M","T","R","$","E","T","E"],"character_chosen":"IRONCLAD","items_purchased":["HandOfGreed","True Grit","Potion Belt","Rage"],"campfire_rested":0,"item_purchase_floors":[8,24,24,24],"current_hp_per_floor":[59,57,54,60,40,40,40,40,40,40,40,40,48,44,44,14,69,47,48,48,56,56,56,56,33,33,0],"gold":83,"neow_bonus":"TRANSFORM_CARD","is_prod":false,"is_daily":false,"chose_seed":false,"campfire_upgraded":4,"win_rate":0,"timestamp":1553447162,"path_taken":["M","M","?","M","M","R","M","$","T","R","E","$","E","M","R","BOSS","M","M","?","?","?","R","?","E","T","E"],"build_version":"2019-01-23","purchased_purges":0,"victory":false,"max_hp_per_floor":[80,80,80,80,80,80,80,80,80,80,80,80,80,80,80,80,85,85,85,85,85,85,85,85,85,85,85],"card_choices":[{"not_picked":["Anger","Corruption"],"picked":"Heavy Blade","floor":1},{"not_picked":["Power Through","Rupture"],"picked":"Ghostly Armor","floor":2},{"not_picked":["Body Slam","Anger"],"picked":"Sword Boomerang","floor":4},{"not_picked":["Cleave","Feel No Pain","Headbutt"],"picked":"SKIP","floor":5},{"not_picked":["Clash","Pommel Strike"],"picked":"Impervious","floor":7},{"not_picked":["Wild Strike","Perfected Strike"],"picked":"Feel No Pain","floor":11},{"not_picked":["Clothesline","Dropkick","Havoc"],"picked":"SKIP","floor":13},{"not_picked":["Clothesline","Dropkick"],"picked":"Havoc","floor":13},{"not_picked":["Warcry","Hemokinesis","Sword Boomerang"],"picked":"SKIP","floor":14},{"not_picked":["Berserk","Dark Embrace"],"picked":"Fiend Fire","floor":16},{"not_picked":["Clash","Pommel Strike"],"picked":"Armaments","floor":17},{"not_picked":["Searing Blow+1","Anger"],"picked":"Ghostly Armor+1","floor":18},{"not_picked":["Shockwave","Iron Wave"],"picked":"Shrug It Off+1","floor":19},{"not_picked":["Warcry","Rupture+1","Heavy Blade"],"picked":"SKIP","floor":21},{"not_picked":["Flex+1","Headbutt"],"picked":"Feed","floor":25}],"player_experience":517708,"relics_obtained":[{"floor":9,"key":"Blood Vial"},{"floor":11,"key":"Darkstone Periapt"},{"floor":13,"key":"Lantern"},{"floor":25,"key":"Bird Faced Urn"},{"floor":26,"key":"Bottled Lightning"}],"event_choices":[{"damage_healed":0,"gold_gain":0,"player_choice":"Success","damage_taken":3,"relics_obtained":["Vajra"],"max_hp_gain":0,"max_hp_loss":0,"event_name":"Scrap Ooze","floor":3,"gold_loss":0},{"damage_healed":0,"gold_gain":0,"player_choice":"Bet on Murderer","damage_taken":0,"max_hp_gain":0,"max_hp_loss":0,"event_name":"The Joust","floor":20,"gold_loss":50}],"is_beta":false,"boss_relics":[{"not_picked":["Eternal Feather","Mark of Pain"],"picked":"Tiny House"}],"items_purged_floors":[],"is_endless":false,"potions_floor_spawned":[5,14,16,19,21,25],"killed_by":"Slavers","ascension_level":10}