{"gold_per_floor":[111,111,124,74,74,74,93,93,93,93,120,45,61,75,75,173,223,243,243,256,80,80,106,106,139,139,139,139,139,154,154,154,251,251,263,263,280,127,127,161,161,161,187,187,233,247,247,264,264,264,264,264,91,123,123],"floor_reached":55,"playtime":1972,"items_purged":["Strike_B","Zap","Dualcast"],"score":779,"play_id":"6bd68682-863b-4212-bdbe-d7eb196bcba1","local_time":"20190430182913","is_ascension_mode":false,"campfire_choices":[{"floor":6,"key":"DIG"},{"floor":10,"key":"DIG"},{"floor":15,"key":"DIG"},{"floor":24,"key":"DIG"},{"floor":27,"key":"DIG"},{"floor":29,"key":"RECALL"},{"floor":32,"key":"REST"},{"floor":42,"key":"REST"},{"floor":44,"key":"DIG"},{"floor":49,"key":"REST"},{"data":"Secret Technique","floor":52,"key":"SMITH"}],"neow_cost":"CURSE","seed_source_timestamp":1411860445677538,"circlet_count":0,"master_deck":["Defend_B+1","Defend_B+1","Defend_B+1","Defend_B+1","Gash+1","Gash","All For One","Gash","Beam Cell+1","Gash","BootSequence+1","Go for the Eyes","All For One+1","Gash+1","Hologram","Secret Technique+1","Hologram","Hologram"],"relics":["Cracked Core","Shovel","Letter Opener","Pen Nib","Bottled Flame","Juzu Bracelet","Tiny House","Bag of Preparation","Whetstone","Mango","Darkstone Periapt","Symbiotic Virus","Pear","Molten Egg 2","Sozu","Potion Belt","Vajra","Omamori","Ice Cream","Oddly Smooth Stone"],"potions_floor_usage":[23,23,30,40],"damage_taken":[{"damage":3,"enemies":"Small Slimes","floor":1,"turns":3},{"damage":1,"enemies":"2 Louse","floor":3,"turns":2},{"damage":6,"enemies":"Jaw Worm","floor":7,"turns":3},{"damage":30,"enemies":"Lagavulin","floor":11,"turns":5},{"damage":0,"enemies":"2 Fungi Beasts","floor":13,"turns":2},{"damage":1,"enemies":"3 Louse","floor":14,"turns":2},{"damage":20,"enemies":"Slime Boss","floor":16,"turns":4},{"damage":25,"enemies":"2 Thieves","floor":18,"turns":3},{"damage":4,"enemies":"Shell Parasite","floor":20,"turns":4},{"damage":38,"enemies":"Slavers","floor":23,"turns":4},{"damage":0,"enemies":"Book of Stabbing","floor":25,"turns":3},{"damage":11,"enemies":"3 Cultists","floor":30,"turns":4},{"damage":4,"enemies":"Champ","floor":33,"turns":6},{"damage":0,"enemies":"3 Shapes","floor":35,"turns":3},{"damage":3,"enemies":"3 Darklings","floor":37,"turns":4},{"damage":66,"enemies":"Nemesis","floor":40,"turns":5},{"damage":11,"enemies":"2 Orb Walkers","floor":45,"turns":3},{"damage":0,"enemies":"Transient","floor":46,"turns":5},{"damage":0,"enemies":"Spire Growth","floor":48,"turns":2},{"damage":19,"enemies":"Awakened One","floor":50,"turns":5},{"damage":15,"enemies":"Shield and Spear","floor":54,"turns":3},{"damage":97,"enemies":"The Heart","floor":55,"turns":5}],"seed_played":"8728298394653977006","potions_obtained":[{"floor":1,"key":"SteroidPotion"},{"floor":11,"key":"GamblersBrew"},{"floor":14,"key":"Regen Potion"},{"floor":25,"key":"Explosive Potion"},{"floor":33,"key":"GamblersBrew"}],"is_trial":false,"path_per_floor":["M","?","M","?","$","R","M","?","T","R","E","$","M","M","R","B",null,"M","?","M","$","?","E","R","E","T","R","?","R","M","?","R","B",null,"M","?","M","$","?","E","?","R","T","R","?","M","?","M","R","B",null,"R","$","E","B"],"character_chosen":"DEFECT","items_purchased":["Gash","Bag of Preparation","Hologram","Hologram"],"campfire_rested":3,"item_purchase_floors":[21,21,38,53],"current_hp_per_floor":[72,77,76,76,76,76,70,70,70,70,40,40,40,39,39,19,85,60,60,56,56,56,30,44,44,44,54,54,54,43,43,75,71,109,109,109,106,106,106,40,40,72,72,72,61,61,61,61,93,74,109,109,109,94,0],"gold":123,"neow_bonus":"ONE_RARE_RELIC","is_prod":false,"is_daily":false,"chose_seed":false,"campfire_upgraded":1,"win_rate":0,"timestamp":1556641753,"path_taken":["M","?","M","?","$","R","M","?","T","R","E","?","M","M","R","BOSS","M","?","M","$","?","E","R","E","T","R","?","R","M","?","R","BOSS","M","?","M","$","?","E","?","R","T","R","?","M","?","M","R","BOSS","R","$","E","BOSS"],"build_version":"2019-04-23","purchased_purges":3,"victory":false,"max_hp_per_floor":[75,80,80,80,80,80,80,80,80,80,80,80,80,80,80,80,85,85,85,85,85,85,85,99,99,99,109,109,109,109,109,109,109,109,109,109,109,109,109,109,109,109,109,109,109,109,109,109,109,109,109,109,109,109,109],"card_choices":[{"not_picked":["Go for the Eyes","Beam Cell"],"picked":"Gash","floor":1},{"not_picked":["Conserve Battery","Chaos"],"picked":"Gash","floor":3},{"not_picked":["Sweeping Beam","Coolheaded","White Noise"],"picked":"SKIP","floor":7},{"not_picked":["Self Repair","Skim","Meteor Strike"],"picked":"SKIP","floor":11},{"not_picked":["Streamline","Coolheaded","Barrage"],"picked":"SKIP","floor":13},{"not_picked":["Rebound","Storm","Lockon"],"picked":"SKIP","floor":14},{"not_picked":["Streamline","Coolheaded"],"picked":"Gash","floor":17},{"not_picked":["Barrage+1","Steam+1"],"picked":"Beam Cell","floor":18},{"not_picked":["Redo","Lockon","Conserve Battery"],"picked":"SKIP","floor":20},{"not_picked":["Rip and Tear","Static Discharge"],"picked":"BootSequence+1","floor":23},{"not_picked":["Melter","Cold Snap+1"],"picked":"Go for the Eyes","floor":25},{"not_picked":["Go for the Eyes","Sunder","Creative AI"],"picked":"SKIP","floor":30},{"not_picked":["Echo Form","Creative AI"],"picked":"All For One+1","floor":33},{"not_picked":["Ball Lightning+1","Redo+1"],"picked":"Gash+1","floor":35},{"not_picked":["Ball Lightning+1","Leap+1","BootSequence"],"picked":"SKIP","floor":37},{"not_picked":["Deep Breath","Forethought"],"picked":"Secret Technique","floor":39},{"not_picked":["Stack","Fission"],"picked":"Hologram","floor":40},{"not_picked":["Barrage+1","Rebound+1","Force Field+1"],"picked":"SKIP","floor":46},{"not_picked":["Loop","Rebound+1","Hello World+1"],"picked":"SKIP","floor":48},{"not_picked":["Double Energy","Sweeping Beam+1","Static Discharge"],"picked":"SKIP","floor":54}],"player_experience":531051,"relics_obtained":[{"floor":6,"key":"Letter Opener"},{"floor":10,"key":"Pen Nib"},{"floor":11,"key":"Bottled Flame"},{"floor":15,"key":"Juzu Bracelet"},{"floor":23,"key":"Whetstone"},{"floor":24,"key":"Mango"},{"floor":25,"key":"Darkstone Periapt"},{"floor":26,"key":"Symbiotic Virus"},{"floor":27,"key":"Pear"},{"floor":40,"key":"Potion Belt"},{"floor":43,"key":"Vajra"},{"floor":44,"key":"Omamori"},{"floor":45,"key":"Ice Cream"},{"floor":54,"key":"Oddly Smooth Stone"}],"event_choices":[{"damage_healed":0,"gold_gain":0,"player_choice":"Donut","damage_taken":0,"max_hp_gain":5,"max_hp_loss":0,"event_name":"Big Fish","floor":2,"gold_loss":0},{"cards_removed":["Normality"],"damage_healed":0,"gold_gain":0,"player_choice":"Card Removal","damage_taken":0,"max_hp_gain":0,"max_hp_loss":0,"event_name":"The Cleric","floor":4,"gold_loss":50},{"damage_healed":0,"gold_gain":0,"cards_transformed":["Strike_B"],"player_choice":"Change","damage_taken":0,"max_hp_gain":0,"max_hp_loss":0,"event_name":"Living Wall","floor":8,"gold_loss":0,"cards_obtained":["All For One"]},{"damage_healed":0,"gold_gain":0,"player_choice":"Simplicity","damage_taken":0,"max_hp_gain":0,"max_hp_loss":0,"event_name":"Back to Basics","floor":19,"gold_loss":0,"cards_upgraded":["Strike_B","Defend_B","Defend_B","Defend_B","Defend_B"]},{"cards_removed":["Strike_B"],"damage_healed":0,"gold_gain":0,"player_choice":"Purged","damage_taken":0,"max_hp_gain":0,"max_hp_loss":0,"event_name":"Purifier","floor":22,"gold_loss":0},{"damage_healed":0,"gold_gain":0,"player_choice":"Ignored","damage_taken":0,"max_hp_gain":0,"max_hp_loss":0,"event_name":"Vampires","floor":28,"gold_loss":0},{"damage_healed":0,"gold_gain":0,"player_choice":"Gave Potion","damage_taken":0,"relics_obtained":["Molten Egg 2"],"max_hp_gain":0,"max_hp_loss":0,"event_name":"WeMeetAgain","floor":31,"gold_loss":0},{"damage_healed":0,"gold_gain":0,"player_choice":"Ignored","damage_taken":0,"max_hp_gain":0,"max_hp_loss":0,"event_name":"Tomb of Lord Red Mask","floor":36,"gold_loss":0},{"damage_healed":0,"gold_gain":0,"player_choice":"Memory 1","damage_taken":0,"max_hp_gain":0,"max_hp_loss":0,"event_name":"SensoryStone","floor":39,"gold_loss":0},{"damage_healed":0,"gold_gain":0,"player_choice":"Ignored","damage_taken":0,"max_hp_gain":0,"max_hp_loss":0,"event_name":"The Moai Head","floor":41,"gold_loss":0},{"damage_healed":0,"gold_gain":0,"player_choice":"Fight","damage_taken":0,"max_hp_gain":0,"max_hp_loss":0,"event_name":"Mysterious Sphere","floor":45,"gold_loss":0},{"cards_removed":["Strike_B"],"damage_healed":0,"gold_gain":0,"player_choice":"Removed Attack","damage_taken":0,"max_hp_gain":0,"max_hp_loss":0,"event_name":"Falling","floor":47,"gold_loss":0}],"is_beta":true,"boss_relics":[{"not_picked":["Busted Crown","Velvet Choker"],"picked":"Tiny House"},{"not_picked":["Eternal Feather","Philosopher\u0027s Stone"],"picked":"Sozu"}],"items_purged_floors":[12,38,53],"is_endless":false,"potions_floor_spawned":[1,11,14,18,20,25,33,35,54],"killed_by":"The Heart","ascension_level":0}