{"gold_per_floor":[110,110,121,45,64,64,91,21,45,60,85,85,143,162,162,262,262,272,272,272,283,85,85,98,98,124,23,23,40,71,89,89,89],"floor_reached":33,"playtime":1447,"items_purged":["Strike_R","Strike_R"],"score":585,"play_id":"b3d29ea8-ae90-4260-b3ae-d631fdc90f74","local_time":"20190406125816","is_ascension_mode":true,"campfire_choices":[{"data":"Uppercut","floor":6,"key":"SMITH"},{"data":"Havoc","floor":15,"key":"SMITH"},{"data":"Fiend Fire","floor":23,"key":"SMITH"},{"data":"Armaments","floor":28,"key":"SMITH"},{"data":"Bash","floor":32,"key":"SMITH"}],"neow_cost":"TEN_PERCENT_HP_LOSS","seed_source_timestamp":23159997118467,"circlet_count":0,"master_deck":["AscendersBane","Strike_R","Strike_R","Defend_R","Defend_R","Defend_R","Defend_R","Bash+1","Bludgeon+1","Blood for Blood","Uppercut+1","Dropkick","Havoc+1","Shrug It Off","Evolve","Thunderclap","Fiend Fire+1","True Grit+1","Inflame","Shrug It Off+1","Purity","Metallicize","Metallicize","Ghostly","Ghostly","Ghostly","Ghostly","Ghostly","Armaments+1","Pommel Strike+1","Brutality","Whirlwind+1"],"relics":["Burning Blood","PreservedInsect","Ancient Tea Set","Darkstone Periapt","Coffee Dripper","Nilry\u0027s Codex","Smiling Mask","Turnip"],"potions_floor_usage":[10,16,16,16,16,30,33],"damage_taken":[{"damage":0,"enemies":"2 Louse","floor":1,"turns":3},{"damage":0,"enemies":"Cultist","floor":3,"turns":2},{"damage":0,"enemies":"Small Slimes","floor":5,"turns":3},{"damage":35,"enemies":"Lagavulin","floor":7,"turns":5},{"damage":1,"enemies":"2 Fungi Beasts","floor":10,"turns":4},{"damage":16,"enemies":"Gremlin Nob","floor":11,"turns":3},{"damage":9,"enemies":"Looter","floor":14,"turns":4},{"damage":0,"enemies":"Slime Boss","floor":16,"turns":7},{"damage":9,"enemies":"3 Byrds","floor":18,"turns":5},{"damage":13,"enemies":"Shell Parasite","floor":21,"turns":3},{"damage":14,"enemies":"Centurion and Healer","floor":24,"turns":4},{"damage":20,"enemies":"3 Cultists","floor":29,"turns":8},{"damage":0,"enemies":"Gremlin Leader","floor":30,"turns":7},{"damage":0,"enemies":"Shelled Parasite and Fungi","floor":31,"turns":7},{"damage":45,"enemies":"Champ","floor":33,"turns":14}],"seed_played":"-8305305079588656467","potions_obtained":[{"floor":1,"key":"Strength Potion"},{"floor":5,"key":"Fire Potion"},{"floor":11,"key":"EntropicBrew"},{"floor":24,"key":"Explosive Potion"},{"floor":30,"key":"Block Potion"}],"is_trial":false,"path_per_floor":["M","?","M","$","M","R","E","$","T","M","E","?","?","M","R","B",null,"M","?","?","M","$","R","M","?","T","$","R","M","E","M","R","B"],"character_chosen":"IRONCLAD","items_purchased":["Dropkick","Evolve","Purity","Metallicize","Armaments"],"campfire_rested":0,"item_purchase_floors":[4,8,22,22,27],"current_hp_per_floor":[72,72,72,72,72,72,43,43,43,48,38,38,38,35,35,41,64,61,45,45,38,38,38,30,30,30,30,30,16,22,28,28,0],"gold":89,"neow_bonus":"THREE_RARE_CARDS","is_prod":false,"is_daily":false,"chose_seed":false,"campfire_upgraded":5,"win_rate":0,"timestamp":1554580696,"path_taken":["M","?","?","$","M","R","E","$","T","M","E","?","?","M","R","BOSS","M","?","?","?","$","R","M","?","T","?","R","?","E","M","R","BOSS"],"build_version":"2019-01-23","purchased_purges":2,"victory":false,"max_hp_per_floor":[72,72,72,72,72,72,72,72,72,72,72,72,72,72,72,72,72,72,72,72,72,72,72,72,36,36,36,36,36,36,36,36,36],"card_choices":[{"not_picked":["Dark Embrace","Brutality"],"picked":"Bludgeon","floor":0},{"not_picked":["Infernal Blade","Feel No Pain"],"picked":"Blood for Blood","floor":1},{"not_picked":["Clash","Body Slam"],"picked":"Uppercut","floor":3},{"not_picked":["Wild Strike","Twin Strike"],"picked":"Havoc","floor":5},{"not_picked":["Wild Strike","Havoc"],"picked":"Shrug It Off","floor":7},{"not_picked":["Heavy Blade","Clothesline","Sword Boomerang"],"picked":"SKIP","floor":10},{"not_picked":["Sentinel","Perfected Strike"],"picked":"Thunderclap","floor":11},{"not_picked":["Sword Boomerang","Hemokinesis","Headbutt"],"picked":"SKIP","floor":14},{"not_picked":["Feed","Double Tap"],"picked":"Fiend Fire","floor":16},{"not_picked":["Havoc","Seeing Red"],"picked":"True Grit+1","floor":18},{"not_picked":["Clothesline","Power Through"],"picked":"Shrug It Off+1","floor":21},{"not_picked":["Pommel Strike","Heavy Blade"],"picked":"Metallicize","floor":24},{"not_picked":["Searing Blow","Clothesline"],"picked":"Pommel Strike+1","floor":29},{"not_picked":["Seeing Red","Ghostly Armor"],"picked":"Brutality","floor":30},{"not_picked":["Disarm","Armaments"],"picked":"Whirlwind+1","floor":31}],"player_experience":615078,"relics_obtained":[{"floor":7,"key":"PreservedInsect"},{"floor":9,"key":"Ancient Tea Set"},{"floor":11,"key":"Darkstone Periapt"},{"floor":19,"key":"Nilry\u0027s Codex"},{"floor":26,"key":"Smiling Mask"},{"floor":30,"key":"Turnip"}],"event_choices":[{"damage_healed":0,"gold_gain":0,"player_choice":"Upgraded","damage_taken":0,"max_hp_gain":0,"max_hp_loss":0,"event_name":"Upgrade Shrine","floor":2,"gold_loss":0,"cards_upgraded":["Bludgeon"]},{"damage_healed":0,"gold_gain":0,"player_choice":"Ignored","damage_taken":0,"max_hp_gain":0,"max_hp_loss":0,"event_name":"Liars Game","floor":12,"gold_loss":0},{"damage_healed":0,"gold_gain":58,"player_choice":"Gained Gold","damage_taken":0,"max_hp_gain":0,"max_hp_loss":0,"event_name":"Golden Wing","floor":13,"gold_loss":0},{"damage_healed":0,"gold_gain":0,"player_choice":"Obtained Book","damage_taken":16,"max_hp_gain":0,"max_hp_loss":0,"event_name":"Cursed Tome","floor":19,"gold_loss":0},{"damage_healed":0,"gold_gain":0,"cards_transformed":["Strike_R"],"player_choice":"Transformed","damage_taken":0,"max_hp_gain":0,"max_hp_loss":0,"event_name":"Transmorgrifier","floor":20,"gold_loss":0,"cards_obtained":["Inflame"]},{"damage_healed":0,"gold_gain":0,"player_choice":"Became a Ghost","damage_taken":0,"max_hp_gain":0,"max_hp_loss":36,"event_name":"Ghosts","floor":25,"gold_loss":0,"cards_obtained":["Ghostly","Ghostly","Ghostly","Ghostly","Ghostly"]}],"is_beta":false,"boss_relics":[{"not_picked":["Cursed Key","Runic Cube"],"picked":"Coffee Dripper"}],"items_purged_floors":[22,27],"is_endless":false,"potions_floor_spawned":[1,5,11,24,30],"killed_by":"Champ","ascension_level":12}