{"gold_per_floor":[115,47,65,65,83,111,111,145,145,145,145,224,224,236,236,331,331,345,363,51,66,66,66,78,78,101,112,12,27,47,47,47,47],"floor_reached":33,"playtime":2393,"items_purged":["Strike_R","Strike_R"],"score":257,"play_id":"fc9df38c-f5af-486a-bf8a-32c1ddc73621","local_time":"20181209150745","is_ascension_mode":false,"campfire_choices":[{"data":"Body Slam","floor":11,"key":"SMITH"},{"data":"Entrench","floor":13,"key":"SMITH"},{"data":"Rampage","floor":15,"key":"SMITH"},{"data":"Fiend Fire","floor":23,"key":"SMITH"},{"data":"Burning Pact","floor":25,"key":"SMITH"},{"data":"Genetic Algorithm","floor":32,"key":"SMITH"}],"neow_cost":"NONE","seed_source_timestamp":415434864752126,"circlet_count":0,"master_deck":["Strike_R+1","Defend_R","Defend_R+1","Defend_R","Defend_R+1","Bash+1","Body Slam+1","Rampage+1","Entrench+1","Fiend Fire+1","Pommel Strike","Berserk+1","Metallicize+1","Burning Pact+1","Inflame+1","Madness","Outmaneuver","Genetic Algorithm+1"],"relics":["Burning Blood","Calipers","Matryoshka","War Paint","Happy Flower","Molten Egg 2","Meat on the Bone","Coffee Dripper","PrismaticShard","Regal Pillow","Nloth\u0027s Gift"],"potions_floor_usage":[1,3,3,3,5,6,6,16,30,33],"damage_taken":[{"damage":6,"enemies":"Cultist","floor":1,"turns":3},{"damage":0,"enemies":"Small Slimes","floor":3,"turns":2},{"damage":0,"enemies":"2 Louse","floor":5,"turns":3},{"damage":16,"enemies":"Gremlin Nob","floor":6,"turns":5},{"damage":36,"enemies":"Lagavulin","floor":8,"turns":6},{"damage":2,"enemies":"Looter","floor":14,"turns":3},{"damage":28,"enemies":"Hexaghost","floor":16,"turns":8},{"damage":12,"enemies":"Shell Parasite","floor":18,"turns":6},{"damage":29,"enemies":"Chosen","floor":19,"turns":6},{"damage":13,"enemies":"Snake Plant","floor":21,"turns":5},{"damage":17,"enemies":"Cultist and Chosen","floor":24,"turns":6},{"damage":5,"enemies":"Snecko","floor":27,"turns":5},{"damage":2,"enemies":"Centurion and Healer","floor":29,"turns":5},{"damage":26,"enemies":"Snake Plant","floor":30,"turns":4},{"damage":55,"enemies":"Automaton","floor":33,"turns":6}],"seed_played":"-6373525990072278534","potions_obtained":[{"floor":0,"key":"AttackPotion"},{"floor":0,"key":"Fruit Juice"},{"floor":0,"key":"SpeedPotion"},{"floor":1,"key":"EntropicBrew"},{"floor":3,"key":"PowerPotion"},{"floor":14,"key":"EssenceOfSteel"},{"floor":16,"key":"PowerPotion"},{"floor":21,"key":"GamblersBrew"},{"floor":27,"key":"GamblersBrew"}],"is_trial":false,"path_per_floor":["M","$","M","?","M","E","?","E","T","?","R","T","R","M","R","B",null,"M","M","$","M","?","R","M","R","T","M","$","M","M","?","R","B"],"character_chosen":"IRONCLAD","items_purchased":["Rampage","Metallicize+1","PrismaticShard"],"campfire_rested":0,"item_purchase_floors":[2,20,20],"current_hp_per_floor":[85,85,85,78,84,74,57,27,27,20,20,20,20,36,36,26,85,79,56,56,49,49,49,50,50,50,51,51,55,47,47,47,0],"gold":47,"neow_bonus":"THREE_SMALL_POTIONS","is_prod":false,"is_daily":false,"chose_seed":false,"campfire_upgraded":6,"win_rate":0.0,"timestamp":1544393265,"path_taken":["M","$","?","?","M","E","?","E","T","?","R","?","R","M","R","BOSS","M","M","$","M","?","R","M","R","T","M","$","M","?","?","R","BOSS"],"build_version":"2018-12-06","purchased_purges":2,"victory":false,"max_hp_per_floor":[85,85,85,85,85,85,85,85,85,85,85,85,85,85,85,85,85,85,85,85,85,85,85,85,85,85,85,85,85,85,85,85,85],"card_choices":[{"not_picked":["Cleave","Heavy Blade"],"picked":"Body Slam","floor":1},{"not_picked":["Spot Weakness","Headbutt"],"picked":"Entrench","floor":3},{"not_picked":["Hemokinesis","Combust","Shrug It Off"],"picked":"SKIP","floor":5},{"not_picked":["Cleave","Ghostly Armor"],"picked":"Fiend Fire","floor":6},{"not_picked":["Cleave","Thunderclap"],"picked":"Pommel Strike","floor":8},{"not_picked":["Sever Soul+1","Sword Boomerang+1","Flame Barrier"],"picked":"SKIP","floor":14},{"not_picked":["Offering","Fiend Fire+1"],"picked":"Berserk+1","floor":16},{"not_picked":["Hemokinesis+1","Corruption+1","Rampage+1"],"picked":"SKIP","floor":18},{"not_picked":["Clash+1","Armaments","Twin Strike+1"],"picked":"SKIP","floor":19},{"not_picked":["Impatience+1","Sword Boomerang+1"],"picked":"Burning Pact","floor":21},{"not_picked":["Gash+1","Glacier"],"picked":"Madness","floor":24},{"not_picked":["Deflect","Rebound+1"],"picked":"Outmaneuver","floor":27},{"not_picked":["Conserve Battery+1","Sever Soul+1"],"picked":"Genetic Algorithm","floor":29},{"not_picked":["Sweeping Beam+1","Barrage+1","Dagger Spray+1"],"picked":"SKIP","floor":30}],"player_experience":28920,"relics_obtained":[{"floor":6,"key":"Calipers"},{"floor":8,"key":"Matryoshka"},{"floor":9,"key":"Frozen Egg 2"},{"floor":9,"key":"War Paint"},{"floor":12,"key":"Molten Egg 2"},{"floor":12,"key":"Meat on the Bone"},{"floor":26,"key":"Regal Pillow"}],"event_choices":[{"cards_removed":["Strike_R"],"damage_healed":0,"gold_gain":0,"player_choice":"Card Removal","damage_taken":7,"max_hp_gain":0,"max_hp_loss":0,"event_name":"Golden Wing","floor":4,"gold_loss":0},{"damage_healed":0,"gold_gain":0,"player_choice":"Entered Light","damage_taken":17,"max_hp_gain":0,"max_hp_loss":0,"event_name":"Shining Light","floor":7,"gold_loss":0,"cards_upgraded":["Strike_R","Bash"]},{"damage_healed":0,"gold_gain":0,"player_choice":"Success","damage_taken":7,"relics_obtained":["Happy Flower"],"max_hp_gain":0,"max_hp_loss":0,"event_name":"Scrap Ooze","floor":10,"gold_loss":0},{"damage_healed":0,"gold_gain":0,"cards_transformed":["Strike_R"],"player_choice":"Transformed","damage_taken":0,"max_hp_gain":0,"max_hp_loss":0,"event_name":"Transmorgrifier","floor":22,"gold_loss":0,"cards_obtained":["Inflame"]},{"damage_healed":0,"gold_gain":0,"player_choice":"Traded Relic","damage_taken":0,"relics_obtained":["Nloth\u0027s Gift"],"max_hp_gain":0,"max_hp_loss":0,"event_name":"N\u0027loth","floor":31,"relics_lost":["Frozen Egg 2"],"gold_loss":0}],"is_beta":false,"boss_relics":[{"not_picked":["Philosopher\u0027s Stone","Busted Crown"],"picked":"Coffee Dripper"}],"items_purged_floors":[20,28],"is_endless":false,"potions_floor_spawned":[1,3,14,16,21,27,29],"killed_by":"Automaton","ascension_level":0}