{"gold_per_floor":[18,33,33,52,227,227,242,274,274,274,305,40,55,71,71,175,175,185,200,125,137,237,237,269,269,269,285,318,417,90,108,108,210,210,226,226,326,345,345],"floor_reached":39,"playtime":2929,"items_purged":["Doubt","Doubt"],"score":478,"play_id":"f38f521d-b272-4984-8cc4-5833f78004d5","local_time":"20190706204925","is_ascension_mode":true,"campfire_choices":[{"data":"Spot Weakness","floor":6,"key":"SMITH"},{"floor":10,"key":"REST"},{"floor":15,"key":"REST"},{"floor":23,"key":"REST"},{"floor":25,"key":"REST"},{"floor":32,"key":"REST"}],"neow_cost":"NO_GOLD","seed_source_timestamp":760374401950828,"circlet_count":0,"master_deck":["Strike_R","Strike_R","Strike_R+1","Strike_R","Strike_R","Defend_R","Defend_R","Defend_R","Bash","Cleave+1","Intimidate+1","Spot Weakness+1","Flex+1","Clothesline","Heavy Blade+1","Headbutt","Headbutt","Impervious","Parasite","Headbutt+1","Shrug It Off+1","Rupture+1","Inflame","Whirlwind","Immolate","Limit Break","Heavy Blade+1","Thunderclap+1","Parasite"],"relics":["Burning Blood","Pocketwatch","Gremlin Horn","Shuriken","Lantern","Sling","Calling Bell","Centennial Puzzle","Pantograph","StoneCalendar","Whetstone","Happy Flower","War Paint","Bag of Marbles","Philosopher\u0027s Stone","WingedGreaves"],"potions_floor_usage":[8,19,24,27,33,39],"damage_taken":[{"damage":6,"enemies":"Jaw Worm","floor":1,"turns":3},{"damage":5,"enemies":"2 Louse","floor":2,"turns":3},{"damage":6,"enemies":"Small Slimes","floor":4,"turns":2},{"damage":15,"enemies":"Gremlin Gang","floor":7,"turns":3},{"damage":32,"enemies":"Gremlin Nob","floor":8,"turns":4},{"damage":34,"enemies":"Lagavulin","floor":11,"turns":7},{"damage":0,"enemies":"2 Fungi Beasts","floor":13,"turns":2},{"damage":10,"enemies":"Large Slime","floor":14,"turns":4},{"damage":58,"enemies":"Hexaghost","floor":16,"turns":8},{"damage":28,"enemies":"Shell Parasite","floor":18,"turns":4},{"damage":31,"enemies":"3 Byrds","floor":19,"turns":5},{"damage":15,"enemies":"Snecko","floor":21,"turns":6},{"damage":29,"enemies":"Book of Stabbing","floor":24,"turns":6},{"damage":13,"enemies":"3 Cultists","floor":27,"turns":4},{"damage":8,"enemies":"Slavers","floor":28,"turns":5},{"damage":10,"enemies":"Chosen and Byrds","floor":31,"turns":4},{"damage":55,"enemies":"Champ","floor":33,"turns":8},{"damage":16,"enemies":"3 Darklings","floor":35,"turns":3},{"damage":39,"enemies":"Mind Bloom Boss Battle","floor":37,"turns":6},{"damage":18,"enemies":"3 Shapes","floor":38,"turns":2},{"damage":43,"enemies":"Writhing Mass","floor":39,"turns":4}],"seed_played":"5004722844846439047","potions_obtained":[{"floor":2,"key":"Fire Potion"},{"floor":8,"key":"Strength Potion"},{"floor":13,"key":"Weak Potion"},{"floor":14,"key":"Swift Potion"},{"floor":16,"key":"Regen Potion"},{"floor":21,"key":"Explosive Potion"},{"floor":31,"key":"FearPotion"},{"floor":38,"key":"SpeedPotion"}],"is_trial":false,"path_per_floor":["M","M","?","M","?","R","M","E","T","R","E","$","M","M","R","B",null,"M","M","?","M","?","R","E","R","T","M","E","?","$","M","R","B",null,"M","?","?","M","M"],"character_chosen":"IRONCLAD","items_purchased":["Sling","Bag of Marbles","Whirlwind"],"campfire_rested":5,"item_purchase_floors":[12,30,30],"current_hp_per_floor":[80,80,80,80,80,80,71,45,45,69,41,41,47,43,67,15,80,58,42,42,33,33,57,34,58,58,51,49,49,49,45,69,31,80,70,70,47,35,0],"gold":345,"neow_bonus":"ONE_RARE_RELIC","is_prod":false,"is_daily":false,"chose_seed":false,"campfire_upgraded":1,"win_rate":0,"timestamp":1562442565,"path_taken":["M","M","?","M","?","R","M","E","T","R","E","$","M","M","R","BOSS","M","M","?","M","?","R","E","R","T","?","E","?","$","M","R","BOSS","M","?","?","?","M"],"build_version":"2019-07-05","purchased_purges":2,"victory":false,"max_hp_per_floor":[80,80,80,80,80,80,80,80,80,80,80,80,80,80,80,80,80,80,80,80,80,80,80,80,80,80,80,80,80,80,80,80,80,80,80,80,80,80,80],"card_choices":[{"not_picked":["Shockwave","Havoc"],"picked":"Cleave","floor":1},{"not_picked":["Evolve","Second Wind"],"picked":"Intimidate","floor":2},{"not_picked":["Feel No Pain","Evolve"],"picked":"Spot Weakness","floor":4},{"not_picked":["Sword Boomerang","Clothesline"],"picked":"Flex","floor":7},{"not_picked":["Twin Strike","Hemokinesis"],"picked":"Clothesline","floor":8},{"not_picked":["Infernal Blade","Rupture"],"picked":"Heavy Blade","floor":11},{"not_picked":["Thunderclap","Shrug It Off"],"picked":"Headbutt","floor":13},{"not_picked":["Body Slam","Barricade"],"picked":"Headbutt","floor":14},{"not_picked":["Fiend Fire","Juggernaut"],"picked":"Impervious","floor":16},{"not_picked":["Dual Wield","Disarm+1"],"picked":"Headbutt+1","floor":18},{"not_picked":["Thunderclap","Clash","True Grit"],"picked":"SKIP","floor":19},{"not_picked":["True Grit","Body Slam"],"picked":"Shrug It Off+1","floor":21},{"not_picked":["Reckless Charge","Clothesline"],"picked":"Rupture+1","floor":24},{"not_picked":["Combust+1","Thunderclap","Shrug It Off"],"picked":"SKIP","floor":27},{"not_picked":["Flame Barrier","Burning Pact"],"picked":"Inflame","floor":28},{"not_picked":["Headbutt+1","Uppercut"],"picked":"Immolate","floor":31},{"not_picked":["Bludgeon","Fiend Fire"],"picked":"Limit Break","floor":33},{"not_picked":["Searing Blow+1","Fire Breathing","True Grit+1"],"picked":"SKIP","floor":35},{"not_picked":["Blood for Blood+1","Armaments+1"],"picked":"Heavy Blade+1","floor":37},{"not_picked":["Anger","Entrench"],"picked":"Thunderclap+1","floor":38}],"player_experience":43576,"relics_obtained":[{"floor":8,"key":"Gremlin Horn"},{"floor":9,"key":"Shuriken"},{"floor":11,"key":"Lantern"},{"floor":17,"key":"Centennial Puzzle"},{"floor":17,"key":"Pantograph"},{"floor":17,"key":"StoneCalendar"},{"floor":24,"key":"Whetstone"},{"floor":26,"key":"Happy Flower"},{"floor":28,"key":"War Paint"},{"floor":37,"key":"WingedGreaves"}],"event_choices":[{"damage_healed":0,"gold_gain":0,"player_choice":"Grow","damage_taken":0,"max_hp_gain":0,"max_hp_loss":0,"event_name":"Living Wall","floor":3,"gold_loss":0,"cards_upgraded":["Cleave"]},{"damage_healed":0,"gold_gain":175,"player_choice":"AGREE","damage_taken":0,"max_hp_gain":0,"max_hp_loss":0,"event_name":"Liars Game","floor":5,"gold_loss":0,"cards_obtained":["Doubt"]},{"cards_removed":["Shame"],"damage_healed":0,"gold_gain":0,"player_choice":"Gave Gold","damage_taken":0,"max_hp_gain":0,"max_hp_loss":0,"event_name":"Beggar","floor":20,"gold_loss":75},{"damage_healed":0,"gold_gain":100,"player_choice":"Pray","damage_taken":0,"max_hp_gain":0,"max_hp_loss":0,"event_name":"Golden Shrine","floor":22,"gold_loss":0},{"damage_healed":0,"gold_gain":99,"player_choice":"Stole From Cult","damage_taken":0,"max_hp_gain":0,"max_hp_loss":0,"event_name":"Nest","floor":29,"gold_loss":0},{"cards_removed":["Defend_R"],"damage_healed":0,"gold_gain":0,"player_choice":"Removed Skill","damage_taken":0,"max_hp_gain":0,"max_hp_loss":0,"event_name":"Falling","floor":36,"gold_loss":0},{"damage_healed":0,"gold_gain":0,"player_choice":"Fight","damage_taken":0,"max_hp_gain":0,"max_hp_loss":0,"event_name":"MindBloom","floor":37,"gold_loss":0}],"is_beta":false,"boss_relics":[{"not_picked":["Fusion Hammer","Empty Cage"],"picked":"Calling Bell"},{"not_picked":["Snecko Eye","Astrolabe"],"picked":"Philosopher\u0027s Stone"}],"items_purged_floors":[12,30],"is_endless":false,"potions_floor_spawned":[2,8,13,14,16,21,28,31,38],"killed_by":"Writhing Mass","ascension_level":1}