{"gold_per_floor":[115,130,305,305,305,305,328,328,328,140,164,21,54,69,69,69],"floor_reached":16,"playtime":1137,"items_purged":["Defend_G"],"score":90,"play_id":"79e3b282-e8df-4ee8-94da-d1f328f7edf6","local_time":"20181213194108","is_ascension_mode":false,"campfire_choices":[{"data":"Neutralize","floor":6,"key":"SMITH"},{"data":"Tactician","floor":8,"key":"SMITH"},{"data":"Night Terror","floor":15,"key":"SMITH"}],"neow_cost":"NONE","seed_source_timestamp":144699192102121,"circlet_count":0,"master_deck":["Defend_G","Defend_G","Defend_G","Defend_G","Strike_G","Strike_G","Strike_G","Strike_G","Strike_G","Survivor","Neutralize+1","Acrobatics","Doubt","Tactician+1","Infinite Blades","Finisher","Backflip","Night Terror+1","Calculated Gamble"],"relics":["Ring of the Snake","Orichalcum","Golden Idol","Shuriken","Odd Mushroom"],"potions_floor_usage":[13,16,16],"damage_taken":[{"damage":0,"enemies":"2 Louse","floor":1,"turns":3},{"damage":3,"enemies":"Jaw Worm","floor":2,"turns":5},{"damage":0,"enemies":"Small Slimes","floor":7,"turns":4},{"damage":0,"enemies":"Looter","floor":11,"turns":3},{"damage":15,"enemies":"The Mushroom Lair","floor":13,"turns":4},{"damage":9,"enemies":"Large Slime","floor":14,"turns":5},{"damage":26,"enemies":"The Guardian","floor":16,"turns":5}],"seed_played":"9129646662821733782","potions_obtained":[{"floor":7,"key":"Dexterity Potion"},{"floor":11,"key":"PowerPotion"},{"floor":13,"key":"Explosive Potion"}],"is_trial":false,"path_per_floor":["M","M","?","?","?","R","M","R","T","$","M","$","?","M","R","B"],"character_chosen":"THE_SILENT","items_purchased":["Infinite Blades","Finisher","Night Terror"],"campfire_rested":0,"item_purchase_floors":[10,10,12],"current_hp_per_floor":[77,74,74,67,48,48,48,48,48,48,48,48,33,24,24,0],"gold":69,"neow_bonus":"TEN_PERCENT_HP_BONUS","is_prod":false,"is_daily":false,"chose_seed":false,"campfire_upgraded":3,"win_rate":0.0,"timestamp":1544755268,"path_taken":["M","M","?","?","?","R","M","R","T","$","M","$","?","M","R","BOSS"],"build_version":"2018-12-13","purchased_purges":1,"victory":false,"max_hp_per_floor":[77,77,77,77,77,77,77,77,77,77,77,77,77,77,77,77],"card_choices":[{"not_picked":["Sucker Punch","Eviscerate","Slice"],"picked":"SKIP","floor":1},{"not_picked":["Underhanded Strike","Sucker Punch"],"picked":"Acrobatics","floor":2},{"not_picked":["Riddle With Holes","Deflect"],"picked":"Tactician","floor":7},{"not_picked":["Deadly Poison","Quick Slash"],"picked":"Backflip","floor":11},{"not_picked":["Quick Slash","PiercingWail"],"picked":"Calculated Gamble","floor":13},{"not_picked":["Flying Knee","Expertise","Blade Dance"],"picked":"SKIP","floor":14}],"player_experience":85569,"relics_obtained":[{"floor":9,"key":"Shuriken"},{"floor":13,"key":"Odd Mushroom"}],"event_choices":[{"damage_healed":0,"gold_gain":175,"player_choice":"AGREE","damage_taken":0,"max_hp_gain":0,"max_hp_loss":0,"event_name":"Liars Game","floor":3,"gold_loss":0,"cards_obtained":["Doubt"]},{"damage_healed":0,"gold_gain":0,"player_choice":"Success","damage_taken":7,"relics_obtained":["Orichalcum"],"max_hp_gain":0,"max_hp_loss":0,"event_name":"Scrap Ooze","floor":4,"gold_loss":0},{"damage_healed":0,"gold_gain":0,"player_choice":"Take Damage","damage_taken":19,"relics_obtained":["Golden Idol"],"max_hp_gain":0,"max_hp_loss":0,"event_name":"Golden Idol","floor":5,"gold_loss":0},{"damage_healed":0,"gold_gain":0,"player_choice":"Fought Mushrooms","damage_taken":0,"max_hp_gain":0,"max_hp_loss":0,"event_name":"Mushrooms","floor":13,"gold_loss":0}],"is_beta":false,"boss_relics":[],"items_purged_floors":[10],"is_endless":false,"potions_floor_spawned":[7,11,13],"killed_by":"The Guardian","ascension_level":0}