{"gold_per_floor":[110,120,139,66,83,83,93,93,93,122,122,153,228,261,261,364,364,383,383,400,500,500,500,500,511,511,91,91,118,0,32,32,32],"floor_reached":33,"playtime":1624,"items_purged":["Strike_R"],"score":316,"play_id":"6f0791e3-2517-43ed-87c6-ec20b037679e","local_time":"20181221082546","is_ascension_mode":true,"campfire_choices":[{"data":"True Grit","floor":6,"key":"SMITH"},{"data":"Bludgeon","floor":8,"key":"SMITH"},{"data":"Reaper","floor":11,"key":"SMITH"},{"data":"Body Slam","floor":15,"key":"SMITH"},{"floor":24,"key":"REST"},{"data":"Strike_R","floor":28,"key":"PURGE"},{"floor":32,"key":"REST"}],"neow_cost":"NONE","seed_source_timestamp":168263671201800,"circlet_count":0,"master_deck":["Strike_R","Strike_R","Strike_R","Defend_R","Defend_R","Defend_R+1","Defend_R","Bash","True Grit+1","Body Slam+1","Inflame","Bludgeon+1","Reaper+1","Warcry","Double Tap+1","Writhe","Battle Trance+1","Dropkick"],"relics":["Burning Blood","NeowsBlessing","Turnip","Pocketwatch","Gambling Chip","Unceasing Top","Mark of Pain","Peace Pipe","Dodecahedron","Art of War","MutagenicStrength","War Paint","TheAbacus","Happy Flower","Thread and Needle"],"potions_floor_usage":[12,16,18,21],"damage_taken":[{"damage":0,"enemies":"Jaw Worm","floor":1,"turns":1},{"damage":0,"enemies":"Cultist","floor":2,"turns":1},{"damage":0,"enemies":"2 Louse","floor":3,"turns":1},{"damage":2,"enemies":"Blue Slaver","floor":5,"turns":6},{"damage":10,"enemies":"Looter","floor":7,"turns":2},{"damage":24,"enemies":"Gremlin Nob","floor":10,"turns":4},{"damage":18,"enemies":"3 Sentries","floor":12,"turns":6},{"damage":27,"enemies":"Lagavulin","floor":14,"turns":5},{"damage":17,"enemies":"Slime Boss","floor":16,"turns":6},{"damage":33,"enemies":"2 Thieves","floor":18,"turns":4},{"damage":0,"enemies":"Shell Parasite","floor":20,"turns":1},{"damage":45,"enemies":"Colosseum Slavers","floor":21,"turns":4},{"damage":55,"enemies":"Colosseum Nobs","floor":21,"turns":5},{"damage":15,"enemies":"Snecko","floor":25,"turns":3},{"damage":23,"enemies":"Slavers","floor":29,"turns":5},{"damage":54,"enemies":"Gremlin Leader","floor":31,"turns":6},{"damage":43,"enemies":"Collector","floor":33,"turns":3}],"seed_played":"431115417966835508","potions_obtained":[{"floor":5,"key":"FearPotion"},{"floor":7,"key":"SkillPotion"},{"floor":16,"key":"LiquidBronze"},{"floor":18,"key":"SmokeBomb"},{"floor":20,"key":"Regen Potion"}],"is_trial":false,"path_per_floor":["M","M","M","$","M","R","M","R","T","E","R","E","?","E","R","B",null,"M","?","M","?","?","?","R","M","T","$","R","E","?","E","R","B"],"character_chosen":"IRONCLAD","items_purchased":["Bludgeon","War Paint","TheAbacus"],"campfire_rested":2,"item_purchase_floors":[4,27,27],"current_hp_per_floor":[80,80,80,80,80,80,76,76,76,58,58,53,45,29,29,32,80,53,45,51,10,10,10,34,32,32,32,32,25,25,7,31,0],"gold":32,"neow_bonus":"THREE_ENEMY_KILL","is_prod":false,"is_daily":false,"chose_seed":false,"campfire_upgraded":4,"win_rate":0,"timestamp":1545405946,"path_taken":["M","M","M","$","M","R","M","R","T","E","R","E","?","E","R","BOSS","M","?","?","?","?","?","R","M","T","?","R","E","?","E","R","BOSS"],"build_version":"2018-12-20","purchased_purges":1,"victory":false,"max_hp_per_floor":[80,80,80,80,80,80,80,80,80,80,80,80,80,80,80,80,80,80,80,80,80,80,80,80,80,80,80,80,80,80,80,80,80],"card_choices":[{"not_picked":["Pommel Strike","Body Slam"],"picked":"True Grit","floor":1},{"not_picked":["Iron Wave","Anger"],"picked":"Body Slam","floor":2},{"not_picked":["Sword Boomerang","Heavy Blade"],"picked":"Inflame","floor":3},{"not_picked":["Entrench","Rampage","Thunderclap"],"picked":"SKIP","floor":5},{"not_picked":["Shockwave","Armaments","Clothesline"],"picked":"SKIP","floor":7},{"not_picked":["Hemokinesis","Cleave"],"picked":"Reaper","floor":10},{"not_picked":["Rampage","Pummel","Perfected Strike"],"picked":"SKIP","floor":12},{"not_picked":["Uppercut","Perfected Strike"],"picked":"Warcry","floor":14},{"not_picked":["Fiend Fire","Brutality"],"picked":"Double Tap","floor":16},{"not_picked":["Carnage","Anger","Body Slam"],"picked":"SKIP","floor":18},{"not_picked":["Clash","Searing Blow","Havoc+1"],"picked":"SKIP","floor":20},{"not_picked":["Clothesline","Evolve"],"picked":"Battle Trance+1","floor":25},{"not_picked":["Sword Boomerang","Heavy Blade","Fire Breathing+1"],"picked":"SKIP","floor":29},{"not_picked":["Twin Strike+1","Flex"],"picked":"Dropkick","floor":31}],"player_experience":158604,"relics_obtained":[{"floor":9,"key":"Turnip"},{"floor":10,"key":"Pocketwatch"},{"floor":12,"key":"Gambling Chip"},{"floor":14,"key":"Unceasing Top"},{"floor":21,"key":"Peace Pipe"},{"floor":21,"key":"Dodecahedron"},{"floor":29,"key":"Happy Flower"},{"floor":31,"key":"Thread and Needle"}],"event_choices":[{"damage_healed":0,"gold_gain":75,"player_choice":"Touch","damage_taken":8,"max_hp_gain":0,"max_hp_loss":0,"event_name":"FaceTrader","floor":13,"gold_loss":0},{"damage_healed":0,"gold_gain":0,"player_choice":"","damage_taken":8,"max_hp_gain":0,"max_hp_loss":0,"event_name":"Knowing Skull","floor":19,"potions_obtained":[],"gold_loss":0,"cards_obtained":[]},{"damage_healed":0,"gold_gain":0,"player_choice":"Fight","damage_taken":0,"max_hp_gain":0,"max_hp_loss":0,"event_name":"Colosseum","floor":21,"gold_loss":0},{"damage_healed":0,"gold_gain":0,"player_choice":"Fought Nobs","damage_taken":0,"max_hp_gain":0,"max_hp_loss":0,"event_name":"Colosseum","floor":21,"gold_loss":0},{"damage_healed":0,"gold_gain":0,"player_choice":"Opened","damage_taken":0,"relics_obtained":["Art of War"],"max_hp_gain":0,"max_hp_loss":0,"event_name":"The Mausoleum","floor":22,"gold_loss":0,"cards_obtained":["Writhe"]},{"damage_healed":0,"gold_gain":0,"player_choice":"Inject Mutagens","damage_taken":0,"relics_obtained":["MutagenicStrength"],"max_hp_gain":0,"max_hp_loss":0,"event_name":"Drug Dealer","floor":23,"gold_loss":0},{"damage_healed":0,"gold_gain":0,"player_choice":"Paid Fearfully","damage_taken":0,"max_hp_gain":0,"max_hp_loss":0,"event_name":"Masked Bandits","floor":30,"gold_loss":118}],"is_beta":false,"boss_relics":[{"not_picked":["White Beast Statue","Black Blood"],"picked":"Mark of Pain"}],"items_purged_floors":[27],"is_endless":false,"potions_floor_spawned":[5,7,16,18,20,21],"killed_by":"Collector","ascension_level":1}