{"gold_per_floor":[116,135,152,162,15,41,41,68,143,143,218,234,234,250,250,345,345,362,362,362,382,172,172],"floor_reached":23,"playtime":807,"items_purged":["Strike_B"],"score":226,"play_id":"f8475ebc-e7e0-4517-9110-28bf42214bfc","local_time":"20190508191543","is_ascension_mode":false,"campfire_choices":[{"floor":7,"key":"RECALL"},{"data":"Zap","floor":13,"key":"SMITH"},{"floor":15,"key":"REST"}],"neow_cost":"PERCENT_DAMAGE","seed_source_timestamp":2107073981798153,"circlet_count":0,"master_deck":["Strike_B","Strike_B","Strike_B","Defend_B","Defend_B","Defend_B","Defend_B","Zap+1","Dualcast","Ball Lightning","Capacitor","Thunder Strike"],"relics":["Cracked Core","Orichalcum","Pocketwatch","Nunchaku","Matryoshka","Sozu","MutagenicStrength"],"potions_floor_usage":[6,8],"damage_taken":[{"damage":1,"enemies":"Cultist","floor":1,"turns":3},{"damage":2,"enemies":"2 Louse","floor":2,"turns":2},{"damage":0,"enemies":"Small Slimes","floor":3,"turns":3},{"damage":10,"enemies":"Looter","floor":4,"turns":3},{"damage":13,"enemies":"Lagavulin","floor":6,"turns":7},{"damage":15,"enemies":"Gremlin Nob","floor":8,"turns":3},{"damage":2,"enemies":"Blue Slaver","floor":12,"turns":2},{"damage":3,"enemies":"Gremlin Gang","floor":14,"turns":4},{"damage":21,"enemies":"Slime Boss","floor":16,"turns":10},{"damage":24,"enemies":"2 Thieves","floor":18,"turns":4},{"damage":4,"enemies":"3 Byrds","floor":21,"turns":4},{"damage":72,"enemies":"Slavers","floor":23,"turns":3}],"seed_played":"1960470738648957227","potions_obtained":[{"floor":4,"key":"SkillPotion"},{"floor":6,"key":"SneckoOil"}],"is_trial":false,"path_per_floor":["M","M","M","M","$","E","R","E","T","?","?","M","R","M","R","B",null,"M","?","?","M","$","E"],"character_chosen":"DEFECT","items_purchased":["Orichalcum","Thunder Strike"],"campfire_rested":1,"item_purchase_floors":[5,22],"current_hp_per_floor":[67,65,65,55,55,42,42,27,27,32,21,19,19,16,44,23,94,70,70,70,66,66,0],"gold":172,"neow_bonus":"TWENTY_PERCENT_HP_BONUS","is_prod":false,"is_daily":false,"chose_seed":false,"campfire_upgraded":1,"win_rate":0,"timestamp":1557335743,"path_taken":["M","?","M","M","$","E","R","E","T","?","?","M","R","M","R","BOSS","M","?","?","M","$","E"],"build_version":"2019-05-07","purchased_purges":1,"victory":false,"max_hp_per_floor":[89,89,89,89,89,89,89,89,89,94,94,94,94,94,94,94,94,94,94,94,94,94,94],"card_choices":[{"not_picked":["Streamline","Stack"],"picked":"Ball Lightning","floor":1},{"not_picked":["Auto Shields","Conserve Battery","Fusion"],"picked":"SKIP","floor":2},{"not_picked":["Sweeping Beam","Rebound","Fusion"],"picked":"SKIP","floor":3},{"not_picked":["Redo","Beam Cell","Go for the Eyes"],"picked":"SKIP","floor":4},{"not_picked":["Loop","Rainbow","Static Discharge"],"picked":"SKIP","floor":6},{"not_picked":["Darkness","Sunder","Turbo"],"picked":"SKIP","floor":8},{"not_picked":["Doom and Gloom","Force Field","Beam Cell"],"picked":"SKIP","floor":12},{"not_picked":["Rebound","Static Discharge","Go for the Eyes"],"picked":"SKIP","floor":14},{"not_picked":["Stack","Gash+1"],"picked":"Capacitor","floor":18},{"not_picked":["Streamline","Rebound","FTL"],"picked":"SKIP","floor":21}],"player_experience":536221,"relics_obtained":[{"floor":6,"key":"Pocketwatch"},{"floor":8,"key":"Nunchaku"},{"floor":9,"key":"Matryoshka"}],"event_choices":[{"damage_healed":0,"gold_gain":0,"player_choice":"Donut","damage_taken":0,"max_hp_gain":5,"max_hp_loss":0,"event_name":"Big Fish","floor":10,"gold_loss":0},{"damage_healed":0,"gold_gain":75,"player_choice":"Gather Gold","damage_taken":11,"max_hp_gain":0,"max_hp_loss":0,"event_name":"World of Goop","floor":11,"gold_loss":0},{"damage_healed":0,"gold_gain":0,"player_choice":"Inject Mutagens","damage_taken":0,"relics_obtained":["MutagenicStrength"],"max_hp_gain":0,"max_hp_loss":0,"event_name":"Drug Dealer","floor":19,"gold_loss":0},{"damage_healed":0,"gold_gain":0,"player_choice":"Bought 0 Potions","damage_taken":0,"max_hp_gain":0,"max_hp_loss":0,"event_name":"The Woman in Blue","floor":20,"gold_loss":0}],"is_beta":true,"boss_relics":[{"not_picked":["Empty Cage","Lizard Tail"],"picked":"Sozu"}],"items_purged_floors":[22],"is_endless":false,"potions_floor_spawned":[4,6,18,21],"killed_by":"Slavers","ascension_level":0}