{"gold_per_floor":[118,118,137,137,156,191,204,204,204,204,47,78,78,92,92,212,212,180,180,95,3,26,26,60,81,81,96,96,137,152,168,168,168],"floor_reached":33,"playtime":1873,"items_purged":[],"score":352,"play_id":"0a0cca81-8a74-4afe-900b-b56ce3c1df38","local_time":"20190707104234","is_ascension_mode":true,"campfire_choices":[{"floor":13,"key":"REST"},{"floor":15,"key":"REST"},{"floor":23,"key":"REST"},{"floor":28,"key":"REST"},{"floor":32,"key":"REST"}],"neow_cost":"NONE","seed_source_timestamp":786030946648751,"circlet_count":0,"master_deck":["Strike_R","Strike_R","Strike_R","Strike_R","Strike_R","Defend_R","Defend_R","Defend_R","Defend_R","Bash","Clash","Clash","Double Tap","Shrug It Off","Injury","Headbutt","Immolate","Heavy Blade","Seeing Red","Clash","Impervious","Headbutt","Trip","Intimidate+1","Clash","Clash","Anger","Flex+1","Entrench+1","Cleave","Dropkick+1","Demon Form+1","Body Slam"],"relics":["Burning Blood","Ancient Tea Set","Gremlin Horn","Golden Idol","Frozen Egg 2","Dream Catcher","Bottled Lightning","Black Star","Paper Frog","Bronze Scales","Oddly Smooth Stone","Ice Cream","Bird Faced Urn","Self Forming Clay"],"potions_floor_usage":[16,22,25,29,33,33],"damage_taken":[{"damage":10,"enemies":"2 Louse","floor":1,"turns":4},{"damage":8,"enemies":"Cultist","floor":3,"turns":4},{"damage":7,"enemies":"Jaw Worm","floor":5,"turns":2},{"damage":26,"enemies":"Lagavulin","floor":6,"turns":5},{"damage":0,"enemies":"Gremlin Gang","floor":7,"turns":3},{"damage":27,"enemies":"Gremlin Nob","floor":12,"turns":5},{"damage":0,"enemies":"Looter","floor":14,"turns":1},{"damage":38,"enemies":"Hexaghost","floor":16,"turns":7},{"damage":47,"enemies":"2 Thieves","floor":18,"turns":5},{"damage":13,"enemies":"Chosen","floor":22,"turns":5},{"damage":54,"enemies":"Slavers","floor":24,"turns":6},{"damage":7,"enemies":"Snecko","floor":25,"turns":4},{"damage":18,"enemies":"Snake Plant","floor":27,"turns":3},{"damage":23,"enemies":"Book of Stabbing","floor":29,"turns":4},{"damage":6,"enemies":"Cultist and Chosen","floor":30,"turns":5},{"damage":19,"enemies":"Centurion and Healer","floor":31,"turns":5},{"damage":42,"enemies":"Automaton","floor":33,"turns":4}],"seed_played":"9127904510774757083","potions_obtained":[{"floor":1,"key":"Poison Potion"},{"floor":7,"key":"FearPotion"},{"floor":12,"key":"Fire Potion"},{"floor":18,"key":"BloodPotion"},{"floor":22,"key":"FairyPotion"},{"floor":25,"key":"Poison Potion"},{"floor":31,"key":"Weak Potion"}],"is_trial":false,"path_per_floor":["M","?","M","?","M","E","M","?","T","?","$","E","R","M","R","B",null,"M","?","?","$","M","R","E","M","T","M","R","E","M","M","R","B"],"character_chosen":"IRONCLAD","items_purchased":["Dream Catcher","Trip"],"campfire_rested":5,"item_purchase_floors":[11,21],"current_hp_per_floor":[76,76,74,74,73,53,59,59,59,59,59,38,62,68,80,48,80,39,39,39,39,52,76,28,27,27,15,39,22,22,9,33,0],"gold":168,"neow_bonus":"RANDOM_COMMON_RELIC","is_prod":false,"is_daily":false,"chose_seed":false,"campfire_upgraded":0,"win_rate":0,"timestamp":1562492554,"path_taken":["M","?","?","?","?","E","M","?","T","?","$","E","R","M","R","BOSS","M","?","?","$","M","R","E","M","T","M","R","E","M","M","R","BOSS"],"build_version":"2019-07-05","purchased_purges":0,"victory":false,"max_hp_per_floor":[80,80,80,80,80,80,80,80,80,80,80,80,80,80,80,80,80,80,80,80,80,80,80,80,80,80,80,80,80,80,80,80,80],"card_choices":[{"not_picked":["Wild Strike","Iron Wave"],"picked":"Clash","floor":1},{"not_picked":["Carnage","True Grit","Sword Boomerang"],"picked":"SKIP","floor":3},{"not_picked":["Clothesline","Thunderclap"],"picked":"Clash","floor":5},{"not_picked":["Thunderclap","Body Slam"],"picked":"Double Tap","floor":6},{"not_picked":["Iron Wave","Wild Strike"],"picked":"Shrug It Off","floor":7},{"not_picked":["Wild Strike","Clash"],"picked":"Immolate","floor":12},{"not_picked":["Perfected Strike","Headbutt"],"picked":"Heavy Blade","floor":13},{"not_picked":["Blood for Blood","Sentinel"],"picked":"Seeing Red","floor":14},{"not_picked":["Hemokinesis","Iron Wave"],"picked":"Clash","floor":15},{"not_picked":["Reaper","Fiend Fire"],"picked":"Impervious","floor":16},{"not_picked":["Shrug It Off","Twin Strike+1"],"picked":"Headbutt","floor":18},{"not_picked":["Combust+1","Clothesline"],"picked":"Intimidate+1","floor":22},{"not_picked":["Twin Strike","Armaments"],"picked":"Clash","floor":23},{"not_picked":["Wild Strike","Body Slam"],"picked":"Clash","floor":24},{"not_picked":["Sword Boomerang","Havoc"],"picked":"Anger","floor":25},{"not_picked":["Headbutt","Body Slam"],"picked":"Flex+1","floor":27},{"not_picked":["Iron Wave","Flex"],"picked":"Entrench+1","floor":28},{"not_picked":["Anger","Entrench"],"picked":"Cleave","floor":29},{"not_picked":["Feel No Pain+1","Clothesline"],"picked":"Dropkick+1","floor":30},{"not_picked":["Heavy Blade","Flex"],"picked":"Demon Form+1","floor":31},{"not_picked":["Bloodletting","Shockwave"],"picked":"Body Slam","floor":32}],"player_experience":57179,"relics_obtained":[{"floor":6,"key":"Gremlin Horn"},{"floor":9,"key":"Frozen Egg 2"},{"floor":12,"key":"Bottled Lightning"},{"floor":24,"key":"Bronze Scales"},{"floor":24,"key":"Oddly Smooth Stone"},{"floor":26,"key":"Ice Cream"},{"floor":29,"key":"Bird Faced Urn"},{"floor":29,"key":"Self Forming Clay"}],"event_choices":[{"damage_healed":0,"gold_gain":0,"player_choice":"Cursed","damage_taken":0,"max_hp_gain":0,"max_hp_loss":0,"event_name":"Wheel of Change","floor":2,"gold_loss":0,"cards_obtained":["Decay"]},{"cards_removed":["Decay"],"damage_healed":0,"gold_gain":0,"player_choice":"Removed Curses","damage_taken":0,"max_hp_gain":0,"max_hp_loss":0,"event_name":"Fountain of Cleansing","floor":4,"gold_loss":0},{"damage_healed":0,"gold_gain":0,"player_choice":"Take Wound","damage_taken":0,"relics_obtained":["Golden Idol"],"max_hp_gain":0,"max_hp_loss":0,"event_name":"Golden Idol","floor":8,"gold_loss":0,"cards_obtained":["Injury"]},{"damage_healed":0,"gold_gain":0,"player_choice":"1 cards matched","damage_taken":0,"max_hp_gain":0,"max_hp_loss":0,"event_name":"Match and Keep!","floor":10,"gold_loss":0,"cards_obtained":["Headbutt"]},{"damage_healed":0,"gold_gain":0,"player_choice":"Ignored","damage_taken":0,"max_hp_gain":0,"max_hp_loss":0,"event_name":"Vampires","floor":19,"gold_loss":0},{"damage_healed":0,"gold_gain":0,"player_choice":"Obtained Relic","damage_taken":0,"relics_obtained":["Paper Frog"],"max_hp_gain":0,"max_hp_loss":0,"event_name":"Addict","floor":20,"gold_loss":85}],"is_beta":false,"boss_relics":[{"not_picked":["Coffee Dripper","White Beast Statue"],"picked":"Black Star"}],"items_purged_floors":[],"is_endless":false,"potions_floor_spawned":[1,7,12,18,22,25,31],"killed_by":"Automaton","ascension_level":2}