{"gold_per_floor":[116,116,116,134,150,150,182,182,261,261,261,278,278,289,289,387,387,401,401,53,53,72,72,107,107,130,143,243,258,258,277,277,382,432,451,469,469,489,289,316,316,326,326,29,29,42,59,78,78,78],"floor_reached":50,"playtime":3172,"items_purged":[],"score":569,"play_id":"1810905a-3e15-4540-93f5-243ef563941c","local_time":"20190705193530","is_ascension_mode":false,"campfire_choices":[{"data":"Anger","floor":6,"key":"SMITH"},{"floor":8,"key":"REST"},{"data":"Shockwave","floor":11,"key":"SMITH"},{"data":"Bash","floor":13,"key":"SMITH"},{"data":"Battle Trance","floor":15,"key":"SMITH"},{"floor":23,"key":"REST"},{"data":"Demon Form","floor":25,"key":"SMITH"},{"floor":30,"key":"REST"},{"floor":32,"key":"REST"},{"data":"Inflame","floor":45,"key":"SMITH"},{"data":"Seeing Red","floor":49,"key":"SMITH"}],"neow_cost":"NONE","seed_source_timestamp":725902057695461,"circlet_count":0,"master_deck":["Strike_R","Strike_R","Strike_R","Strike_R","Strike_R","Defend_R","Defend_R","Defend_R+1","Defend_R","Bash+1","Heavy Blade+1","Shockwave+1","Anger+1","Battle Trance+1","Pommel Strike+1","Demon Form+1","Battle Trance","Necronomicurse","Inflame+1","Clothesline+1","Cleave+1","Twin Strike+1","Heavy Blade+1","Feed+1","Clothesline+1","Twin Strike+1","Ghostly Armor+1","Writhe","Anger+1","Whirlwind+1","Seeing Red+1"],"relics":["Burning Blood","Anchor","Bag of Preparation","Molten Egg 2","Regal Pillow","Necronomicon","Nunchaku","Paper Frog","Red Skull","Thread and Needle","Sundial","Tiny House","Brimstone","Juzu Bracelet","Gremlin Horn","Mango"],"potions_floor_usage":[16,28,28,31,33,33,48,50,50],"damage_taken":[{"damage":8,"enemies":"Jaw Worm","floor":1,"turns":3},{"damage":2,"enemies":"Small Slimes","floor":4,"turns":3},{"damage":4,"enemies":"Cultist","floor":5,"turns":3},{"damage":20,"enemies":"Gremlin Nob","floor":7,"turns":4},{"damage":9,"enemies":"2 Fungi Beasts","floor":12,"turns":3},{"damage":3,"enemies":"Exordium Wildlife","floor":14,"turns":4},{"damage":42,"enemies":"Hexaghost","floor":16,"turns":7},{"damage":19,"enemies":"3 Byrds","floor":18,"turns":5},{"damage":8,"enemies":"Shell Parasite","floor":22,"turns":3},{"damage":26,"enemies":"Gremlin Leader","floor":24,"turns":5},{"damage":9,"enemies":"Centurion and Healer","floor":27,"turns":4},{"damage":9,"enemies":"Colosseum Slavers","floor":28,"turns":3},{"damage":22,"enemies":"Colosseum Nobs","floor":28,"turns":4},{"damage":28,"enemies":"Shelled Parasite and Fungi","floor":29,"turns":4},{"damage":4,"enemies":"3 Cultists","floor":31,"turns":3},{"damage":44,"enemies":"Collector","floor":33,"turns":5},{"damage":13,"enemies":"3 Shapes","floor":35,"turns":3},{"damage":8,"enemies":"Orb Walker","floor":36,"turns":3},{"damage":15,"enemies":"4 Shapes","floor":38,"turns":4},{"damage":26,"enemies":"Reptomancer","floor":40,"turns":3},{"damage":0,"enemies":"Jaw Worm Horde","floor":42,"turns":3},{"damage":0,"enemies":"3 Darklings","floor":46,"turns":2},{"damage":6,"enemies":"4 Shapes","floor":47,"turns":2},{"damage":32,"enemies":"Maw","floor":48,"turns":4},{"damage":99,"enemies":"Awakened One","floor":50,"turns":6}],"seed_played":"2335415184504047093","potions_obtained":[{"floor":5,"key":"Poison Potion"},{"floor":12,"key":"PowerPotion"},{"floor":14,"key":"SkillPotion"},{"floor":16,"key":"EssenceOfSteel"},{"floor":24,"key":"Swift Potion"},{"floor":28,"key":"FearPotion"},{"floor":29,"key":"Fruit Juice"},{"floor":34,"key":"Weak Potion"},{"floor":35,"key":"LiquidBronze"},{"floor":47,"key":"Fruit Juice"}],"is_trial":false,"path_per_floor":["M","?","?","M","M","R","E","R","T","T","R","M","R","M","R","B",null,"M","?","$","?","M","R","E","R","T","M","?","M","R","M","R","B",null,"M","M","?","M","$","E","?","M","T","$","R","M","M","M","R","B"],"character_chosen":"IRONCLAD","items_purchased":["Nunchaku","Inflame","Brimstone","Mango"],"campfire_rested":4,"item_purchase_floors":[20,20,39,44],"current_hp_per_floor":[78,78,83,85,85,85,71,85,85,85,85,82,82,85,85,49,85,72,56,56,56,54,85,65,65,65,62,43,21,61,68,90,52,95,88,86,86,81,81,61,86,92,92,106,106,112,112,91,91,0],"gold":78,"neow_bonus":"RANDOM_COMMON_RELIC","is_prod":false,"is_daily":false,"chose_seed":false,"campfire_upgraded":7,"win_rate":0.0,"timestamp":1562351730,"path_taken":["M","?","?","M","M","R","E","R","T","?","R","?","R","M","R","BOSS","M","?","$","?","M","R","E","R","T","M","?","M","R","M","R","BOSS","M","M","?","M","$","E","?","M","T","$","R","M","M","M","R","BOSS"],"build_version":"2019-07-01","purchased_purges":0,"victory":false,"max_hp_per_floor":[80,80,85,85,85,85,85,85,85,85,85,85,85,85,85,85,85,85,85,85,85,85,85,85,85,85,85,85,85,85,90,90,90,95,95,95,95,99,99,99,99,99,99,113,113,113,113,118,118,118],"card_choices":[{"not_picked":["Clothesline","Bloodletting"],"picked":"Heavy Blade","floor":1},{"not_picked":["Fire Breathing","Twin Strike"],"picked":"Shockwave","floor":4},{"not_picked":["Thunderclap","Warcry"],"picked":"Anger","floor":5},{"not_picked":["Ghostly Armor","True Grit"],"picked":"Battle Trance","floor":7},{"not_picked":["Flex","Dropkick+1"],"picked":"Pommel Strike+1","floor":12},{"not_picked":["Fire Breathing","True Grit","Fiend Fire+1"],"picked":"SKIP","floor":14},{"not_picked":["Brutality","Dark Embrace"],"picked":"Demon Form","floor":16},{"not_picked":["Rampage+1","Body Slam+1"],"picked":"Battle Trance","floor":18},{"not_picked":["Battle Trance+1","Sword Boomerang+1"],"picked":"Clothesline+1","floor":22},{"not_picked":["Entrench","Searing Blow+1"],"picked":"Cleave+1","floor":24},{"not_picked":["True Grit","Metallicize+1","Iron Wave+1"],"picked":"SKIP","floor":27},{"not_picked":["Armaments","Iron Wave+1"],"picked":"Twin Strike+1","floor":28},{"not_picked":["Shrug It Off+1","True Grit+1"],"picked":"Heavy Blade+1","floor":29},{"not_picked":["Body Slam+1","Second Wind+1","Iron Wave+1"],"picked":"SKIP","floor":31},{"not_picked":["Barricade","Berserk"],"picked":"Feed+1","floor":33},{"not_picked":["Body Slam+1","Perfected Strike+1"],"picked":"Clothesline+1","floor":35},{"not_picked":["Bloodletting","Body Slam+1"],"picked":"Twin Strike+1","floor":36},{"not_picked":["Bloodletting+1","Iron Wave+1"],"picked":"Ghostly Armor+1","floor":38},{"not_picked":["Warcry+1","Sword Boomerang+1","True Grit"],"picked":"SKIP","floor":40},{"not_picked":["Twin Strike+1","Clothesline+1"],"picked":"Anger+1","floor":42},{"not_picked":["Perfected Strike+1","Reckless Charge+1","Berserk"],"picked":"SKIP","floor":46},{"not_picked":["Entrench","Clothesline+1"],"picked":"Whirlwind+1","floor":47},{"not_picked":["Anger+1","Clothesline+1"],"picked":"Seeing Red","floor":48}],"player_experience":19402,"relics_obtained":[{"floor":7,"key":"Bag of Preparation"},{"floor":9,"key":"Molten Egg 2"},{"floor":10,"key":"Regal Pillow"},{"floor":19,"key":"Necronomicon"},{"floor":24,"key":"Paper Frog"},{"floor":26,"key":"Red Skull"},{"floor":28,"key":"Thread and Needle"},{"floor":28,"key":"Sundial"},{"floor":40,"key":"Juzu Bracelet"},{"floor":43,"key":"Gremlin Horn"}],"event_choices":[{"damage_healed":0,"gold_gain":0,"player_choice":"Grow","damage_taken":0,"max_hp_gain":0,"max_hp_loss":0,"event_name":"Living Wall","floor":2,"gold_loss":0,"cards_upgraded":["Heavy Blade"]},{"damage_healed":0,"gold_gain":0,"player_choice":"Donut","damage_taken":0,"max_hp_gain":5,"max_hp_loss":0,"event_name":"Big Fish","floor":3,"gold_loss":0},{"damage_healed":0,"gold_gain":0,"player_choice":"Obtained Book","damage_taken":16,"max_hp_gain":0,"max_hp_loss":0,"event_name":"Cursed Tome","floor":19,"gold_loss":0},{"damage_healed":0,"gold_gain":0,"player_choice":"Ignored","damage_taken":0,"max_hp_gain":0,"max_hp_loss":0,"event_name":"Vampires","floor":21,"gold_loss":0},{"damage_healed":0,"gold_gain":0,"player_choice":"Fight","damage_taken":0,"max_hp_gain":0,"max_hp_loss":0,"event_name":"Colosseum","floor":28,"gold_loss":0},{"damage_healed":0,"gold_gain":0,"player_choice":"Fought Nobs","damage_taken":0,"max_hp_gain":0,"max_hp_loss":0,"event_name":"Colosseum","floor":28,"gold_loss":0},{"damage_healed":0,"gold_gain":0,"player_choice":"Ignored","damage_taken":0,"max_hp_gain":0,"max_hp_loss":0,"event_name":"Tomb of Lord Red Mask","floor":37,"gold_loss":0},{"damage_healed":25,"gold_gain":0,"player_choice":"Writhe","damage_taken":0,"max_hp_gain":0,"max_hp_loss":0,"event_name":"Winding Halls","floor":41,"gold_loss":0,"cards_obtained":["Writhe"]}],"is_beta":false,"boss_relics":[{"not_picked":["Ectoplasm","Coffee Dripper","Astrolabe"]},{"not_picked":["Snecko Eye","Runic Cube"],"picked":"Tiny House"}],"items_purged_floors":[],"is_endless":false,"potions_floor_spawned":[5,12,14,16,24,27,28,29,35,42,47],"killed_by":"Awakened One","ascension_level":0}