{"gold_per_floor":[113,132,60,76,93,126,3,13,13,13,13,24,43,100,100,200,200,200,88,13,13,13,13,13,13,13,13,13,13,13,13,13,13,13,13,13,13,13,13,13,13,13,13,13,13,13,13,13,13,13],"floor_reached":50,"playtime":3620,"items_purged":["Strike_R"],"score":705,"play_id":"59ce2367-b2af-49fd-9109-6960b1be462b","local_time":"20190712232022","is_ascension_mode":true,"campfire_choices":[{"floor":11,"key":"REST"},{"data":"Infernal Blade","floor":15,"key":"SMITH"},{"floor":24,"key":"REST"},{"floor":32,"key":"REST"},{"floor":41,"key":"REST"},{"floor":44,"key":"REST"},{"floor":49,"key":"REST"}],"neow_cost":"NONE","seed_source_timestamp":30105657320684,"circlet_count":0,"master_deck":["Strike_R","Strike_R","Strike_R","Strike_R","Defend_R","Defend_R","Defend_R","Bash","Juggernaut","Warcry","True Grit","Feel No Pain+1","Cleave","Twin Strike","Havoc","Dramatic Entrance","Headbutt","Headbutt","Havoc","Infernal Blade+1","Warcry","Demon Form","Feel No Pain+1","Uppercut","Uppercut","Dark Embrace","Armaments","Shockwave+1","Limit Break","Infernal Blade+1","Flame Barrier","Armaments+1","Feel No Pain+1","Fiend Fire","Battle Trance","Spot Weakness+1","Doubt","Sever Soul","Entrench+1"],"relics":["Burning Blood","Charon\u0027s Ashes","Strawberry","Bag of Marbles","Ectoplasm","Pear","Dodecahedron","Paper Frog","MutagenicStrength","Philosopher\u0027s Stone","Kunai","Pantograph","Mercury Hourglass","Pocketwatch"],"potions_floor_usage":[16,16,16,21,28,33,39,42,47,50,50,50],"damage_taken":[{"damage":5,"enemies":"Small Slimes","floor":1,"turns":4},{"damage":8,"enemies":"2 Louse","floor":2,"turns":3},{"damage":7,"enemies":"Jaw Worm","floor":4,"turns":4},{"damage":0,"enemies":"Exordium Wildlife","floor":5,"turns":3},{"damage":34,"enemies":"3 Sentries","floor":6,"turns":6},{"damage":0,"enemies":"3 Louse","floor":8,"turns":1},{"damage":2,"enemies":"Looter","floor":12,"turns":2},{"damage":0,"enemies":"Gremlin Gang","floor":13,"turns":2},{"damage":25,"enemies":"Gremlin Nob","floor":14,"turns":4},{"damage":41,"enemies":"Hexaghost","floor":16,"turns":10},{"damage":22,"enemies":"Spheric Guardian","floor":18,"turns":4},{"damage":14,"enemies":"Shell Parasite","floor":21,"turns":3},{"damage":72,"enemies":"Book of Stabbing","floor":23,"turns":6},{"damage":30,"enemies":"Snake Plant","floor":27,"turns":3},{"damage":3,"enemies":"Colosseum Slavers","floor":28,"turns":2},{"damage":3,"enemies":"Cultist and Chosen","floor":29,"turns":5},{"damage":42,"enemies":"Champ","floor":33,"turns":11},{"damage":0,"enemies":"3 Darklings","floor":35,"turns":1},{"damage":17,"enemies":"3 Shapes","floor":36,"turns":2},{"damage":24,"enemies":"Sphere and 2 Shapes","floor":37,"turns":5},{"damage":0,"enemies":"Jaw Worm Horde","floor":39,"turns":1},{"damage":56,"enemies":"Nemesis","floor":40,"turns":7},{"damage":27,"enemies":"Reptomancer","floor":42,"turns":7},{"damage":40,"enemies":"Maw","floor":45,"turns":6},{"damage":49,"enemies":"2 Orb Walkers","floor":47,"turns":3},{"damage":37,"enemies":"Transient","floor":48,"turns":5},{"damage":93,"enemies":"Awakened One","floor":50,"turns":3}],"seed_played":"2628372824850555306","potions_obtained":[{"floor":1,"key":"Dexterity Potion"},{"floor":6,"key":"Dexterity Potion"},{"floor":8,"key":"Block Potion"},{"floor":18,"key":"BloodPotion"},{"floor":27,"key":"Energy Potion"},{"floor":29,"key":"Poison Potion"},{"floor":33,"key":"Ancient Potion"},{"floor":37,"key":"Explosive Potion"},{"floor":40,"key":"EssenceOfSteel"},{"floor":45,"key":"SpeedPotion"},{"floor":47,"key":"Ancient Potion"},{"floor":48,"key":"Regen Potion"}],"is_trial":false,"path_per_floor":["M","M","$","M","M","E","$","M","T","?","R","M","M","?","R","B",null,"M","$","?","M","?","E","R","$","T","M","?","M","?","?","R","B",null,"M","M","M","$","M","E","R","E","T","R","M","?","?","M","R","B"],"character_chosen":"IRONCLAD","items_purchased":["Feel No Pain","Dramatic Entrance","Headbutt","Uppercut"],"campfire_rested":6,"item_purchase_floors":[3,7,7,19],"current_hp_per_floor":[80,78,78,77,80,52,52,58,65,65,87,87,87,68,68,33,74,58,58,58,71,81,15,44,44,44,20,23,26,26,26,55,19,78,84,73,55,55,61,11,40,19,19,48,14,97,54,23,52,0],"gold":13,"neow_bonus":"ONE_RANDOM_RARE_CARD","is_prod":false,"is_daily":false,"chose_seed":false,"campfire_upgraded":1,"win_rate":0,"timestamp":1562970022,"path_taken":["M","M","$","M","M","E","$","M","T","?","R","M","M","?","R","BOSS","M","$","?","M","?","E","R","?","T","?","?","M","?","?","R","BOSS","M","?","M","?","M","E","R","E","T","R","M","?","?","M","R","BOSS"],"build_version":"2019-07-05","purchased_purges":1,"victory":false,"max_hp_per_floor":[80,80,80,80,80,80,80,80,87,87,87,87,87,87,87,87,87,87,87,87,87,97,97,97,97,97,97,97,97,97,97,97,97,97,97,97,97,97,97,97,97,97,97,97,97,97,97,97,97,97],"card_choices":[{"not_picked":["Searing Blow","Body Slam"],"picked":"Warcry","floor":1},{"not_picked":["Clothesline","Wild Strike"],"picked":"True Grit","floor":2},{"not_picked":["Rupture","Intimidate"],"picked":"Cleave","floor":4},{"not_picked":["Body Slam","Wild Strike"],"picked":"Twin Strike","floor":5},{"not_picked":["Rage","Immolate"],"picked":"Havoc","floor":6},{"not_picked":["Wild Strike","Bloodletting"],"picked":"Headbutt","floor":8},{"not_picked":["Blood for Blood","Wild Strike"],"picked":"Havoc","floor":12},{"not_picked":["Perfected Strike","Pommel Strike"],"picked":"Infernal Blade","floor":13},{"not_picked":["Clash","Evolve"],"picked":"Warcry","floor":14},{"not_picked":["Bludgeon","Exhume"],"picked":"Demon Form","floor":16},{"not_picked":["Burning Pact","Twin Strike"],"picked":"Feel No Pain+1","floor":18},{"not_picked":["Feel No Pain","Warcry"],"picked":"Uppercut","floor":21},{"not_picked":["Body Slam+1","True Grit"],"picked":"Dark Embrace","floor":23},{"not_picked":["Iron Wave","Combust+1"],"picked":"Armaments","floor":27},{"not_picked":["Armaments","Shrug It Off"],"picked":"Shockwave+1","floor":29},{"not_picked":["Bludgeon","Feed"],"picked":"Limit Break","floor":33},{"not_picked":["Shrug It Off+1","Sever Soul+1"],"picked":"Infernal Blade+1","floor":35},{"not_picked":["Hemokinesis+1","Wild Strike"],"picked":"Flame Barrier","floor":36},{"not_picked":["Whirlwind","Cleave"],"picked":"Armaments+1","floor":37},{"not_picked":["True Grit","Warcry+1"],"picked":"Feel No Pain+1","floor":39},{"not_picked":["Feel No Pain+1","Battle Trance+1"],"picked":"Fiend Fire","floor":40},{"not_picked":["Havoc","Iron Wave+1"],"picked":"Battle Trance","floor":42},{"not_picked":["Cleave","Clothesline"],"picked":"Spot Weakness+1","floor":45},{"not_picked":["Clothesline+1","Twin Strike"],"picked":"Sever Soul","floor":47},{"not_picked":["Evolve+1","Whirlwind+1"],"picked":"Entrench+1","floor":48}],"player_experience":112170,"relics_obtained":[{"floor":6,"key":"Charon\u0027s Ashes"},{"floor":9,"key":"Strawberry"},{"floor":14,"key":"Bag of Marbles"},{"floor":23,"key":"Dodecahedron"},{"floor":26,"key":"Paper Frog"},{"floor":40,"key":"Kunai"},{"floor":42,"key":"Pantograph"},{"floor":43,"key":"Mercury Hourglass"},{"floor":47,"key":"Pocketwatch"}],"event_choices":[{"damage_healed":0,"gold_gain":0,"player_choice":"Grow","damage_taken":0,"max_hp_gain":0,"max_hp_loss":0,"event_name":"Living Wall","floor":10,"gold_loss":0,"cards_upgraded":["Feel No Pain"]},{"damage_healed":0,"gold_gain":0,"player_choice":"Searched \u00271\u0027 times","damage_taken":0,"max_hp_gain":0,"max_hp_loss":0,"event_name":"Dead Adventurer","floor":14,"gold_loss":0},{"cards_removed":["Defend_R"],"damage_healed":0,"gold_gain":0,"player_choice":"Gave Gold","damage_taken":0,"max_hp_gain":0,"max_hp_loss":0,"event_name":"Beggar","floor":20,"gold_loss":75},{"damage_healed":0,"gold_gain":0,"player_choice":"Stole Relic","damage_taken":0,"relics_obtained":["Pear"],"max_hp_gain":0,"max_hp_loss":0,"event_name":"Addict","floor":22,"gold_loss":0,"cards_obtained":["Shame"]},{"damage_healed":0,"gold_gain":0,"player_choice":"Fight","damage_taken":0,"max_hp_gain":0,"max_hp_loss":0,"event_name":"Colosseum","floor":28,"gold_loss":0},{"damage_healed":0,"gold_gain":0,"player_choice":"Fled From Nobs","damage_taken":0,"max_hp_gain":0,"max_hp_loss":0,"event_name":"Colosseum","floor":28,"gold_loss":0},{"damage_healed":0,"gold_gain":0,"player_choice":"Inject Mutagens","damage_taken":0,"relics_obtained":["MutagenicStrength"],"max_hp_gain":0,"max_hp_loss":0,"event_name":"Drug Dealer","floor":30,"gold_loss":0},{"cards_removed":["Shame"],"damage_healed":0,"gold_gain":0,"player_choice":"Purged","damage_taken":0,"max_hp_gain":0,"max_hp_loss":0,"event_name":"Purifier","floor":31,"gold_loss":0},{"damage_healed":83,"gold_gain":0,"player_choice":"Heal","damage_taken":0,"max_hp_gain":0,"max_hp_loss":0,"event_name":"MindBloom","floor":46,"gold_loss":0,"cards_obtained":["Doubt"]},{"damage_healed":0,"gold_gain":0,"player_choice":"Fight","damage_taken":0,"max_hp_gain":0,"max_hp_loss":0,"event_name":"Mysterious Sphere","floor":47,"gold_loss":0}],"is_beta":false,"boss_relics":[{"not_picked":["Coffee Dripper","Runic Pyramid"],"picked":"Ectoplasm"},{"not_picked":["Calling Bell","Black Star"],"picked":"Philosopher\u0027s Stone"}],"items_purged_floors":[19],"is_endless":false,"potions_floor_spawned":[1,6,8,14,18,27,28,29,33,37,40,45,47,48],"killed_by":"Awakened One","ascension_level":5}