{"gold_per_floor":[115,115,131,131,150,150,180,180,204,204,230,243,47,60,60,60],"floor_reached":16,"playtime":765,"items_purged":[],"score":176,"play_id":"e2611ffe-6864-4a60-9e98-cfbe11702eb6","local_time":"20190406121728","is_ascension_mode":true,"campfire_choices":[{"data":"Fiend Fire","floor":6,"key":"SMITH"},{"floor":8,"key":"REST"},{"data":"Feel No Pain","floor":10,"key":"SMITH"},{"data":"Bash","floor":15,"key":"SMITH"}],"neow_cost":"TEN_PERCENT_HP_LOSS","seed_source_timestamp":21392906427298,"circlet_count":0,"master_deck":["AscendersBane","Strike_R","Strike_R","Strike_R","Strike_R","Strike_R","Defend_R","Defend_R","Defend_R","Bash+1","Fiend Fire+1","Flame Barrier","Ghostly Armor","Iron Wave","Feel No Pain+1","Offering","Searing Blow"],"relics":["Burning Blood","Lantern","Centennial Puzzle","Gremlin Horn","Lee\u0027s Waffle"],"potions_floor_usage":[7,11,14],"damage_taken":[{"damage":5,"enemies":"2 Louse","floor":1,"turns":3},{"damage":7,"enemies":"Jaw Worm","floor":3,"turns":3},{"damage":6,"enemies":"Small Slimes","floor":5,"turns":4},{"damage":36,"enemies":"Lagavulin","floor":7,"turns":10},{"damage":43,"enemies":"Gremlin Nob","floor":11,"turns":7},{"damage":6,"enemies":"Exordium Thugs","floor":12,"turns":5},{"damage":0,"enemies":"Gremlin Gang","floor":14,"turns":3},{"damage":83,"enemies":"The Guardian","floor":16,"turns":14}],"seed_played":"-5219140063999660330","potions_obtained":[{"floor":3,"key":"Poison Potion"},{"floor":5,"key":"Explosive Potion"},{"floor":7,"key":"SkillPotion"}],"is_trial":false,"path_per_floor":["M","?","M","?","M","R","E","R","T","R","E","M","$","M","R","B"],"character_chosen":"IRONCLAD","items_purchased":["Lee\u0027s Waffle"],"campfire_rested":1,"item_purchase_floors":[13],"current_hp_per_floor":[72,65,64,64,64,64,34,55,55,55,18,18,79,79,79,0],"gold":60,"neow_bonus":"THREE_RARE_CARDS","is_prod":false,"is_daily":false,"chose_seed":false,"campfire_upgraded":3,"win_rate":0,"timestamp":1554578248,"path_taken":["M","?","M","?","M","R","E","R","T","R","E","?","$","M","R","BOSS"],"build_version":"2019-01-23","purchased_purges":0,"victory":false,"max_hp_per_floor":[72,72,72,72,72,72,72,72,72,72,72,72,79,79,79,79],"card_choices":[{"not_picked":["Brutality","Dark Embrace"],"picked":"Fiend Fire","floor":0},{"not_picked":["Shrug It Off","Anger"],"picked":"Flame Barrier","floor":1},{"not_picked":["Cleave","True Grit"],"picked":"Ghostly Armor","floor":3},{"not_picked":["Warcry","Heavy Blade"],"picked":"Iron Wave","floor":5},{"not_picked":["Pommel Strike","Shrug It Off"],"picked":"Feel No Pain","floor":7},{"not_picked":["Metallicize","Sentinel"],"picked":"Offering","floor":11},{"not_picked":["Sentinel","Clash"],"picked":"Searing Blow","floor":12},{"not_picked":["Flex","Iron Wave","Cleave"],"picked":"SKIP","floor":14}],"player_experience":613335,"relics_obtained":[{"floor":7,"key":"Lantern"},{"floor":9,"key":"Centennial Puzzle"},{"floor":11,"key":"Gremlin Horn"}],"event_choices":[{"cards_removed":["Defend_R"],"damage_healed":0,"gold_gain":0,"player_choice":"Card Removal","damage_taken":7,"max_hp_gain":0,"max_hp_loss":0,"event_name":"Golden Wing","floor":2,"gold_loss":0},{"damage_healed":0,"gold_gain":0,"player_choice":"Ignored","damage_taken":0,"max_hp_gain":0,"max_hp_loss":0,"event_name":"Liars Game","floor":4,"gold_loss":0}],"is_beta":false,"boss_relics":[],"items_purged_floors":[],"is_endless":false,"potions_floor_spawned":[3,5,7],"killed_by":"The Guardian","ascension_level":12}