{"gold_per_floor":[109,109,59,59,134,134,165,183,183,201,201,213,225,225],"floor_reached":14,"playtime":515,"items_purged":[],"score":135,"play_id":"f18111b9-844e-4a01-9af0-84a82c9da85e","local_time":"20190324221029","is_ascension_mode":true,"campfire_choices":[{"floor":6,"key":"REST"},{"data":"Body Slam","floor":11,"key":"SMITH"}],"neow_cost":"NONE","seed_source_timestamp":88879714183769,"circlet_count":0,"master_deck":["AscendersBane","Strike_R","Strike_R","Strike_R","Strike_R","Strike_R","Defend_R","Defend_R","Defend_R","Bash+1","Thunderclap+1","Searing Blow","Armaments","Body Slam+1","Barricade","Armaments"],"relics":["Burning Blood","Blood Vial","Shuriken"],"potions_floor_usage":[13,13,14],"damage_taken":[{"damage":11,"enemies":"Jaw Worm","floor":1,"turns":4},{"damage":51,"enemies":"Lagavulin","floor":7,"turns":7},{"damage":7,"enemies":"2 Louse","floor":8,"turns":2},{"damage":0,"enemies":"Small Slimes","floor":10,"turns":3},{"damage":16,"enemies":"Blue Slaver","floor":12,"turns":3},{"damage":30,"enemies":"2 Fungi Beasts","floor":13,"turns":4},{"damage":28,"enemies":"Lots of Slimes","floor":14,"turns":3}],"seed_played":"353684384195100445","potions_obtained":[{"floor":7,"key":"SkillPotion"},{"floor":8,"key":"BloodPotion"},{"floor":10,"key":"GamblersBrew"}],"is_trial":false,"path_per_floor":["M","?","?","$","?","R","E","M","T","M","R","M","M","M"],"character_chosen":"IRONCLAD","items_purchased":[],"campfire_rested":1,"item_purchase_floors":[],"current_hp_per_floor":[67,67,67,67,56,80,35,36,36,44,44,36,22,0],"gold":225,"neow_bonus":"UPGRADE_CARD","is_prod":false,"is_daily":false,"chose_seed":false,"campfire_upgraded":1,"win_rate":0,"timestamp":1553490629,"path_taken":["M","?","?","$","?","R","E","M","T","M","R","M","M","M"],"build_version":"2019-01-23","purchased_purges":0,"victory":false,"max_hp_per_floor":[80,80,80,80,80,80,80,80,80,80,80,80,80,80],"card_choices":[{"not_picked":["Shrug It Off","Heavy Blade"],"picked":"Thunderclap","floor":1},{"not_picked":["Corruption","Havoc"],"picked":"Searing Blow","floor":7},{"not_picked":["Wild Strike","Twin Strike"],"picked":"Armaments","floor":8},{"not_picked":["Sword Boomerang","Headbutt"],"picked":"Body Slam","floor":10},{"not_picked":["Shrug It Off","Armaments"],"picked":"Barricade","floor":12},{"not_picked":["Body Slam","Whirlwind"],"picked":"Armaments","floor":13}],"player_experience":534209,"relics_obtained":[{"floor":7,"key":"Blood Vial"},{"floor":9,"key":"Shuriken"}],"event_choices":[{"damage_healed":0,"gold_gain":0,"player_choice":"Grow","damage_taken":0,"max_hp_gain":0,"max_hp_loss":0,"event_name":"Living Wall","floor":2,"gold_loss":0,"cards_upgraded":["Thunderclap"]},{"cards_removed":["Defend_R"],"damage_healed":0,"gold_gain":0,"player_choice":"Card Removal","damage_taken":0,"max_hp_gain":0,"max_hp_loss":0,"event_name":"The Cleric","floor":3,"gold_loss":50},{"damage_healed":0,"gold_gain":75,"player_choice":"Gather Gold","damage_taken":11,"max_hp_gain":0,"max_hp_loss":0,"event_name":"World of Goop","floor":5,"gold_loss":0}],"is_beta":false,"boss_relics":[],"items_purged_floors":[],"is_endless":false,"potions_floor_spawned":[7,8,10],"killed_by":"Lots of Slimes","ascension_level":10}