{"gold_per_floor":[115,133,133,133,146,146,159,159,159,173,173,197,197,217,217,343,343,362,375,395,134,150,150,112,112,112,112,112,133,133,148,148,148],"floor_reached":33,"playtime":2753,"items_purged":[],"score":266,"play_id":"20ea6794-b5c5-4fc0-9c76-9c6d7a77f299","local_time":"20190805182219","is_ascension_mode":false,"campfire_choices":[{"data":"Pommel Strike","floor":6.0,"key":"SMITH"},{"data":"Twin Strike","floor":8.0,"key":"SMITH"},{"data":"Anger","floor":11.0,"key":"SMITH"},{"data":"Rage","floor":15.0,"key":"SMITH"},{"floor":23,"key":"REST"},{"floor":25,"key":"REST"},{"data":"Offering","floor":27,"key":"SMITH"},{"floor":30,"key":"REST"},{"floor":32,"key":"REST"}],"neow_cost":"NONE","seed_source_timestamp":0,"circlet_count":0,"master_deck":["Strike_R","Strike_R","Strike_R","Strike_R","Strike_R","Defend_R","Defend_R","Defend_R","Defend_R","Bash","Twin Strike+1","Pommel Strike+1","Disarm","Feel No Pain","Anger+1","Armaments+1","Rage+1","Offering+1","Cleave+1","Cleave","Anger","Shrug It Off","Carnage","Rupture","Ghostly","Ghostly","Ghostly","Ghostly","Ghostly","Whirlwind","Rage+1"],"special_seed":0,"relics":["Burning Blood","PreservedInsect","Golden Idol","Bottled Lightning","Philosopher\u0027s Stone","Ornamental Fan","Unceasing Top"],"potions_floor_usage":[18,33,33],"damage_taken":[{"damage":14.0,"enemies":"Small Slimes","floor":1.0,"turns":5.0},{"damage":4.0,"enemies":"2 Louse","floor":2.0,"turns":3.0},{"damage":1.0,"enemies":"Cultist","floor":5.0,"turns":3.0},{"damage":19.0,"enemies":"Lots of Slimes","floor":7.0,"turns":7.0},{"damage":3.0,"enemies":"Looter","floor":10.0,"turns":4.0},{"damage":4.0,"enemies":"Blue Slaver","floor":12.0,"turns":3.0},{"damage":15.0,"enemies":"Gremlin Gang","floor":14.0,"turns":6.0},{"damage":33.0,"enemies":"Slime Boss","floor":16.0,"turns":12.0},{"damage":20,"enemies":"Shell Parasite","floor":18,"turns":4},{"damage":24,"enemies":"2 Thieves","floor":19,"turns":4},{"damage":40,"enemies":"Snake Plant","floor":20,"turns":5},{"damage":6,"enemies":"3 Cultists","floor":22,"turns":4},{"damage":7,"enemies":"Centurion and Healer","floor":29,"turns":6},{"damage":32,"enemies":"Cultist and Chosen","floor":31,"turns":7},{"damage":50,"enemies":"Collector","floor":33,"turns":6}],"seed_played":"-4697590823226748482","potions_obtained":[{"floor":1.0,"key":"SkillPotion"},{"floor":7.0,"key":"Swift Potion"},{"floor":10.0,"key":"Regen Potion"},{"floor":19,"key":"Weak Potion"},{"floor":29,"key":"FearPotion"},{"floor":31,"key":"SteroidPotion"}],"is_trial":false,"path_per_floor":["M","M","?","?","M","R","M","R","T","M","R","M","?","M","R","B",null,"M","M","M","$","M","R","$","R","T","R","?","M","R","M","R","B"],"character_chosen":"IRONCLAD","items_purchased":["Shrug It Off","Ornamental Fan","Rupture"],"campfire_rested":4,"item_purchase_floors":[21,21,24],"current_hp_per_floor":[72,74,74,74,79,79,66,66,66,69,69,71,71,62,62,50,80,66,48,14,14,14,38,38,62,62,62,40,39,40,14,26,0],"gold":148,"neow_bonus":"RANDOM_COMMON_RELIC","is_prod":false,"is_daily":false,"chose_seed":false,"campfire_upgraded":5,"win_rate":0.0,"timestamp":1565047339,"path_taken":["M","M","?","?","?","R","?","R","T","M","R","M","?","M","R","BOSS","M","?","M","$","M","R","$","R","T","R","?","M","R","M","R","BOSS"],"build_version":"2019-07-17","purchased_purges":0,"victory":false,"max_hp_per_floor":[80,80,80,80,80,80,80,80,80,80,80,80,80,80,80,80,80,80,80,80,80,80,80,80,80,80,80,40,40,40,40,40,40],"card_choices":[{"not_picked":["Intimidate","Heavy Blade"],"picked":"Twin Strike","floor":1.0},{"not_picked":["Carnage","Armaments"],"picked":"Pommel Strike","floor":2.0},{"not_picked":["Iron Wave","Body Slam"],"picked":"Disarm","floor":5.0},{"not_picked":["Entrench","Second Wind"],"picked":"Feel No Pain","floor":7.0},{"not_picked":["Combust","Spot Weakness"],"picked":"Anger","floor":10.0},{"not_picked":["True Grit","Flex"],"picked":"Armaments","floor":12.0},{"not_picked":["True Grit","Flex"],"picked":"Rage","floor":14.0},{"not_picked":["Double Tap","Limit Break"],"picked":"Offering","floor":16.0},{"not_picked":["Dual Wield","Clash"],"picked":"Cleave+1","floor":18},{"not_picked":["Iron Wave","Thunderclap"],"picked":"Cleave","floor":19},{"not_picked":["Clash","True Grit+1"],"picked":"Anger","floor":20},{"not_picked":["Warcry","Disarm"],"picked":"Carnage","floor":22},{"not_picked":["Warcry","Clothesline"],"picked":"Whirlwind","floor":29},{"not_picked":["Heavy Blade","Impervious"],"picked":"Rage+1","floor":31}],"player_experience":28156,"relics_obtained":[{"floor":9.0,"key":"Bottled Lightning"},{"floor":26,"key":"Unceasing Top"}],"event_choices":[{"damage_healed":0.0,"max_hp_gain":0.0,"max_hp_loss":0.0,"gold_gain":0.0,"event_name":"Golden Idol","player_choice":"Take Wound","floor":3.0,"gold_loss":0.0,"damage_taken":0.0,"relics_obtained":["Golden Idol"],"cards_obtained":["Injury"]},{"cards_removed":["Injury"],"damage_healed":0.0,"max_hp_gain":0.0,"max_hp_loss":0.0,"gold_gain":0.0,"event_name":"Fountain of Cleansing","player_choice":"Removed Curses","floor":4.0,"gold_loss":0.0,"damage_taken":0.0},{"damage_healed":0.0,"max_hp_gain":0.0,"max_hp_loss":0.0,"gold_gain":0.0,"event_name":"Upgrade Shrine","player_choice":"Upgraded","floor":13.0,"gold_loss":0.0,"damage_taken":0.0,"cards_upgraded":["Armaments"]},{"damage_healed":0,"gold_gain":0,"player_choice":"Became a Ghost","damage_taken":0,"max_hp_gain":0,"max_hp_loss":40,"event_name":"Ghosts","floor":28,"gold_loss":0,"cards_obtained":["Ghostly","Ghostly","Ghostly","Ghostly","Ghostly"]}],"is_beta":false,"boss_relics":[{"not_picked":["Runic Pyramid","Eternal Feather"],"picked":"Philosopher\u0027s Stone"}],"items_purged_floors":[],"is_endless":false,"potions_floor_spawned":[1,7,10,19,29,31],"killed_by":"Collector","ascension_level":0}