{"gold_per_floor":[110,35,35,55,55,55,69,69,69,85,85],"floor_reached":11,"playtime":406,"items_purged":["Writhe"],"score":63,"play_id":"6df57b23-0fc1-4abe-abd2-b7ba5a062182","local_time":"20190205203116","is_ascension_mode":false,"campfire_choices":[{"data":"Barricade","floor":6,"key":"SMITH"},{"data":"Body Slam","floor":8,"key":"SMITH"}],"neow_cost":"CURSE","seed_source_timestamp":751511379190306,"circlet_count":0,"master_deck":["Strike_R","Strike_R","Strike_R","Strike_R","Defend_R","Defend_R","Defend_R","Defend_R","Bash","Barricade+1","Dual Wield","Body Slam+1","Burning Pact"],"relics":["Burning Blood","Frozen Egg 2"],"potions_floor_usage":[],"damage_taken":[{"damage":5,"enemies":"Small Slimes","floor":1,"turns":6},{"damage":5,"enemies":"2 Louse","floor":4,"turns":3},{"damage":9,"enemies":"Jaw Worm","floor":7,"turns":7},{"damage":13,"enemies":"Red Slaver","floor":10,"turns":4},{"damage":66,"enemies":"Exordium Thugs","floor":11,"turns":7}],"seed_played":"-6725637948995005327","potions_obtained":[{"floor":7,"key":"Strength Potion"}],"is_trial":false,"path_per_floor":["M","$","?","M","?","R","M","R","T","M","M"],"character_chosen":"IRONCLAD","items_purchased":[],"campfire_rested":0,"item_purchase_floors":[],"current_hp_per_floor":[80,80,62,63,56,56,53,53,53,46,0],"gold":85,"neow_bonus":"THREE_RARE_CARDS","is_prod":false,"is_daily":false,"chose_seed":false,"campfire_upgraded":2,"win_rate":0,"timestamp":1549423876,"path_taken":["M","$","?","M","?","R","M","R","T","M","M"],"build_version":"2019-01-23","purchased_purges":1,"victory":false,"max_hp_per_floor":[80,80,80,80,80,80,80,80,80,80,80],"card_choices":[{"not_picked":["Brutality","Fiend Fire"],"picked":"Barricade","floor":0},{"not_picked":["Warcry","Pommel Strike"],"picked":"Dual Wield","floor":1},{"not_picked":["Uppercut","Sword Boomerang","Flame Barrier"],"picked":"SKIP","floor":4},{"not_picked":["Thunderclap","Ghostly Armor"],"picked":"Body Slam","floor":7},{"not_picked":["True Grit","Heavy Blade"],"picked":"Burning Pact","floor":10}],"player_experience":364194,"relics_obtained":[],"event_choices":[{"damage_healed":0,"gold_gain":0,"player_choice":"Success","damage_taken":18,"relics_obtained":["Frozen Egg 2"],"max_hp_gain":0,"max_hp_loss":0,"event_name":"Scrap Ooze","floor":3,"gold_loss":0},{"cards_removed":["Strike_R"],"damage_healed":0,"gold_gain":0,"player_choice":"Card Removal","damage_taken":7,"max_hp_gain":0,"max_hp_loss":0,"event_name":"Golden Wing","floor":5,"gold_loss":0}],"is_beta":false,"boss_relics":[],"items_purged_floors":[2],"is_endless":false,"potions_floor_spawned":[7],"killed_by":"Exordium Thugs","ascension_level":0}