{"gold_per_floor":[20,195,211,221,146,177,192,192,219,219,237,137,137,168,168,269,269,280,280,34,50,60,60,72,88,112,112,112],"floor_reached":28,"playtime":1307,"items_purged":["Doubt","Defend_R"],"score":288,"play_id":"bc536914-01fe-436f-9e47-595f5295c476","local_time":"20190130212644","is_ascension_mode":true,"campfire_choices":[{"data":"Rampage","floor":8,"key":"SMITH"},{"data":"Bash","floor":13,"key":"SMITH"},{"floor":15,"key":"REST"},{"data":"Metallicize","floor":23,"key":"SMITH"},{"floor":27,"key":"REST"}],"neow_cost":"NO_GOLD","seed_source_timestamp":235505158380612,"circlet_count":0,"master_deck":["Strike_R","Strike_R","Strike_R","Strike_R","Defend_R","Defend_R","Defend_R","Bash+1","Exhume","Rampage+1","Metallicize+1","Dropkick","Limit Break","Metallicize","Rage"],"relics":["Burning Blood","Bag of Preparation","Orichalcum","Pen Nib","Busted Crown","Kunai","PreservedInsect"],"potions_floor_usage":[6,14,22,22,22],"damage_taken":[{"damage":5,"enemies":"2 Louse","floor":1,"turns":4},{"damage":7,"enemies":"Small Slimes","floor":3,"turns":4},{"damage":13,"enemies":"Jaw Worm","floor":4,"turns":4},{"damage":39,"enemies":"Gremlin Nob","floor":6,"turns":5},{"damage":1,"enemies":"3 Louse","floor":7,"turns":5},{"damage":10,"enemies":"Blue Slaver","floor":11,"turns":4},{"damage":22,"enemies":"Lagavulin","floor":14,"turns":6},{"damage":38,"enemies":"Slime Boss","floor":16,"turns":8},{"damage":22,"enemies":"Shell Parasite","floor":18,"turns":5},{"damage":21,"enemies":"Spheric Guardian","floor":21,"turns":6},{"damage":20,"enemies":"Shelled Parasite and Fungi","floor":22,"turns":5},{"damage":17,"enemies":"Chosen and Byrds","floor":24,"turns":6},{"damage":5,"enemies":"Snecko","floor":25,"turns":4},{"damage":43,"enemies":"Book of Stabbing","floor":28,"turns":5}],"seed_played":"9127861556144606995","potions_obtained":[{"floor":3,"key":"Poison Potion"},{"floor":7,"key":"SteroidPotion"},{"floor":16,"key":"Regen Potion"},{"floor":18,"key":"Poison Potion"},{"floor":21,"key":"BloodPotion"},{"floor":25,"key":"Dexterity Potion"}],"is_trial":false,"path_per_floor":["M","?","M","M","$","E","M","R","T","?","M","$","R","E","R","B",null,"M","?","$","M","M","R","M","M","T","R","E"],"character_chosen":"IRONCLAD","items_purchased":["Kunai"],"campfire_rested":2,"item_purchase_floors":[20],"current_hp_per_floor":[80,80,79,72,72,39,44,44,44,44,40,40,40,24,48,16,64,48,33,33,18,26,26,15,16,16,41,0],"gold":112,"neow_bonus":"THREE_RARE_CARDS","is_prod":false,"is_daily":false,"chose_seed":false,"campfire_upgraded":3,"win_rate":0,"timestamp":1548908804,"path_taken":["M","?","M","M","$","E","M","R","T","?","M","$","R","E","R","BOSS","M","?","$","M","M","R","M","M","T","R","E"],"build_version":"2019-01-23","purchased_purges":2,"victory":false,"max_hp_per_floor":[80,80,80,80,80,80,80,80,80,80,80,80,80,80,80,80,80,80,85,85,85,85,85,85,85,85,85,85],"card_choices":[{"not_picked":["Dark Embrace","Reaper"],"picked":"Exhume","floor":0},{"not_picked":["Pommel Strike","Heavy Blade"],"picked":"Rampage","floor":1},{"not_picked":["Perfected Strike","Clothesline","Warcry"],"picked":"SKIP","floor":3},{"not_picked":["Carnage","Warcry"],"picked":"Metallicize","floor":4},{"not_picked":["Disarm","Perfected Strike"],"picked":"Dropkick","floor":6},{"not_picked":["Perfected Strike","Rampage","Combust"],"picked":"SKIP","floor":7},{"not_picked":["Perfected Strike","Corruption","Warcry"],"picked":"SKIP","floor":11},{"not_picked":["Evolve","Hemokinesis","Havoc"],"picked":"SKIP","floor":14},{"not_picked":["Offering","Impervious"],"picked":"Limit Break","floor":16},{"not_picked":["Sword Boomerang"],"picked":"SKIP","floor":18},{"not_picked":[],"picked":"Metallicize","floor":21},{"not_picked":["Clash"],"picked":"SKIP","floor":22},{"not_picked":["Thunderclap"],"picked":"SKIP","floor":24},{"not_picked":[],"picked":"Rage","floor":25}],"player_experience":347650,"relics_obtained":[{"floor":6,"key":"Bag of Preparation"},{"floor":9,"key":"Orichalcum"},{"floor":14,"key":"Pen Nib"},{"floor":26,"key":"PreservedInsect"}],"event_choices":[{"damage_healed":0,"gold_gain":175,"player_choice":"AGREE","damage_taken":0,"max_hp_gain":0,"max_hp_loss":0,"event_name":"Liars Game","floor":2,"gold_loss":0,"cards_obtained":["Doubt"]},{"cards_removed":["Strike_R"],"damage_healed":0,"gold_gain":0,"player_choice":"Forget","damage_taken":0,"max_hp_gain":0,"max_hp_loss":0,"event_name":"Living Wall","floor":10,"gold_loss":0},{"damage_healed":0,"gold_gain":0,"player_choice":"Shed Blood","damage_taken":20,"max_hp_gain":5,"max_hp_loss":0,"event_name":"Forgotten Altar","floor":19,"gold_loss":0}],"is_beta":false,"boss_relics":[{"not_picked":["Runic Dome","Astrolabe"],"picked":"Busted Crown"}],"items_purged_floors":[5,12],"is_endless":false,"potions_floor_spawned":[3,7,16,18,21,25],"killed_by":"Book of Stabbing","ascension_level":5}