{"gold_per_floor":[365,67,78,96,113,171,171,191,191,191,209,240,258,258,258,258],"floor_reached":16,"playtime":747,"items_purged":[],"score":134,"play_id":"09005961-448d-40e7-a2e8-b61352c09f41","local_time":"20190105002652","is_ascension_mode":true,"campfire_choices":[{"data":"Whirlwind","floor":7,"key":"SMITH"},{"data":"Hemokinesis","floor":15,"key":"SMITH"}],"neow_cost":"CURSE","seed_source_timestamp":17010508470555,"circlet_count":0,"master_deck":["Strike_R","Strike_R","Strike_R","Strike_R","Strike_R","Defend_R","Defend_R","Defend_R","Defend_R","Bash","Whirlwind+1","Thunderclap","Limit Break","Hemokinesis+1"],"relics":["Burning Blood","Champion Belt","Tiny Chest","Odd Mushroom","Orichalcum","Sundial"],"potions_floor_usage":[6,12,16],"damage_taken":[{"damage":7,"enemies":"2 Louse","floor":1,"turns":4},{"damage":4,"enemies":"Small Slimes","floor":3,"turns":4},{"damage":6,"enemies":"Jaw Worm","floor":4,"turns":4},{"damage":4,"enemies":"Exordium Wildlife","floor":5,"turns":3},{"damage":45,"enemies":"Lagavulin","floor":6,"turns":8},{"damage":9,"enemies":"The Mushroom Lair","floor":8,"turns":2},{"damage":10,"enemies":"Exordium Thugs","floor":11,"turns":4},{"damage":15,"enemies":"Gremlin Nob","floor":12,"turns":4},{"damage":3,"enemies":"Blue Slaver","floor":13,"turns":3},{"damage":54,"enemies":"Hexaghost","floor":16,"turns":9}],"seed_played":"-4049276432352897957","potions_obtained":[{"floor":1,"key":"Poison Potion"},{"floor":6,"key":"AttackPotion"},{"floor":13,"key":"Swift Potion"}],"is_trial":false,"path_per_floor":["M","$","M","M","M","E","R","?","T","?","M","E","M","?","R","B"],"character_chosen":"IRONCLAD","items_purchased":["Champion Belt"],"campfire_rested":0,"item_purchase_floors":[2],"current_hp_per_floor":[79,79,80,80,80,41,41,38,38,38,34,25,28,54,54,0],"gold":258,"neow_bonus":"TWO_FIFTY_GOLD","is_prod":false,"is_daily":false,"chose_seed":false,"campfire_upgraded":2,"win_rate":0,"timestamp":1546673212,"path_taken":["M","$","M","M","M","E","R","?","T","?","M","E","M","?","R","BOSS"],"build_version":"2019-01-03v4","purchased_purges":0,"victory":false,"max_hp_per_floor":[80,80,80,80,80,80,80,80,80,80,80,80,80,80,80,80],"card_choices":[{"not_picked":["Uppercut","Headbutt"],"picked":"Whirlwind","floor":1},{"not_picked":["Body Slam","Havoc"],"picked":"Thunderclap","floor":3},{"not_picked":["Headbutt","Pummel","Wild Strike"],"picked":"SKIP","floor":4},{"not_picked":["Cleave","Uppercut","Wild Strike"],"picked":"SKIP","floor":5},{"not_picked":["Searing Blow","Pummel"],"picked":"Limit Break","floor":6},{"not_picked":["Headbutt","Bloodletting"],"picked":"Hemokinesis","floor":11},{"not_picked":["Seeing Red","Juggernaut","Brutality"],"picked":"SKIP","floor":12},{"not_picked":["Seeing Red","Juggernaut","Brutality"],"picked":"SKIP","floor":12},{"not_picked":["Warcry","Corruption","Carnage"],"picked":"SKIP","floor":13}],"player_experience":252644,"relics_obtained":[{"floor":6,"key":"Tiny Chest"},{"floor":8,"key":"Odd Mushroom"},{"floor":9,"key":"Orichalcum"},{"floor":12,"key":"Sundial"}],"event_choices":[{"damage_healed":0,"gold_gain":0,"player_choice":"Fought Mushrooms","damage_taken":0,"max_hp_gain":0,"max_hp_loss":0,"event_name":"Mushrooms","floor":8,"gold_loss":0},{"cards_removed":["Writhe"],"damage_healed":0,"gold_gain":0,"player_choice":"Forget","damage_taken":0,"max_hp_gain":0,"max_hp_loss":0,"event_name":"Living Wall","floor":10,"gold_loss":0},{"damage_healed":26,"gold_gain":0,"player_choice":"Banana","damage_taken":0,"max_hp_gain":0,"max_hp_loss":0,"event_name":"Big Fish","floor":14,"gold_loss":0}],"is_beta":false,"boss_relics":[],"items_purged_floors":[],"is_endless":false,"potions_floor_spawned":[1,6,13],"killed_by":"Hexaghost","ascension_level":4}