{"path_per_floor":["M","?","$","M","?","E","R","E","T","E","?","M","M","?","R","B",null,"M","$","M","?","$","R","M","?","T","R","M","?","E","M","R","B",null,"M","?","M","M","M","R"],"character_chosen":"DEFECT","items_purchased":["Lockon","Mango"],"gold_per_floor":[112,112,73,89,89,116,116,151,176,206,283,298,316,316,316,413,413,433,62,78,78,78,78,89,89,89,89,108,108,138,148,148,249,249,266,266,276,292,308,308,308],"floor_reached":41,"campfire_rested":5,"playtime":2689,"current_hp_per_floor":[75,80,80,79,79,46,70,16,16,10,10,9,4,4,28,18,80,80,94,77,77,77,77,42,42,42,70,69,69,35,35,78,22,94,93,93,61,30,22,65,0],"items_purged":["Strike_B"],"gold":308,"score":521,"play_id":"5c828da7-73a0-453f-a34c-1ab5a22162e7","local_time":"20180509143636","is_prod":false,"is_daily":false,"chose_seed":false,"is_ascension_mode":true,"campfire_upgraded":1,"timestamp":1525869396,"path_taken":["M","?","$","M","?","E","R","E","T","E","?","M","?","?","R","BOSS","M","$","?","?","?","R","M","?","T","R","M","?","E","M","R","BOSS","M","?","M","M","M","R","E"],"build_version":"2018-05-08","seed_source_timestamp":0,"purchased_purges":1,"victory":false,"master_deck":["Zap","Dualcast","Lockon+1","Double Energy+1","Cold Snap","Buffer+1","Meteor Strike","Cold Snap","Doom and Gloom","Machine Learning","Seek","Rebound","Barrage","Leap","Impulse","Undo","Axe Kick","Coolheaded","Double Energy","Recycle","Doom and Gloom+1","Sunder"],"max_hp_per_floor":[75,80,80,80,80,80,80,80,80,80,80,80,80,80,80,80,80,80,94,94,94,94,94,94,94,94,94,94,94,94,94,94,94,94,94,94,94,94,94,94,94],"relics":["Cracked Core","Lantern","Anchor","Whetstone","Orichalcum","Sozu","Mango","Question Card","Regal Pillow","Pandora\u0027s Box"],"card_choices":[{"not_picked":["Sweeping Beam","Storm"],"picked":"Double Energy","floor":4.0},{"not_picked":["Impulse","Sweeping Beam"],"picked":"Cold Snap","floor":6.0},{"not_picked":["Coolheaded","Turbo"],"picked":"Buffer","floor":12.0},{"not_picked":["Fission","Fusion"],"picked":"Meteor Strike","floor":16.0},{"not_picked":["Impulse","Genetic Algorithm"],"picked":"Cold Snap","floor":24.0},{"not_picked":["Sweeping Beam","Axe Kick","Coolheaded"],"picked":"Doom and Gloom","floor":28.0},{"not_picked":["Beam Cell","Meteor Strike","Hologram"],"picked":"Machine Learning","floor":30.0},{"not_picked":["Nova","Multi-Cast","Meteor Strike"],"picked":"Seek","floor":33.0},{"not_picked":["Skim","Cold Snap","Streamline"],"picked":"Double Energy","floor":35.0},{"not_picked":["Rebound","Coolheaded","Hologram"],"picked":"Recycle","floor":37.0},{"not_picked":["Aggregate","Barrage","Blizzard"],"picked":"Doom and Gloom","floor":38},{"not_picked":["Leap","Capacitor","Streamline"],"picked":"Sunder","floor":39}],"player_experience":387527,"potions_floor_usage":[],"damage_taken":[{"damage":0.0,"enemies":"Jaw Worm","floor":1.0,"turns":3.0},{"damage":1.0,"enemies":"2 Louse","floor":4.0,"turns":2.0},{"damage":33.0,"enemies":"Lagavulin","floor":6.0,"turns":8.0},{"damage":54.0,"enemies":"Gremlin Nob","floor":8.0,"turns":5.0},{"damage":6.0,"enemies":"3 Sentries","floor":10.0,"turns":6.0},{"damage":1.0,"enemies":"Cultist","floor":12.0,"turns":3.0},{"damage":5.0,"enemies":"Gremlin Gang","floor":13.0,"turns":4.0},{"damage":10.0,"enemies":"Slime Boss","floor":16.0,"turns":7.0},{"damage":0.0,"enemies":"Shell Parasite","floor":18.0,"turns":4.0},{"damage":17.0,"enemies":"Spheric Guardian","floor":20.0,"turns":4.0},{"damage":35.0,"enemies":"Cultist and Chosen","floor":24.0,"turns":9.0},{"damage":1.0,"enemies":"3 Cultists","floor":28.0,"turns":6.0},{"damage":34.0,"enemies":"Gremlin Leader","floor":30.0,"turns":8.0},{"damage":0.0,"enemies":"Snake Plant","floor":31.0,"turns":4.0},{"damage":56.0,"enemies":"Automaton","floor":33.0,"turns":12.0},{"damage":1.0,"enemies":"3 Shapes","floor":35.0,"turns":3.0},{"damage":32.0,"enemies":"Flame Bruiser 1 Orb","floor":37.0,"turns":6.0},{"damage":42,"enemies":"3 Darklings","floor":38,"turns":10},{"damage":8,"enemies":"Flame Bruiser 2 Orb","floor":39,"turns":5},{"damage":146,"enemies":"Giant Head","floor":41,"turns":9}],"event_choices":[{"event_name":"Big Fish","player_choice":"Donut","floor":2.0,"damage_taken":0.0},{"event_name":"Upgrade Shrine","player_choice":"Upgraded","floor":5.0,"damage_taken":0.0},{"event_name":"Golden Wing","player_choice":"Gained Gold","floor":11.0,"damage_taken":0.0},{"event_name":"The Lab","player_choice":"Got Potions","floor":14.0,"damage_taken":0.0},{"event_name":"Addict","player_choice":"Ignored","floor":21.0,"damage_taken":0.0},{"event_name":"Back to Basics","player_choice":"Simplicity","floor":25.0,"damage_taken":0.0},{"event_name":"N\u0027loth","player_choice":"Ignored","floor":29.0,"damage_taken":0.0},{"event_name":"Tomb of Lord Red Mask","player_choice":"Ignored","floor":36.0,"damage_taken":0.0}],"boss_relics":[],"potions_floor_spawned":[8,10,13,16,28,33,35],"seed_played":"-5330785313159217940","killed_by":"Giant Head","ascension_level":3,"is_trial":false}