{"gold_per_floor":[217,237,162,180,180,180,219,233,260,260,9,184,222,238,238,369,369,309,309,20,20],"floor_reached":21,"playtime":1052,"items_purged":["Strike_B","Strike_B"],"score":215,"play_id":"cacf385f-9151-479d-bb04-7ae4bb145364","local_time":"20181230210725","is_ascension_mode":true,"campfire_choices":[{"data":"Hologram","floor":6,"key":"SMITH"},{"data":"Gash","floor":10,"key":"SMITH"},{"data":"Creative AI","floor":15,"key":"SMITH"}],"neow_cost":"NONE","seed_source_timestamp":41354165491566,"circlet_count":0,"master_deck":["Strike_B","Strike_B","Defend_B","Defend_B","Defend_B","Defend_B","Zap","Dualcast","Gash+1","Gash+1","Hologram+1","Coolheaded","Beam Cell+1","Bandage Up","Cold Snap","Doubt","Creative AI+1","Echo Form","Hologram","Rebound"],"relics":["FrozenCore","Golden Idol","PreservedInsect","Whetstone","Smiling Mask","Membership Card","Lantern"],"potions_floor_usage":[7,18,19],"damage_taken":[{"damage":0,"enemies":"Cultist","floor":1,"turns":3},{"damage":2,"enemies":"Jaw Worm","floor":2,"turns":4},{"damage":7,"enemies":"Small Slimes","floor":4,"turns":3},{"damage":30,"enemies":"3 Sentries","floor":7,"turns":6},{"damage":9,"enemies":"Blue Slaver","floor":8,"turns":3},{"damage":5,"enemies":"Gremlin Nob","floor":13,"turns":3},{"damage":4,"enemies":"Looter","floor":14,"turns":3},{"damage":23,"enemies":"Slime Boss","floor":16,"turns":8},{"damage":29,"enemies":"2 Thieves","floor":18,"turns":4},{"damage":36,"enemies":"Chosen","floor":19,"turns":6},{"damage":18,"enemies":"Sentry and Sphere","floor":21,"turns":4}],"seed_played":"5177298946164232557","potions_obtained":[{"floor":1,"key":"SmokeBomb"},{"floor":4,"key":"Regen Potion"},{"floor":14,"key":"Ancient Potion"},{"floor":16,"key":"SneckoOil"}],"is_trial":false,"path_per_floor":["M","M","$","M","?","R","E","M","T","R","$","?","E","M","R","B",null,"M","M","$","M"],"character_chosen":"DEFECT","items_purchased":["Bandage Up","Cold Snap","Membership Card","Lantern","Rebound"],"campfire_rested":0,"item_purchase_floors":[11,11,20,20,20],"current_hp_per_floor":[75,73,73,66,48,48,33,24,24,24,24,24,23,23,23,4,75,46,14,14,0],"gold":20,"neow_bonus":"HUNDRED_GOLD","is_prod":false,"is_daily":false,"chose_seed":false,"campfire_upgraded":3,"win_rate":0,"timestamp":1546229245,"path_taken":["M","M","$","?","?","R","E","M","T","R","$","?","E","M","R","BOSS","M","M","$","M"],"build_version":"2018-12-20","purchased_purges":2,"victory":false,"max_hp_per_floor":[75,75,75,75,75,75,75,75,75,75,75,75,75,75,75,75,75,75,75,75,75],"card_choices":[{"not_picked":["BootSequence","Sweeping Beam"],"picked":"Gash","floor":1},{"not_picked":["Double Energy","Melter"],"picked":"Gash","floor":2},{"not_picked":["Sweeping Beam","Darkness"],"picked":"Hologram","floor":4},{"not_picked":["Gash","Capacitor"],"picked":"Coolheaded","floor":7},{"not_picked":["Lockon","Compile Driver"],"picked":"Beam Cell","floor":8},{"not_picked":["Double Energy","Reinforced Body"],"picked":"Creative AI","floor":13},{"not_picked":["Compile Driver","Turbo","Rebound"],"picked":"SKIP","floor":14},{"not_picked":["Multi-Cast","Amplify"],"picked":"Echo Form","floor":16},{"not_picked":["Go for the Eyes","Coolheaded"],"picked":"Hologram","floor":18}],"player_experience":209715,"relics_obtained":[{"floor":7,"key":"PreservedInsect"},{"floor":9,"key":"Whetstone"},{"floor":13,"key":"Smiling Mask"}],"event_choices":[{"damage_healed":0,"gold_gain":0,"player_choice":"Take Damage","damage_taken":18,"relics_obtained":["Golden Idol"],"max_hp_gain":0,"max_hp_loss":0,"event_name":"Golden Idol","floor":5,"gold_loss":0},{"damage_healed":0,"gold_gain":175,"player_choice":"AGREE","damage_taken":0,"max_hp_gain":0,"max_hp_loss":0,"event_name":"Liars Game","floor":12,"gold_loss":0,"cards_obtained":["Doubt"]}],"is_beta":false,"boss_relics":[{"not_picked":["Nuclear Battery","White Beast Statue"],"picked":"FrozenCore"}],"items_purged_floors":[3,11],"is_endless":false,"potions_floor_spawned":[1,4,14,16,19],"killed_by":"Sentry and Sphere","ascension_level":3}