{"gold_per_floor":[119,44,44,44,62,62,96,96,119,19,19,50,62,73,73,171,171,191,171,183,4,204,204,217,227,253,253,253,265,279,290,290,290],"floor_reached":33,"playtime":1610,"items_purged":["Defend_R","Strike_R","Strike_R"],"score":321,"play_id":"dd86d65f-0ddd-4d95-ba09-550dfd2d572a","local_time":"20190206155826","is_ascension_mode":true,"campfire_choices":[{"data":"Bash","floor":6,"key":"SMITH"},{"data":"Dropkick","floor":8,"key":"SMITH"},{"data":"Defend_R","floor":11,"key":"SMITH"},{"data":"Defend_R","floor":15,"key":"SMITH"},{"data":"True Grit","floor":23,"key":"SMITH"},{"floor":32,"key":"REST"}],"neow_cost":"NONE","seed_source_timestamp":820329633432929,"circlet_count":0,"master_deck":["Defend_R+1","Defend_R+1","Bash+1","Dropkick+1","True Grit+1","Pommel Strike","Rage"],"relics":["Burning Blood","Anchor","Bottled Flame","Empty Cage","Juzu Bracelet","MutagenicStrength"],"potions_floor_usage":[7,7,12,16,20,20,33,33,33],"damage_taken":[{"damage":6,"enemies":"Cultist","floor":1,"turns":3},{"damage":6,"enemies":"2 Louse","floor":5,"turns":2},{"damage":12,"enemies":"Gremlin Nob","floor":7,"turns":3},{"damage":32,"enemies":"Lagavulin","floor":12,"turns":6},{"damage":0,"enemies":"Small Slimes","floor":13,"turns":3},{"damage":8,"enemies":"Blue Slaver","floor":14,"turns":4},{"damage":57,"enemies":"The Guardian","floor":16,"turns":11},{"damage":43,"enemies":"Spheric Guardian","floor":18,"turns":8},{"damage":17,"enemies":"3 Byrds","floor":20,"turns":6},{"damage":9,"enemies":"Centurion and Healer","floor":24,"turns":7},{"damage":18,"enemies":"Snake Plant","floor":25,"turns":4},{"damage":0,"enemies":"Snecko","floor":29,"turns":3},{"damage":4,"enemies":"Centurion and Healer","floor":30,"turns":4},{"damage":6,"enemies":"Cultist and Chosen","floor":31,"turns":4},{"damage":102,"enemies":"Automaton","floor":33,"turns":6}],"seed_played":"-7324376828936257547","potions_obtained":[{"floor":0,"key":"Dexterity Potion"},{"floor":0,"key":"Fire Potion"},{"floor":0,"key":"Regen Potion"},{"floor":1,"key":"Weak Potion"},{"floor":7,"key":"Block Potion"},{"floor":14,"key":"Fire Potion"},{"floor":16,"key":"SpeedPotion"},{"floor":19,"key":"Regen Potion"},{"floor":20,"key":"Swift Potion"},{"floor":29,"key":"Explosive Potion"}],"is_trial":false,"path_per_floor":["M","$","?","?","M","R","E","R","T","$","R","E","M","M","R","B",null,"M","?","M","$","?","R","M","M","T","?","?","M","M","M","R","B"],"character_chosen":"IRONCLAD","items_purchased":["True Grit"],"campfire_rested":1,"item_purchase_floors":[21],"current_hp_per_floor":[80,80,80,85,85,85,79,79,79,79,79,64,70,68,68,17,68,31,31,35,35,35,35,32,20,20,20,20,26,28,28,53,0],"gold":290,"neow_bonus":"THREE_SMALL_POTIONS","is_prod":false,"is_daily":false,"chose_seed":false,"campfire_upgraded":5,"win_rate":0,"timestamp":1549493906,"path_taken":["M","?","?","?","M","R","E","R","T","?","R","E","M","M","R","BOSS","M","?","?","?","?","R","?","M","T","?","?","M","M","M","R","BOSS"],"build_version":"2019-01-23","purchased_purges":3,"victory":false,"max_hp_per_floor":[80,80,80,85,85,85,85,85,85,85,85,85,85,85,85,85,85,85,85,85,85,85,85,85,85,85,85,85,85,85,85,85,85],"card_choices":[{"not_picked":["Body Slam","Inflame","Intimidate"],"picked":"SKIP","floor":1},{"not_picked":["Bloodletting","Warcry"],"picked":"Dropkick","floor":5},{"not_picked":["Intimidate","Feel No Pain","Second Wind"],"picked":"SKIP","floor":7},{"not_picked":["Thunderclap","Second Wind","Anger"],"picked":"SKIP","floor":12},{"not_picked":["Armaments","Entrench","Rupture"],"picked":"SKIP","floor":13},{"not_picked":["Entrench","Hemokinesis","Evolve"],"picked":"SKIP","floor":14},{"not_picked":["Flex","Clothesline","Sword Boomerang"],"picked":"SKIP","floor":18},{"not_picked":["Wild Strike+1","Battle Trance","Body Slam"],"picked":"SKIP","floor":20},{"not_picked":["Battle Trance","Warcry"],"picked":"Pommel Strike","floor":24},{"not_picked":["True Grit","Flame Barrier","Twin Strike"],"picked":"SKIP","floor":25},{"not_picked":["Clothesline","Bludgeon","Intimidate"],"picked":"SKIP","floor":29},{"not_picked":["Clothesline","Bludgeon","Intimidate"],"picked":"SKIP","floor":29},{"not_picked":["Body Slam","Warcry+1"],"picked":"Rage","floor":30},{"not_picked":["Cleave+1","Body Slam+1","Rupture"],"picked":"SKIP","floor":31}],"player_experience":377733,"relics_obtained":[{"floor":7,"key":"Anchor"},{"floor":12,"key":"Bottled Flame"},{"floor":26,"key":"Juzu Bracelet"}],"event_choices":[{"cards_removed":["Strike_R"],"damage_healed":0,"gold_gain":0,"player_choice":"Forget","damage_taken":0,"max_hp_gain":0,"max_hp_loss":0,"event_name":"Living Wall","floor":3,"gold_loss":0},{"damage_healed":0,"gold_gain":0,"player_choice":"Donut","damage_taken":0,"max_hp_gain":5,"max_hp_loss":0,"event_name":"Big Fish","floor":4,"gold_loss":0},{"damage_healed":0,"gold_gain":0,"player_choice":"Bought 1 Potion","damage_taken":0,"max_hp_gain":0,"max_hp_loss":0,"event_name":"The Woman in Blue","floor":19,"gold_loss":0},{"damage_healed":0,"gold_gain":200,"player_choice":"Gold","damage_taken":0,"max_hp_gain":0,"max_hp_loss":0,"event_name":"Wheel of Change","floor":22,"gold_loss":0},{"damage_healed":0,"gold_gain":0,"player_choice":"Inject Mutagens","damage_taken":0,"relics_obtained":["MutagenicStrength"],"max_hp_gain":0,"max_hp_loss":0,"event_name":"Drug Dealer","floor":27,"gold_loss":0},{"cards_removed":["Strike_R"],"damage_healed":0,"gold_gain":0,"player_choice":"Purged","damage_taken":0,"max_hp_gain":0,"max_hp_loss":0,"event_name":"Purifier","floor":28,"gold_loss":0}],"is_beta":false,"boss_relics":[{"not_picked":["Black Star","Cursed Key"],"picked":"Empty Cage"}],"items_purged_floors":[2,10,21],"is_endless":false,"potions_floor_spawned":[1,7,14,16,20,29],"killed_by":"Automaton","ascension_level":5}