{"gold_per_floor":[116,126,126,126,126,126,161,181,181,181,239,162,68,88,88,187,187,200,213,213,213,213,213,241,267,305,8,8,8,8,27,27,131,131,151,166,166,166,11,42,42,55,108,122,46,60,60,72,72,72],"floor_reached":50,"playtime":2892,"items_purged":["Writhe"],"score":684,"play_id":"98b5b057-3234-4cf7-a6d5-449977133267","local_time":"20190723182204","is_ascension_mode":true,"campfire_choices":[{"floor":6.0,"key":"REST"},{"floor":10.0,"key":"REST"},{"floor":15.0,"key":"REST"},{"floor":23.0,"key":"REST"},{"floor":28.0,"key":"REST"},{"data":"Limit Break","floor":32.0,"key":"SMITH"},{"floor":41,"key":"REST"},{"floor":47,"key":"REST"},{"floor":49,"key":"REST"}],"neow_cost":"NONE","seed_source_timestamp":0,"circlet_count":0,"master_deck":["Strike_R","Strike_R","Strike_R","Strike_R+1","Strike_R+1","Defend_R","Defend_R","Defend_R","Defend_R","Bash","Twin Strike","Battle Trance","Rage","Cleave","Pommel Strike","Inflame","Headbutt","Inflame","Pommel Strike","Limit Break+1","Headbutt","Sword Boomerang+1","Disarm","Inflame+1","Feed","Heavy Blade+1","Writhe","Uppercut","Shrug It Off+1","Iron Wave+1","Blood for Blood","Pummel","Shrug It Off","Whirlwind+1"],"special_seed":0,"relics":["Burning Blood","Ginger","Bag of Preparation","Mercury Hourglass","Regal Pillow","Mark of Pain","Enchiridion","MawBank","Blood Vial","Torii","Kunai","Sozu","NlothsMask","Letter Opener"],"potions_floor_usage":[40,40,40],"damage_taken":[{"damage":6.0,"enemies":"Jaw Worm","floor":1.0,"turns":5.0},{"damage":17.0,"enemies":"2 Louse","floor":2.0,"turns":3.0},{"damage":32.0,"enemies":"Gremlin Nob","floor":7.0,"turns":4.0},{"damage":3.0,"enemies":"Small Slimes","floor":8.0,"turns":3.0},{"damage":16.0,"enemies":"Gremlin Nob","floor":11.0,"turns":3.0},{"damage":21.0,"enemies":"Exordium Thugs","floor":14.0,"turns":3.0},{"damage":63.0,"enemies":"Hexaghost","floor":16.0,"turns":8.0},{"damage":2.0,"enemies":"Spheric Guardian","floor":18.0,"turns":3.0},{"damage":20.0,"enemies":"3 Byrds","floor":19.0,"turns":4.0},{"damage":31.0,"enemies":"Gremlin Leader","floor":24.0,"turns":4.0},{"damage":30.0,"enemies":"Shelled Parasite and Fungi","floor":25.0,"turns":3.0},{"damage":0.0,"enemies":"Snecko","floor":31.0,"turns":2.0},{"damage":37.0,"enemies":"Automaton","floor":33.0,"turns":6.0},{"damage":15,"enemies":"3 Darklings","floor":35,"turns":4},{"damage":11,"enemies":"Orb Walker","floor":36,"turns":3},{"damage":67,"enemies":"Reptomancer","floor":40,"turns":5},{"damage":37,"enemies":"Writhing Mass","floor":42,"turns":4},{"damage":20,"enemies":"3 Darklings","floor":44,"turns":3},{"damage":16,"enemies":"4 Shapes","floor":46,"turns":4},{"damage":30,"enemies":"Sphere and 2 Shapes","floor":48,"turns":4},{"damage":106,"enemies":"Time Eater","floor":50,"turns":8}],"seed_played":"-8380816986672905382","potions_obtained":[{"floor":7.0,"key":"SkillPotion"},{"floor":11.0,"key":"PowerPotion"},{"floor":16.0,"key":"Block Potion"},{"floor":19.0,"key":"Strength Potion"},{"floor":25.0,"key":"GamblersBrew"},{"floor":31.0,"key":"Ancient Potion"},{"floor":33.0,"key":"EntropicBrew"}],"is_trial":false,"path_per_floor":["M","M","?","?","?","R","E","M","T","R","?","$","$","M","R","B",null,"M","M","?","?","?","R","E","M","T","$","R","?","?","M","R","B",null,"M","M","?","?","$","E","R","M","T","M","$","M","R","M","R","B"],"character_chosen":"IRONCLAD","items_purchased":["Inflame","Headbutt","Inflame","Torii","Uppercut","Pummel"],"campfire_rested":8,"item_purchase_floors":[12,13,13,27,39,45],"current_hp_per_floor":[80,69,51,33,33,59,33,36,36,62,52,52,52,37,78,21,71,75,61,44,28,28,70,45,21,21,21,63,63,93,93,93,62,85,78,75,93,93,93,35,78,49,49,37,37,29,72,53,97,0],"gold":72,"neow_bonus":"TEN_PERCENT_HP_BONUS","is_prod":false,"is_daily":false,"chose_seed":false,"campfire_upgraded":1,"win_rate":0,"timestamp":1563902524,"path_taken":["M","M","?","?","?","R","E","?","T","R","?","?","$","M","R","BOSS","M","M","?","?","?","R","E","?","T","$","R","?","?","M","R","BOSS","M","M","?","?","$","E","R","M","T","M","$","M","R","M","R","BOSS"],"build_version":"2019-07-05","purchased_purges":1,"victory":false,"max_hp_per_floor":[88,88,88,88,88,88,88,88,88,88,88,88,88,88,88,88,88,88,88,93,93,93,93,93,93,93,93,93,93,93,93,93,93,93,93,93,93,93,93,96,96,96,96,96,96,96,96,99,99,99],"card_choices":[{"not_picked":["Sever Soul","Hemokinesis"],"picked":"Twin Strike","floor":1.0},{"not_picked":["Iron Wave","Thunderclap"],"picked":"Battle Trance","floor":2.0},{"not_picked":["Juggernaut","Evolve"],"picked":"Rage","floor":7.0},{"not_picked":["Combust","Flex"],"picked":"Cleave","floor":8.0},{"not_picked":["Second Wind","Corruption"],"picked":"Pommel Strike","floor":11.0},{"not_picked":["Body Slam","Clash"],"picked":"Pommel Strike","floor":14.0},{"not_picked":["Barricade","Double Tap"],"picked":"Limit Break","floor":16.0},{"not_picked":["Flame Barrier","Clothesline"],"picked":"Headbutt","floor":18.0},{"not_picked":["True Grit","Uppercut"],"picked":"Sword Boomerang+1","floor":19.0},{"not_picked":["Cleave","Havoc"],"picked":"Disarm","floor":24.0},{"not_picked":["Clothesline","Havoc"],"picked":"Inflame+1","floor":25.0},{"not_picked":["Entrench","Fire Breathing+1","Wild Strike"],"picked":"SKIP","floor":31.0},{"not_picked":["Brutality","Offering"],"picked":"Feed","floor":33.0},{"not_picked":["Wild Strike","Dual Wield","Pommel Strike"],"picked":"SKIP","floor":35},{"not_picked":["Body Slam+1","Fire Breathing+1"],"picked":"Heavy Blade+1","floor":36},{"not_picked":["True Grit+1","Perfected Strike"],"picked":"Shrug It Off+1","floor":40},{"not_picked":["Berserk","Twin Strike+1"],"picked":"Iron Wave+1","floor":42},{"not_picked":["Rupture+1","Clash"],"picked":"Blood for Blood","floor":44},{"not_picked":["Dual Wield","Cleave"],"picked":"Shrug It Off","floor":46},{"not_picked":["Twin Strike","Intimidate+1"],"picked":"Whirlwind+1","floor":48}],"player_experience":151193,"relics_obtained":[{"floor":7.0,"key":"Bag of Preparation"},{"floor":9.0,"key":"Mercury Hourglass"},{"floor":21.0,"key":"Enchiridion"},{"floor":24.0,"key":"MawBank"},{"floor":26.0,"key":"Blood Vial"},{"floor":40,"key":"Letter Opener"}],"event_choices":[{"damage_healed":0.0,"max_hp_gain":0.0,"max_hp_loss":0.0,"gold_gain":0.0,"event_name":"Scrap Ooze","player_choice":"Success","floor":3.0,"gold_loss":0.0,"damage_taken":18.0,"relics_obtained":["Ginger"]},{"damage_healed":0.0,"max_hp_gain":0.0,"max_hp_loss":0.0,"gold_gain":0.0,"event_name":"Shining Light","player_choice":"Entered Light","floor":4.0,"gold_loss":0.0,"damage_taken":18.0,"cards_upgraded":["Strike_R","Strike_R"]},{"damage_healed":0.0,"max_hp_gain":0.0,"max_hp_loss":0.0,"gold_gain":0.0,"event_name":"Golden Wing","player_choice":"Ignored","floor":5.0,"gold_loss":0.0,"damage_taken":0.0},{"damage_healed":0.0,"max_hp_gain":0.0,"max_hp_loss":0.0,"gold_gain":30.0,"event_name":"Dead Adventurer","player_choice":"Searched \u00273\u0027 times","floor":11.0,"gold_loss":0.0,"damage_taken":0.0,"relics_obtained":["Regal Pillow"]},{"damage_healed":0.0,"max_hp_gain":5.0,"max_hp_loss":0.0,"gold_gain":0.0,"event_name":"Forgotten Altar","player_choice":"Shed Blood","floor":20.0,"gold_loss":0.0,"damage_taken":22.0},{"damage_healed":0.0,"max_hp_gain":0.0,"max_hp_loss":0.0,"gold_gain":0.0,"event_name":"Cursed Tome","player_choice":"Obtained Book","floor":21.0,"gold_loss":0.0,"damage_taken":16.0},{"damage_healed":0.0,"max_hp_gain":0.0,"max_hp_loss":0.0,"gold_gain":0.0,"event_name":"Ghosts","player_choice":"Ignored","floor":22.0,"gold_loss":0.0,"damage_taken":0.0},{"damage_healed":0.0,"max_hp_gain":0.0,"max_hp_loss":0.0,"gold_gain":0.0,"event_name":"The Mausoleum","player_choice":"Opened","floor":29.0,"gold_loss":0.0,"damage_taken":0.0,"relics_obtained":["Kunai"],"cards_obtained":["Writhe"]},{"damage_healed":31.0,"max_hp_gain":0.0,"max_hp_loss":0.0,"gold_gain":0.0,"event_name":"The Library","player_choice":"Heal","floor":30.0,"gold_loss":0.0,"damage_taken":0.0},{"damage_healed":23,"gold_gain":0,"player_choice":"Writhe","damage_taken":0,"max_hp_gain":0,"max_hp_loss":0,"event_name":"Winding Halls","floor":37,"gold_loss":0,"cards_obtained":["Writhe"]},{"damage_healed":0,"gold_gain":0,"player_choice":"Trade","damage_taken":0,"relics_obtained":["NlothsMask"],"max_hp_gain":0,"max_hp_loss":0,"event_name":"FaceTrader","floor":38,"gold_loss":0}],"is_beta":false,"boss_relics":[{"not_picked":["Runic Dome","Runic Pyramid"],"picked":"Mark of Pain"},{"not_picked":["Coffee Dripper","Snecko Eye"],"picked":"Sozu"}],"items_purged_floors":[39],"is_endless":false,"potions_floor_spawned":[7,11,16,19,25,31,33,36,40,46,48],"killed_by":"Time Eater","ascension_level":7}