{"gold_per_floor":[119,130,149,74,91,126,26,26,26,26,101,101,3,3,3,104,104,117,117,93,24,41,41,41,41,67,67,94,9,26,43,43,147,147,161,161],"floor_reached":36,"playtime":3546,"items_purged":["Strike_R","Strike_R"],"score":423,"play_id":"2ad41672-4dc8-49e7-ad85-0b90823d5ebb","local_time":"20181212202237","is_ascension_mode":true,"campfire_choices":[{"data":"Barricade","floor":10,"key":"SMITH"},{"data":"Rampage","floor":12,"key":"SMITH"},{"floor":15,"key":"REST"},{"data":"Shrug It Off","floor":23,"key":"SMITH"},{"data":"Ghostly Armor","floor":25,"key":"SMITH"},{"data":"Warcry","floor":27,"key":"SMITH"},{"data":"True Grit","floor":32,"key":"SMITH"}],"neow_cost":"NONE","seed_source_timestamp":58369257361156,"circlet_count":0,"master_deck":["Strike_R","Defend_R","Defend_R","Defend_R","Defend_R","Bash","Barricade+1","Rampage+1","Ghostly Armor+1","Metallicize+1","Warcry+1","Berserk+1","Power Through+1","Shrug It Off+1","Fire Breathing+1","Uppercut+1","True Grit+1","Feed"],"relics":["Burning Blood","Bottled Tornado","Bronze Scales","Frozen Egg 2","White Beast Statue","Kunai","Bag of Preparation","Blue Candle","Dead Branch","Mark of Pain"],"potions_floor_usage":[6,16,22,22,28,30,31,33,35,36],"damage_taken":[{"damage":5,"enemies":"Small Slimes","floor":1,"turns":3},{"damage":9,"enemies":"Cultist","floor":2,"turns":4},{"damage":11,"enemies":"Jaw Worm","floor":3,"turns":3},{"damage":12,"enemies":"Exordium Wildlife","floor":5,"turns":3},{"damage":48,"enemies":"3 Sentries","floor":6,"turns":14},{"damage":13,"enemies":"The Guardian","floor":16,"turns":12},{"damage":24,"enemies":"3 Byrds","floor":18,"turns":4},{"damage":5,"enemies":"Chosen","floor":22,"turns":8},{"damage":63,"enemies":"Slavers","floor":28,"turns":13},{"damage":11,"enemies":"Shelled Parasite and Fungi","floor":30,"turns":9},{"damage":7,"enemies":"Centurion and Healer","floor":31,"turns":10},{"damage":34,"enemies":"Automaton","floor":33,"turns":15},{"damage":22,"enemies":"3 Shapes","floor":35,"turns":7},{"damage":92,"enemies":"2 Orb Walkers","floor":36,"turns":5}],"seed_played":"-6629234079402667009","potions_obtained":[{"floor":2,"key":"SkillPotion"},{"floor":6,"key":"Ancient Potion"},{"floor":16,"key":"SpeedPotion"},{"floor":18,"key":"Regen Potion"},{"floor":22,"key":"PowerPotion"},{"floor":28,"key":"Fruit Juice"},{"floor":30,"key":"Regen Potion"},{"floor":31,"key":"LiquidBronze"},{"floor":33,"key":"SteroidPotion"},{"floor":35,"key":"EssenceOfSteel"}],"is_trial":false,"path_per_floor":["M","M","M","$","M","E","$","?","T","R","?","R","$","?","R","B",null,"M","?","$","$","M","R","T","R","T","R","E","?","M","M","R","B",null,"M","?"],"character_chosen":"IRONCLAD","items_purchased":["Metallicize+1","Warcry","Shrug It Off","Fire Breathing+1"],"campfire_rested":1,"item_purchase_floors":[13,13,20,21],"current_hp_per_floor":[80,77,72,72,66,24,24,17,17,17,6,6,6,6,30,23,80,62,62,62,62,78,78,78,78,78,78,21,21,21,35,35,7,85,72,0],"gold":161,"neow_bonus":"TRANSFORM_CARD","is_prod":false,"is_daily":false,"chose_seed":false,"campfire_upgraded":6,"win_rate":0,"timestamp":1544671357,"path_taken":["M","M","M","$","M","E","$","?","T","R","?","R","$","?","R","BOSS","M","?","?","$","?","R","?","R","T","R","E","?","M","M","R","BOSS","M","?"],"build_version":"2018-12-06","purchased_purges":2,"victory":false,"max_hp_per_floor":[80,80,80,80,80,80,80,80,80,80,80,80,80,80,80,80,80,80,80,80,80,80,80,80,80,80,80,80,80,85,85,85,85,85,88,88],"card_choices":[{"not_picked":["Perfected Strike","Combust","Heavy Blade"],"picked":"SKIP","floor":1},{"not_picked":["Feel No Pain","Hemokinesis"],"picked":"Rampage","floor":2},{"not_picked":["Sword Boomerang","Headbutt","Carnage"],"picked":"SKIP","floor":3},{"not_picked":["Twin Strike","Combust"],"picked":"Ghostly Armor","floor":5},{"not_picked":["Pommel Strike","Uppercut","Power Through"],"picked":"SKIP","floor":6},{"not_picked":["Immolate","Limit Break"],"picked":"Berserk+1","floor":16},{"not_picked":["Anger","Clash"],"picked":"Power Through+1","floor":18},{"not_picked":["Warcry","Carnage"],"picked":"Uppercut+1","floor":22},{"not_picked":["Cleave","Pommel Strike","Perfected Strike"],"picked":"SKIP","floor":28},{"not_picked":["Reckless Charge","Demon Form+1"],"picked":"True Grit","floor":30},{"not_picked":["Anger","Thunderclap","Pommel Strike"],"picked":"SKIP","floor":31},{"not_picked":["Demon Form+1","Brutality+1"],"picked":"Feed","floor":33},{"not_picked":["Armaments+1","Uppercut","Pommel Strike+1"],"picked":"SKIP","floor":35}],"player_experience":74152,"relics_obtained":[{"floor":6,"key":"Bottled Tornado"},{"floor":9,"key":"Frozen Egg 2"},{"floor":24,"key":"Kunai"},{"floor":26,"key":"Bag of Preparation"},{"floor":28,"key":"Blue Candle"}],"event_choices":[{"damage_healed":0,"gold_gain":0,"player_choice":"Success","damage_taken":7,"relics_obtained":["Bronze Scales"],"max_hp_gain":0,"max_hp_loss":0,"event_name":"Scrap Ooze","floor":8,"gold_loss":0},{"damage_healed":0,"gold_gain":75,"player_choice":"Gather Gold","damage_taken":11,"max_hp_gain":0,"max_hp_loss":0,"event_name":"World of Goop","floor":11,"gold_loss":0},{"damage_healed":0,"gold_gain":0,"player_choice":"Leave","damage_taken":0,"max_hp_gain":0,"max_hp_loss":0,"event_name":"The Cleric","floor":14,"gold_loss":0},{"cards_removed":["Strike_R"],"damage_healed":0,"gold_gain":0,"player_choice":"Purged","damage_taken":0,"max_hp_gain":0,"max_hp_loss":0,"event_name":"Purifier","floor":19,"gold_loss":0},{"damage_healed":0,"gold_gain":0,"player_choice":"Obtained Relic","damage_taken":0,"relics_obtained":["Dead Branch"],"max_hp_gain":0,"max_hp_loss":0,"event_name":"Addict","floor":29,"gold_loss":85},{"damage_healed":0,"gold_gain":0,"player_choice":"Fight","damage_taken":0,"max_hp_gain":0,"max_hp_loss":0,"event_name":"Mysterious Sphere","floor":36,"gold_loss":0}],"is_beta":false,"boss_relics":[{"not_picked":["Astrolabe","Black Star"],"picked":"White Beast Statue"},{"not_picked":["Eternal Feather","Sozu"],"picked":"Mark of Pain"}],"items_purged_floors":[4,7],"is_endless":false,"potions_floor_spawned":[2,6,16,18,22,28,30,31,33,35],"killed_by":"2 Orb Walkers","ascension_level":1}