{"gold_per_floor":[116,128,148,159,31,66,66,66,66,66,66,40,73,93,93,218,218,213,213],"floor_reached":19,"playtime":1342,"items_purged":["Strike_G"],"score":212,"play_id":"2287655e-6e13-4f66-b1aa-facbf602548c","local_time":"20190104220705","is_ascension_mode":true,"campfire_choices":[{"data":"Neutralize","floor":10,"key":"SMITH"},{"data":"Deadly Poison","floor":15,"key":"SMITH"}],"neow_cost":"NONE","seed_source_timestamp":8028393286335,"circlet_count":0,"master_deck":["Defend_G","Defend_G","Defend_G+1","Defend_G","Defend_G","Strike_G","Strike_G","Strike_G","Strike_G","Survivor","Neutralize+1","Heel Hook+1","Deadly Poison+1","Bane","Prepared","Bane","Blur","Tools of the Trade","Underhanded Strike"],"relics":["Runic Pyramid","Strawberry","Golden Idol","Blue Candle","Gambling Chip","Cursed Key"],"potions_floor_usage":[6,19],"damage_taken":[{"damage":0,"enemies":"Small Slimes","floor":1,"turns":3},{"damage":0,"enemies":"2 Louse","floor":2,"turns":3},{"damage":1,"enemies":"Cultist","floor":3,"turns":4},{"damage":8,"enemies":"Lots of Slimes","floor":4,"turns":5},{"damage":21,"enemies":"Gremlin Nob","floor":6,"turns":4},{"damage":0,"enemies":"Lagavulin","floor":13,"turns":7},{"damage":0,"enemies":"2 Fungi Beasts","floor":14,"turns":3},{"damage":17,"enemies":"The Guardian","floor":16,"turns":8},{"damage":35,"enemies":"2 Thieves","floor":18,"turns":4},{"damage":17,"enemies":"Colosseum Slavers","floor":19,"turns":6},{"damage":27,"enemies":"Colosseum Nobs","floor":19,"turns":3}],"seed_played":"-3033759000299002925","potions_obtained":[{"floor":1,"key":"GhostInAJar"},{"floor":4,"key":"Swift Potion"},{"floor":18,"key":"Dexterity Potion"}],"is_trial":false,"path_per_floor":["M","M","M","M","$","E","?","?","T","R","?","$","E","M","R","B",null,"M","?"],"character_chosen":"THE_SILENT","items_purchased":["Bane","Prepared"],"campfire_rested":0,"item_purchase_floors":[5,12],"current_hp_per_floor":[70,70,69,61,61,47,32,32,32,32,55,55,55,55,55,38,71,36,0],"gold":213,"neow_bonus":"BOSS_RELIC","is_prod":false,"is_daily":false,"chose_seed":false,"campfire_upgraded":2,"win_rate":0,"timestamp":1546664825,"path_taken":["M","M","M","M","$","E","?","?","T","R","?","$","E","M","R","BOSS","M","?"],"build_version":"2019-01-03v4","purchased_purges":1,"victory":false,"max_hp_per_floor":[70,70,70,70,70,77,77,71,71,71,71,71,71,71,71,71,71,71,71],"card_choices":[{"not_picked":["Bouncing Flask","Backstab","Sucker Punch"],"picked":"SKIP","floor":1},{"not_picked":["Dodge and Roll","Cloak And Dagger"],"picked":"Heel Hook","floor":2},{"not_picked":["PiercingWail","Backstab"],"picked":"Deadly Poison","floor":3},{"not_picked":["Dagger Spray","Catalyst","Deflect"],"picked":"SKIP","floor":4},{"not_picked":["Dagger Throw","Bane","Expertise"],"picked":"SKIP","floor":6},{"not_picked":["Crippling Poison","Corpse Explosion"],"picked":"Bane","floor":13},{"not_picked":["Acrobatics","Dodge and Roll"],"picked":"Blur","floor":14},{"not_picked":["Venomology","A Thousand Cuts"],"picked":"Tools of the Trade","floor":16},{"not_picked":["PiercingWail+1","Accuracy"],"picked":"Underhanded Strike","floor":18}],"player_experience":243774,"relics_obtained":[{"floor":6,"key":"Strawberry"},{"floor":9,"key":"Blue Candle"},{"floor":13,"key":"Gambling Chip"}],"event_choices":[{"damage_healed":0,"gold_gain":0,"player_choice":"Entered Light","damage_taken":15,"max_hp_gain":0,"max_hp_loss":0,"event_name":"Shining Light","floor":7,"gold_loss":0,"cards_upgraded":["Heel Hook","Defend_G"]},{"damage_healed":0,"gold_gain":0,"player_choice":"Lose Max HP","damage_taken":0,"relics_obtained":["Golden Idol"],"max_hp_gain":0,"max_hp_loss":6,"event_name":"Golden Idol","floor":8,"gold_loss":0},{"damage_healed":23,"gold_gain":0,"player_choice":"Banana","damage_taken":0,"max_hp_gain":0,"max_hp_loss":0,"event_name":"Big Fish","floor":11,"gold_loss":0},{"damage_healed":0,"gold_gain":0,"player_choice":"Fight","damage_taken":0,"max_hp_gain":0,"max_hp_loss":0,"event_name":"Colosseum","floor":19,"gold_loss":0},{"damage_healed":0,"gold_gain":0,"player_choice":"Fought Nobs","damage_taken":0,"max_hp_gain":0,"max_hp_loss":0,"event_name":"Colosseum","floor":19,"gold_loss":0}],"is_beta":false,"boss_relics":[{"not_picked":["Runic Dome","Velvet Choker"],"picked":"Cursed Key"}],"items_purged_floors":[5],"is_endless":false,"potions_floor_spawned":[1,4,18],"killed_by":"Colosseum Nobs","ascension_level":1}