{"gold_per_floor":[114,114,126,144,109,142,152,152,201,212,229,229,239,217,217,318,318,258,268,278,278,180,180,180,180,180,56,76,93,111,111],"floor_reached":31,"playtime":4151,"items_purged":["Normality","Writhe"],"score":239,"play_id":"35fefe61-0bc4-4d98-98c1-fff925fa7640","local_time":"20190803220912","is_ascension_mode":false,"campfire_choices":[{"floor":8,"key":"REST"},{"data":"Blood for Blood","floor":15,"key":"SMITH"},{"floor":23,"key":"REST"},{"data":"Blood for Blood","floor":25,"key":"SMITH"}],"neow_cost":"","seed_source_timestamp":1995632988539903,"circlet_count":0,"master_deck":["Strike_R","Strike_R","Strike_R","Strike_R","Strike_R","Defend_R","Defend_R","Defend_R","Defend_R","Bash","Hemokinesis+1","Cleave","Shrug It Off","Rampage","Flame Barrier","Battle Trance","Cleave","Blood for Blood+1","Demon Form","Shrug It Off","Reaper","Injury","Anger+1","Flame Barrier+1","Blood for Blood+1","Iron Wave","Seeing Red","Body Slam+1","Pommel Strike+1","Rupture","Bludgeon+1"],"relics":["Burning Blood","Self Forming Clay","Blood Vial","Calling Bell","Bag of Preparation","Mummified Hand","Charon\u0027s Ashes","Molten Egg 2"],"potions_floor_usage":[6,7,16,16,29,29],"damage_taken":[{"damage":12,"enemies":"Cultist","floor":1,"turns":5},{"damage":7,"enemies":"Jaw Worm","floor":3,"turns":3},{"damage":2,"enemies":"2 Louse","floor":4,"turns":2},{"damage":16,"enemies":"3 Sentries","floor":6,"turns":8},{"damage":11,"enemies":"Exordium Wildlife","floor":7,"turns":4},{"damage":2,"enemies":"Blue Slaver","floor":10,"turns":5},{"damage":8,"enemies":"Lots of Slimes","floor":11,"turns":3},{"damage":2,"enemies":"3 Louse","floor":13,"turns":2},{"damage":42,"enemies":"The Guardian","floor":16,"turns":12},{"damage":12,"enemies":"2 Thieves","floor":18,"turns":4},{"damage":22,"enemies":"Shell Parasite","floor":19,"turns":6},{"damage":23,"enemies":"3 Cultists","floor":20,"turns":5},{"damage":23,"enemies":"Snake Plant","floor":28,"turns":4},{"damage":23,"enemies":"Centurion and Healer","floor":29,"turns":7},{"damage":20,"enemies":"Shelled Parasite and Fungi","floor":30,"turns":4},{"damage":33,"enemies":"Snake Plant","floor":31,"turns":3}],"seed_played":"-106854222373280189","potions_obtained":[{"floor":1,"key":"SpeedPotion"},{"floor":3,"key":"PowerPotion"},{"floor":6,"key":"PowerPotion"},{"floor":7,"key":"AttackPotion"},{"floor":19,"key":"Energy Potion"},{"floor":20,"key":"Weak Potion"}],"is_trial":false,"path_per_floor":["M","?","M","M","$","E","M","R","T","M","M","?","M","$","R","B",null,"M","M","M","?","$","R","?","R","T","$","M","M","M","M"],"character_chosen":"IRONCLAD","items_purchased":["Rampage","Shrug It Off","Iron Wave","Body Slam+1"],"campfire_rested":2,"item_purchase_floors":[5,14,22,27],"current_hp_per_floor":[74,74,73,77,77,67,62,80,80,80,78,83,85,85,85,49,85,79,65,54,38,38,65,65,65,65,65,50,43,31,0],"gold":111,"neow_bonus":"","is_prod":false,"is_daily":false,"chose_seed":false,"campfire_upgraded":2,"win_rate":0.0,"timestamp":1564888152,"path_taken":["M","?","M","M","?","E","M","R","T","M","M","?","M","?","R","BOSS","M","M","M","?","$","R","?","R","T","?","M","?","?","M"],"build_version":"2019-07-17","purchased_purges":2,"victory":false,"max_hp_per_floor":[80,80,80,80,80,80,80,80,80,80,80,85,85,85,85,85,85,85,85,85,90,90,90,90,90,90,90,90,90,90,90],"card_choices":[{"not_picked":["Dual Wield","Headbutt"],"picked":"Hemokinesis","floor":1},{"not_picked":["Warcry","Clash"],"picked":"Cleave","floor":3},{"not_picked":["Warcry","Rampage"],"picked":"Shrug It Off","floor":4},{"not_picked":["Iron Wave","Twin Strike"],"picked":"Flame Barrier","floor":6},{"not_picked":["Disarm","Twin Strike"],"picked":"Battle Trance","floor":7},{"not_picked":["Shrug It Off","True Grit"],"picked":"Cleave","floor":10},{"not_picked":["Feel No Pain","Disarm"],"picked":"Blood for Blood","floor":11},{"not_picked":["Iron Wave","Cleave"],"picked":"Demon Form","floor":13},{"not_picked":["Impervious","Offering"],"picked":"Reaper","floor":16},{"not_picked":["Body Slam+1","Pommel Strike"],"picked":"Anger+1","floor":18},{"not_picked":["Entrench+1","Iron Wave"],"picked":"Flame Barrier+1","floor":19},{"not_picked":["Shrug It Off","Anger+1"],"picked":"Blood for Blood","floor":20},{"not_picked":["Thunderclap+1","Dual Wield+1"],"picked":"Pommel Strike+1","floor":28},{"not_picked":["Fire Breathing","Dropkick+1"],"picked":"Rupture","floor":29},{"not_picked":["Dual Wield","Whirlwind+1"],"picked":"Bludgeon+1","floor":30}],"player_experience":0,"relics_obtained":[{"floor":6,"key":"Self Forming Clay"},{"floor":9,"key":"Blood Vial"},{"floor":17,"key":"Bag of Preparation"},{"floor":17,"key":"Mummified Hand"},{"floor":17,"key":"Charon\u0027s Ashes"},{"floor":26,"key":"Molten Egg 2"}],"event_choices":[{"damage_healed":0,"gold_gain":0,"player_choice":"Upgraded","damage_taken":0,"max_hp_gain":0,"max_hp_loss":0,"event_name":"Upgrade Shrine","floor":2,"gold_loss":0,"cards_upgraded":["Hemokinesis"]},{"damage_healed":0,"gold_gain":0,"player_choice":"Donut","damage_taken":0,"max_hp_gain":5,"max_hp_loss":0,"event_name":"Big Fish","floor":12,"gold_loss":0},{"damage_healed":0,"gold_gain":0,"player_choice":"Shed Blood","damage_taken":21,"max_hp_gain":5,"max_hp_loss":0,"event_name":"Forgotten Altar","floor":21,"gold_loss":0},{"damage_healed":0,"gold_gain":0,"player_choice":"Read","damage_taken":0,"max_hp_gain":0,"max_hp_loss":0,"event_name":"The Library","floor":24,"gold_loss":0,"cards_obtained":["Seeing Red"]}],"is_beta":false,"boss_relics":[{"not_picked":["Cursed Key","Mark of Pain"],"picked":"Calling Bell"}],"items_purged_floors":[22,27],"is_endless":false,"potions_floor_spawned":[1,3,6,7,19,20],"killed_by":"Snake Plant","ascension_level":0}