{"gold_per_floor":[116,133,308,308,308,339,349,349,349,374,386,416,416,436,436,537,537,557,557,575,490,490,521,532,532,532,47,64,10,25,44,44,142,142,153,153,153,153,171,171,171],"floor_reached":41,"playtime":2541,"items_purged":[],"score":496,"play_id":"56862dbe-82a0-4249-a24e-92695f1116a8","local_time":"20190711202428","is_ascension_mode":true,"campfire_choices":[{"floor":8,"key":"REST"},{"floor":13,"key":"REST"},{"floor":15,"key":"REST"},{"floor":25,"key":"REST"},{"floor":32,"key":"REST"},{"floor":40,"key":"REST"}],"neow_cost":"NONE","seed_source_timestamp":919924988385,"circlet_count":0,"master_deck":["Strike_R","Strike_R","Strike_R","Strike_R","Strike_R","Defend_R","Defend_R","Defend_R","Bash","Headbutt","Shrug It Off","Warcry","Bludgeon","Battle Trance","Whirlwind","Metallicize","Carnage","Anger","Juggernaut","Rage","Battle Trance","Metallicize","True Grit","Iron Wave","Brutality","Pummel","Mind Blast","Armaments+1"],"relics":["Burning Blood","Happy Flower","Blue Candle","Bag of Preparation","Strawberry","Busted Crown","Paper Frog","Blood Vial","Oddly Smooth Stone","Ornamental Fan","Lantern","Philosopher\u0027s Stone"],"potions_floor_usage":[10,10,23,23,28,33,41],"damage_taken":[{"damage":8,"enemies":"Jaw Worm","floor":1,"turns":5},{"damage":15,"enemies":"2 Louse","floor":2,"turns":2},{"damage":28,"enemies":"Gremlin Nob","floor":6,"turns":4},{"damage":0,"enemies":"Small Slimes","floor":7,"turns":2},{"damage":23,"enemies":"Lagavulin","floor":10,"turns":6},{"damage":0,"enemies":"3 Louse","floor":11,"turns":1},{"damage":26,"enemies":"3 Sentries","floor":12,"turns":7},{"damage":22,"enemies":"Large Slime","floor":14,"turns":6},{"damage":22,"enemies":"Slime Boss","floor":16,"turns":10},{"damage":7,"enemies":"Chosen","floor":18,"turns":3},{"damage":21,"enemies":"Shell Parasite","floor":20,"turns":4},{"damage":57,"enemies":"Slavers","floor":23,"turns":5},{"damage":5,"enemies":"Centurion and Healer","floor":24,"turns":5},{"damage":12,"enemies":"Cultist and Chosen","floor":28,"turns":5},{"damage":9,"enemies":"Chosen and Byrds","floor":30,"turns":5},{"damage":13,"enemies":"Sentry and Sphere","floor":31,"turns":4},{"damage":46,"enemies":"Champ","floor":33,"turns":10},{"damage":44,"enemies":"3 Darklings","floor":35,"turns":6},{"damage":12,"enemies":"3 Shapes","floor":39,"turns":3},{"damage":79,"enemies":"Reptomancer","floor":41,"turns":3}],"seed_played":"658118172078709861","potions_obtained":[{"floor":6,"key":"Explosive Potion"},{"floor":7,"key":"Energy Potion"},{"floor":11,"key":"Dexterity Potion"},{"floor":16,"key":"Swift Potion"},{"floor":18,"key":"EssenceOfSteel"},{"floor":23,"key":"Poison Potion"},{"floor":24,"key":"Regen Potion"},{"floor":30,"key":"SkillPotion"},{"floor":39,"key":"PowerPotion"}],"is_trial":false,"path_per_floor":["M","M","?","?","?","E","M","R","T","E","M","E","R","M","R","B",null,"M","?","M","?","?","E","M","R","T","$","M","$","M","M","R","B",null,"M","?","?","?","M","R","E"],"character_chosen":"IRONCLAD","items_purchased":["Ornamental Fan","Lantern","Metallicize","True Grit"],"campfire_rested":6,"item_purchase_floors":[27,27,27,29],"current_hp_per_floor":[78,69,69,69,69,47,53,77,77,60,66,53,79,63,87,71,87,86,86,71,71,76,25,28,54,54,54,55,55,54,49,75,37,87,49,49,49,49,45,71,0],"gold":171,"neow_bonus":"THREE_CARDS","is_prod":false,"is_daily":false,"chose_seed":false,"campfire_upgraded":0,"win_rate":0,"timestamp":1562873068,"path_taken":["M","M","?","?","?","E","M","R","T","E","M","E","R","M","R","BOSS","M","?","M","?","?","E","M","R","T","$","M","$","?","M","R","BOSS","M","?","?","?","M","R","E"],"build_version":"2019-07-05","purchased_purges":0,"victory":false,"max_hp_per_floor":[80,80,80,80,80,80,80,80,80,80,80,87,87,87,87,87,87,87,87,87,87,87,87,87,87,87,87,87,87,87,87,87,87,87,87,87,87,87,87,87,87],"card_choices":[{"not_picked":["Warcry","Wild Strike"],"picked":"Headbutt","floor":0},{"not_picked":["Havoc","Flex"],"picked":"Shrug It Off","floor":1},{"not_picked":["Second Wind","Wild Strike"],"picked":"Warcry","floor":2},{"not_picked":["Flex","Twin Strike"],"picked":"Bludgeon","floor":6},{"not_picked":["Fire Breathing","Thunderclap"],"picked":"Battle Trance","floor":7},{"not_picked":["Battle Trance","Uppercut"],"picked":"Whirlwind","floor":10},{"not_picked":["Body Slam","Intimidate"],"picked":"Metallicize","floor":11},{"not_picked":["Cleave","Body Slam"],"picked":"Carnage","floor":12},{"not_picked":["Sentinel","Warcry"],"picked":"Anger","floor":14},{"not_picked":["Brutality","Reaper"],"picked":"Juggernaut","floor":16},{"not_picked":["Hemokinesis"],"picked":"SKIP","floor":18},{"not_picked":[],"picked":"Clash","floor":20},{"not_picked":[],"picked":"Rage","floor":23},{"not_picked":[],"picked":"Battle Trance","floor":24},{"not_picked":["Warcry"],"picked":"SKIP","floor":28},{"not_picked":["Fire Breathing"],"picked":"SKIP","floor":30},{"not_picked":[],"picked":"Iron Wave","floor":31},{"not_picked":[],"picked":"Brutality","floor":33},{"not_picked":[],"picked":"Pummel","floor":35},{"not_picked":[],"picked":"Mind Blast","floor":38},{"not_picked":[],"picked":"Armaments+1","floor":39}],"player_experience":92741,"relics_obtained":[{"floor":6,"key":"Happy Flower"},{"floor":9,"key":"Blue Candle"},{"floor":10,"key":"Bag of Preparation"},{"floor":12,"key":"Strawberry"},{"floor":23,"key":"Blood Vial"},{"floor":26,"key":"Oddly Smooth Stone"}],"event_choices":[{"damage_healed":0,"gold_gain":175,"player_choice":"AGREE","damage_taken":0,"max_hp_gain":0,"max_hp_loss":0,"event_name":"Liars Game","floor":3,"gold_loss":0,"cards_obtained":["Doubt"]},{"damage_healed":0,"gold_gain":0,"player_choice":"Ignored","damage_taken":0,"max_hp_gain":0,"max_hp_loss":0,"event_name":"Shining Light","floor":4,"gold_loss":0},{"cards_removed":["Doubt"],"damage_healed":0,"gold_gain":0,"player_choice":"Forget","damage_taken":0,"max_hp_gain":0,"max_hp_loss":0,"event_name":"Living Wall","floor":5,"gold_loss":0},{"damage_healed":0,"gold_gain":0,"player_choice":"Ignored","damage_taken":0,"max_hp_gain":0,"max_hp_loss":0,"event_name":"Vampires","floor":19,"gold_loss":0},{"damage_healed":0,"gold_gain":0,"player_choice":"Obtained Relic","damage_taken":0,"relics_obtained":["Paper Frog"],"max_hp_gain":0,"max_hp_loss":0,"event_name":"Addict","floor":21,"gold_loss":85},{"cards_removed":["Clash"],"damage_healed":5,"gold_gain":0,"player_choice":"Offered Common","damage_taken":0,"max_hp_gain":0,"max_hp_loss":0,"event_name":"Bonfire Elementals","floor":22,"gold_loss":0},{"cards_removed":["Clash"],"damage_healed":5,"gold_gain":0,"player_choice":"Offered Special","damage_taken":0,"max_hp_gain":0,"max_hp_loss":0,"event_name":"Bonfire Elementals","floor":22,"gold_loss":0},{"damage_healed":0,"gold_gain":0,"player_choice":"Ignored","damage_taken":0,"max_hp_gain":0,"max_hp_loss":0,"event_name":"Tomb of Lord Red Mask","floor":36,"gold_loss":0},{"cards_removed":["Defend_R"],"damage_healed":0,"gold_gain":0,"player_choice":"Removed Skill","damage_taken":0,"max_hp_gain":0,"max_hp_loss":0,"event_name":"Falling","floor":37,"gold_loss":0},{"damage_healed":0,"gold_gain":0,"player_choice":"Memory 1","damage_taken":0,"max_hp_gain":0,"max_hp_loss":0,"event_name":"SensoryStone","floor":38,"gold_loss":0}],"is_beta":false,"boss_relics":[{"not_picked":["Runic Dome","Astrolabe"],"picked":"Busted Crown"},{"not_picked":["Eternal Feather","Coffee Dripper"],"picked":"Philosopher\u0027s Stone"}],"items_purged_floors":[],"is_endless":false,"potions_floor_spawned":[6,7,11,16,18,23,24,30,39],"killed_by":"Reptomancer","ascension_level":3}