{"gold_per_floor":[215,20,20,39,54,54,54,85,85,102,128,13,13,30,30,126,126,145,145,145,145,41,70,70,87,135,135,135,160,172,187,187,302,314,326],"floor_reached":35,"playtime":2153,"items_purged":["Strike_G"],"score":513,"play_id":"24fe213b-fc2f-49f8-83d7-be074a21b59a","local_time":"20190210225519","is_ascension_mode":true,"campfire_choices":[{"data":"Poisoned Stab","floor":6,"key":"SMITH"},{"floor":13,"key":"DIG"},{"data":"Neutralize","floor":15,"key":"SMITH"},{"floor":24,"key":"REST"},{"data":"RitualDagger","floor":28,"key":"SMITH"},{"floor":32,"key":"DIG"}],"neow_cost":"NONE","seed_source_timestamp":11190917727105,"circlet_count":0,"master_deck":["Defend_G","Defend_G","Defend_G","Defend_G+1","Defend_G","Strike_G","Strike_G+1","Strike_G","Strike_G","Survivor","Neutralize+1","PiercingWail","Flying Knee","Poisoned Stab+1","Poisoned Stab","Deadly Poison","Heel Hook","Heel Hook","Adrenaline","Skewer","RitualDagger+1","Well Laid Plans","PiercingWail","Setup","Escape Plan","Doubt","Ghostly","Ghostly","Ghostly","Ghostly","Ghostly","Venomology","Dodge and Roll","Outmaneuver+1","Burst"],"relics":["Ring of the Snake","TwistedFunnel","Shovel","Pen Nib","Strawberry","Cursed Key","Du-Vu Doll","Ice Cream","Bronze Scales","Peace Pipe","MawBank","HoveringKite"],"potions_floor_usage":[16,23,30,31,33,33,33,33,35],"damage_taken":[{"damage":0,"enemies":"Jaw Worm","floor":1,"turns":7},{"damage":1,"enemies":"Small Slimes","floor":4,"turns":2},{"damage":0,"enemies":"Cultist","floor":5,"turns":4},{"damage":12,"enemies":"Lagavulin","floor":8,"turns":6},{"damage":1,"enemies":"Blue Slaver","floor":10,"turns":3},{"damage":8,"enemies":"Gremlin Nob","floor":11,"turns":3},{"damage":0,"enemies":"3 Louse","floor":14,"turns":1},{"damage":28,"enemies":"The Guardian","floor":16,"turns":8},{"damage":2,"enemies":"Chosen","floor":18,"turns":4},{"damage":45,"enemies":"Book of Stabbing","floor":23,"turns":7},{"damage":17,"enemies":"3 Byrds","floor":25,"turns":4},{"damage":5,"enemies":"Gremlin Leader","floor":29,"turns":7},{"damage":2,"enemies":"Snecko","floor":30,"turns":3},{"damage":5,"enemies":"Centurion and Healer","floor":31,"turns":9},{"damage":14,"enemies":"Automaton","floor":33,"turns":10},{"damage":38,"enemies":"3 Darklings","floor":35,"turns":4}],"seed_played":"-9027296580393747112","potions_obtained":[{"floor":8,"key":"GhostInAJar"},{"floor":10,"key":"SkillPotion"},{"floor":11,"key":"Ancient Potion"},{"floor":18,"key":"Energy Potion"},{"floor":29,"key":"FearPotion"},{"floor":33,"key":"LiquidBronze"}],"is_trial":false,"path_per_floor":["M","$","?","M","M","R","?","E","T","M","E","$","R","M","R","B",null,"M","?","?","$","$","E","R","M","T","?","R","E","M","M","R","B",null,"M"],"character_chosen":"THE_SILENT","items_purchased":["TwistedFunnel","Heel Hook","Well Laid Plans","PiercingWail"],"campfire_rested":1,"item_purchase_floors":[2,12,22,22],"current_hp_per_floor":[70,70,70,69,69,69,55,43,43,42,34,34,41,41,41,13,77,75,75,69,69,69,24,47,30,30,30,30,25,23,18,18,4,38,0],"gold":326,"neow_bonus":"HUNDRED_GOLD","is_prod":false,"is_daily":false,"chose_seed":false,"campfire_upgraded":3,"win_rate":0,"timestamp":1549864519,"path_taken":["M","$","?","M","M","R","?","E","T","M","E","$","R","M","R","BOSS","M","?","?","?","$","E","R","?","T","?","R","E","M","M","R","BOSS","M"],"build_version":"2019-01-23","purchased_purges":1,"victory":false,"max_hp_per_floor":[70,70,70,70,70,70,70,70,70,70,70,70,77,77,77,77,77,77,77,77,77,77,77,77,77,77,38,38,38,38,38,38,38,38,38],"card_choices":[{"not_picked":["Prepared","Dodge and Roll"],"picked":"PiercingWail","floor":1},{"not_picked":["Dagger Spray","Acrobatics"],"picked":"Flying Knee","floor":4},{"not_picked":["PiercingWail","Dagger Spray"],"picked":"Poisoned Stab","floor":5},{"not_picked":["Underhanded Strike","Dagger Throw"],"picked":"Poisoned Stab","floor":8},{"not_picked":["Acrobatics","Flechettes","Phantasmal Killer"],"picked":"SKIP","floor":10},{"not_picked":["Heel Hook","Acrobatics"],"picked":"Deadly Poison","floor":11},{"not_picked":["Quick Slash","Blade Dance"],"picked":"Heel Hook","floor":14},{"not_picked":["Die Die Die","A Thousand Cuts"],"picked":"Adrenaline","floor":16},{"not_picked":["Backflip","Dagger Throw"],"picked":"Skewer","floor":18},{"not_picked":["Infinite Blades","Eviscerate+1"],"picked":"Setup","floor":23},{"not_picked":["PiercingWail","Deflect+1"],"picked":"Escape Plan","floor":25},{"not_picked":["Sucker Punch","Acrobatics"],"picked":"Venomology","floor":29},{"not_picked":["Dagger Spray","Outmaneuver+1"],"picked":"Dodge and Roll","floor":30},{"not_picked":["Accuracy","Poisoned Stab"],"picked":"Outmaneuver+1","floor":31},{"not_picked":["Die Die Die","Wraith Form v2"],"picked":"Burst","floor":33}],"player_experience":390878,"relics_obtained":[{"floor":8,"key":"Shovel"},{"floor":11,"key":"Pen Nib"},{"floor":13,"key":"Strawberry"},{"floor":23,"key":"Ice Cream"},{"floor":26,"key":"Bronze Scales"},{"floor":29,"key":"Peace Pipe"},{"floor":32,"key":"MawBank"}],"event_choices":[{"damage_healed":0,"gold_gain":0,"player_choice":"Ignored","damage_taken":0,"max_hp_gain":0,"max_hp_loss":0,"event_name":"Liars Game","floor":3,"gold_loss":0},{"damage_healed":0,"gold_gain":0,"player_choice":"Entered Light","damage_taken":14,"max_hp_gain":0,"max_hp_loss":0,"event_name":"Shining Light","floor":7,"gold_loss":0,"cards_upgraded":["Strike_G","Defend_G"]},{"damage_healed":0,"gold_gain":0,"player_choice":"Opened","damage_taken":0,"relics_obtained":["Du-Vu Doll"],"max_hp_gain":0,"max_hp_loss":0,"event_name":"The Mausoleum","floor":19,"gold_loss":0},{"damage_healed":0,"gold_gain":0,"player_choice":"Joined the Cult","damage_taken":6,"max_hp_gain":0,"max_hp_loss":0,"event_name":"Nest","floor":20,"gold_loss":0,"cards_obtained":["RitualDagger"]},{"damage_healed":0,"gold_gain":0,"player_choice":"Became a Ghost","damage_taken":0,"max_hp_gain":0,"max_hp_loss":39,"event_name":"Ghosts","floor":27,"gold_loss":0,"cards_obtained":["Ghostly","Ghostly","Ghostly","Ghostly","Ghostly"]}],"is_beta":false,"boss_relics":[{"not_picked":["Fusion Hammer","White Beast Statue"],"picked":"Cursed Key"},{"not_picked":["Astrolabe","Black Star"],"picked":"HoveringKite"}],"items_purged_floors":[12],"is_endless":false,"potions_floor_spawned":[8,10,11,18,29,33],"killed_by":"3 Darklings","ascension_level":3}