{"gold_per_floor":[119,130,130,143,68,68,79,79,161,336,336,365,365,383,383,486,486,505,505,505,505,515,515],"floor_reached":23,"playtime":2069,"items_purged":["Strike_G"],"score":189,"play_id":"8470112a-2aaf-4d8a-9e29-b68ae946012f","local_time":"20181209131529","is_ascension_mode":false,"campfire_choices":[{"data":"Infinite Blades","floor":6,"key":"SMITH"},{"data":"Footwork","floor":13,"key":"SMITH"},{"data":"Terror","floor":15,"key":"SMITH"}],"neow_cost":"NONE","seed_source_timestamp":409022373810694,"circlet_count":0,"master_deck":["Defend_G+1","Defend_G+1","Defend_G+1","Defend_G+1","Strike_G+1","Strike_G+1","Strike_G+1","Strike_G+1","Survivor","Neutralize","Deflect","Distraction","Infinite Blades+1","Doubt","Footwork+1","Terror+1","Envenom","Caltrops","Calculated Gamble"],"relics":["Ring of the Snake","Shuriken","Regal Pillow","Runic Pyramid","Oddly Smooth Stone","MutagenicStrength"],"potions_floor_usage":[12,16],"damage_taken":[{"damage":0,"enemies":"Small Slimes","floor":1,"turns":4},{"damage":11,"enemies":"Jaw Worm","floor":2,"turns":6},{"damage":0,"enemies":"Cultist","floor":4,"turns":3},{"damage":2,"enemies":"Looter","floor":7,"turns":4},{"damage":21,"enemies":"Lagavulin","floor":12,"turns":8},{"damage":0,"enemies":"2 Fungi Beasts","floor":14,"turns":4},{"damage":37,"enemies":"Slime Boss","floor":16,"turns":15},{"damage":6,"enemies":"Spheric Guardian","floor":18,"turns":7},{"damage":16,"enemies":"3 Byrds","floor":22,"turns":6},{"damage":64,"enemies":"Gremlin Leader","floor":23,"turns":4}],"seed_played":"-8819822844967055755","potions_obtained":[{"floor":4,"key":"SkillPotion"},{"floor":12,"key":"SpeedPotion"},{"floor":16,"key":"SteroidPotion"}],"is_trial":false,"path_per_floor":["M","M","?","M","$","R","M","?","T","?","?","E","R","M","R","B",null,"M","T","?","?","M","E"],"character_chosen":"THE_SILENT","items_purchased":[],"campfire_rested":0,"item_purchase_floors":[],"current_hp_per_floor":[77,66,66,66,66,66,64,49,49,49,77,56,56,56,56,19,77,71,71,71,71,55,0],"gold":515,"neow_bonus":"TEN_PERCENT_HP_BONUS","is_prod":false,"is_daily":false,"chose_seed":false,"campfire_upgraded":3,"win_rate":0.0,"timestamp":1544386529,"path_taken":["M","M","?","M","$","R","M","?","T","?","?","E","R","M","R","BOSS","M","?","?","?","?","E"],"build_version":"2018-12-06","purchased_purges":1,"victory":false,"max_hp_per_floor":[77,77,77,77,77,77,77,77,77,77,77,77,77,77,77,77,77,77,77,77,77,77,77],"card_choices":[{"not_picked":["Poisoned Stab","Reflex"],"picked":"Deflect","floor":1},{"not_picked":["Backflip","Bane"],"picked":"Distraction","floor":2},{"not_picked":["Slice","Deflect"],"picked":"Infinite Blades","floor":4},{"not_picked":["Sucker Punch","Masterful Stab","Deadly Poison"],"picked":"SKIP","floor":7},{"not_picked":["Adrenaline","Dagger Spray"],"picked":"Footwork","floor":12},{"not_picked":["Acrobatics","Dagger Spray"],"picked":"Terror","floor":14},{"not_picked":["Unload","After Image"],"picked":"Envenom","floor":16},{"not_picked":["Catalyst","All Out Attack"],"picked":"Caltrops","floor":18},{"not_picked":["Underhanded Strike","Poisoned Stab"],"picked":"Calculated Gamble","floor":22}],"player_experience":22652,"relics_obtained":[{"floor":9,"key":"Shuriken"},{"floor":12,"key":"Regal Pillow"},{"floor":19,"key":"Oddly Smooth Stone"}],"event_choices":[{"cards_removed":["Defend_G"],"damage_healed":0,"gold_gain":0,"player_choice":"Forget","damage_taken":0,"max_hp_gain":0,"max_hp_loss":0,"event_name":"Living Wall","floor":3,"gold_loss":0},{"damage_healed":0,"gold_gain":0,"player_choice":"Entered Light","damage_taken":15,"max_hp_gain":0,"max_hp_loss":0,"event_name":"Shining Light","floor":8,"gold_loss":0,"cards_upgraded":["Strike_G","Strike_G"]},{"damage_healed":0,"gold_gain":175,"player_choice":"AGREE","damage_taken":0,"max_hp_gain":0,"max_hp_loss":0,"event_name":"Liars Game","floor":10,"gold_loss":0,"cards_obtained":["Doubt"]},{"damage_healed":28,"gold_gain":0,"player_choice":"Full Heal","damage_taken":0,"max_hp_gain":0,"max_hp_loss":0,"event_name":"Wheel of Change","floor":11,"gold_loss":0},{"damage_healed":0,"gold_gain":0,"player_choice":"Simplicity","damage_taken":0,"max_hp_gain":0,"max_hp_loss":0,"event_name":"Back to Basics","floor":20,"gold_loss":0,"cards_upgraded":["Defend_G","Defend_G","Defend_G","Defend_G","Strike_G","Strike_G"]},{"damage_healed":0,"gold_gain":0,"player_choice":"Inject Mutagens","damage_taken":0,"relics_obtained":["MutagenicStrength"],"max_hp_gain":0,"max_hp_loss":0,"event_name":"Drug Dealer","floor":21,"gold_loss":0}],"is_beta":false,"boss_relics":[{"not_picked":["Tiny House","Snecko Eye"],"picked":"Runic Pyramid"}],"items_purged_floors":[5],"is_endless":false,"potions_floor_spawned":[4,12,16],"killed_by":"Gremlin Leader","ascension_level":0}