{"gold_per_floor":[110,35,210,35,50,50,84,84,138,151,26,26,26,55,55,151,151,170,72,72,72,171,199,199,199,199,199,232,214,227,227,227,227],"floor_reached":33,"playtime":2124,"items_purged":["Normality","Doubt","Strike_G"],"score":301,"play_id":"534e3135-0ce2-4956-94a9-36c76a95dc10","local_time":"20190810210246","is_ascension_mode":true,"campfire_choices":[{"data":"Neutralize","floor":6,"key":"SMITH"},{"data":"Choke","floor":8,"key":"SMITH"},{"data":"Survivor","floor":13,"key":"SMITH"},{"floor":15,"key":"REST"},{"floor":24,"key":"REST"},{"floor":32,"key":"REST"}],"neow_cost":"CURSE","seed_source_timestamp":73181075606084,"circlet_count":0,"master_deck":["Strike_G+1","Strike_G+1","Strike_G+1","Strike_G+1","Defend_G+1","Defend_G+1","Defend_G+1","Defend_G+1","Defend_G+1","Survivor+1","Neutralize+1","Bouncing Flask","Well Laid Plans","Choke+1","Infinite Blades","Flying Knee","PiercingWail","Glass Knife","Backflip","Caltrops","Acrobatics","Dodge and Roll","Sucker Punch","Dodge and Roll+1","Glass Knife"],"relics":["Ring of the Snake","Ice Cream","Juzu Bracelet","Tiny Chest","Pen Nib","Eternal Feather","Shovel","Toxic Egg 2","Sundial","Centennial Puzzle"],"potions_floor_usage":[14,16,18,30,33],"damage_taken":[{"damage":2,"enemies":"Jaw Worm","floor":1,"turns":6},{"damage":0,"enemies":"Small Slimes","floor":5,"turns":4},{"damage":3,"enemies":"Lagavulin","floor":7,"turns":7},{"damage":0,"enemies":"Cultist","floor":10,"turns":3},{"damage":20,"enemies":"Gremlin Nob","floor":14,"turns":5},{"damage":18,"enemies":"Hexaghost","floor":16,"turns":8},{"damage":2,"enemies":"Shell Parasite","floor":18,"turns":4},{"damage":28,"enemies":"Book of Stabbing","floor":23,"turns":9},{"damage":34,"enemies":"Gremlin Leader","floor":28,"turns":10},{"damage":3,"enemies":"2 Thieves","floor":29,"turns":4},{"damage":2,"enemies":"Snake Plant","floor":30,"turns":5},{"damage":63,"enemies":"Automaton","floor":33,"turns":16}],"seed_played":"4484158435986975554","potions_obtained":[{"floor":1,"key":"EssenceOfSteel"},{"floor":14,"key":"AttackPotion"},{"floor":16,"key":"SpeedPotion"},{"floor":29,"key":"SpeedPotion"},{"floor":30,"key":"GhostInAJar"}],"is_trial":false,"path_per_floor":["M","$","?","$","M","R","E","R","T","M","$","?","R","E","R","B",null,"M","$","$","?","?","E","R","T","T","?","E","M","M","?","R","B"],"character_chosen":"THE_SILENT","items_purchased":["Well Laid Plans","Caltrops","Acrobatics"],"campfire_rested":3,"item_purchase_floors":[4,19,19],"current_hp_per_floor":[68,68,68,68,68,68,65,65,65,65,65,65,65,45,66,48,70,68,68,68,68,68,40,70,70,70,63,29,26,24,24,60,0],"gold":227,"neow_bonus":"ONE_RARE_RELIC","is_prod":false,"is_daily":false,"chose_seed":false,"campfire_upgraded":3,"win_rate":0,"timestamp":1565485366,"path_taken":["M","$","?","$","M","R","E","R","T","M","$","?","R","E","R","BOSS","M","?","$","?","?","E","R","?","T","?","E","M","M","?","R","BOSS"],"build_version":"2019-07-17","purchased_purges":3,"victory":false,"max_hp_per_floor":[70,70,70,70,70,70,70,70,70,70,70,70,70,70,70,70,70,70,70,70,70,70,70,70,70,70,70,70,70,70,70,70,70],"card_choices":[{"not_picked":["Dagger Throw","Eviscerate"],"picked":"Bouncing Flask","floor":1},{"not_picked":["Dagger Throw","Tactician"],"picked":"Choke","floor":5},{"not_picked":["Deflect","Blade Dance"],"picked":"Infinite Blades","floor":7},{"not_picked":["Dagger Throw","Bane"],"picked":"Flying Knee","floor":10},{"not_picked":["Underhanded Strike","Doppelganger"],"picked":"PiercingWail","floor":14},{"not_picked":["Die Die Die","Doppelganger"],"picked":"Glass Knife","floor":16},{"not_picked":["Quick Slash","Tactician"],"picked":"Backflip","floor":18},{"not_picked":["Endless Agony+1","Flying Knee"],"picked":"Dodge and Roll","floor":23},{"not_picked":["Outmaneuver+1","Slice"],"picked":"Sucker Punch","floor":28},{"not_picked":["Riddle With Holes+1","Poisoned Stab"],"picked":"Dodge and Roll+1","floor":29},{"not_picked":["Slice","Flying Knee"],"picked":"Glass Knife","floor":30}],"player_experience":80513,"relics_obtained":[{"floor":7,"key":"Juzu Bracelet"},{"floor":9,"key":"Tiny Chest"},{"floor":14,"key":"Pen Nib"},{"floor":23,"key":"Shovel"},{"floor":25,"key":"Toxic Egg 2"},{"floor":26,"key":"Sundial"},{"floor":28,"key":"Centennial Puzzle"}],"event_choices":[{"damage_healed":0,"gold_gain":175,"player_choice":"AGREE","damage_taken":0,"max_hp_gain":0,"max_hp_loss":0,"event_name":"Liars Game","floor":3,"gold_loss":0,"cards_obtained":["Doubt"]},{"damage_healed":0,"gold_gain":0,"player_choice":"Ignored","damage_taken":0,"max_hp_gain":0,"max_hp_loss":0,"event_name":"Upgrade Shrine","floor":12,"gold_loss":0},{"damage_healed":0,"gold_gain":0,"player_choice":"Simplicity","damage_taken":0,"max_hp_gain":0,"max_hp_loss":0,"event_name":"Back to Basics","floor":21,"gold_loss":0,"cards_upgraded":["Strike_G","Strike_G","Strike_G","Strike_G","Defend_G","Defend_G","Defend_G","Defend_G","Defend_G"]},{"damage_healed":0,"gold_gain":99,"player_choice":"Stole From Cult","damage_taken":0,"max_hp_gain":0,"max_hp_loss":0,"event_name":"Nest","floor":22,"gold_loss":0},{"damage_healed":0,"gold_gain":0,"player_choice":"","damage_taken":7,"max_hp_gain":0,"max_hp_loss":0,"event_name":"Knowing Skull","floor":27,"potions_obtained":[],"gold_loss":0,"cards_obtained":[]},{"damage_healed":0,"gold_gain":0,"player_choice":"Ignored","damage_taken":0,"max_hp_gain":0,"max_hp_loss":0,"event_name":"Cursed Tome","floor":31,"gold_loss":0}],"is_beta":false,"boss_relics":[{"not_picked":["Fusion Hammer","Ring of the Serpent"],"picked":"Eternal Feather"}],"items_purged_floors":[2,4,11],"is_endless":false,"potions_floor_spawned":[1,14,16,29,30],"killed_by":"Automaton","ascension_level":1}