{"path_per_floor":["M","$","?","M","M","R","M","E","T","?","E","M","?","M","R","B",null,"M","$","?","M","M","R","?","R","T","T","M","R","?","M","R","B",null],"character_chosen":"DEFECT","items_purchased":["Reboot","Swift Strike"],"gold_per_floor":[119,44,44,64,84,84,102,130,155,155,180,191,266,276,276,381,381,399,53,53,65,78,78,1,1,1,1,12,12,162,173,173,270,270,270],"floor_reached":35,"campfire_rested":3,"playtime":1317,"item_purchase_floors":[],"current_hp_per_floor":[80,80,80,79,79,79,76,51,51,51,31,30,19,9,50,27,74,56,56,85,77,58,58,58,58,58,58,21,63,63,33,75,46,81,81],"items_purged":["Doubt","Strike_B"],"gold":270,"score":520,"play_id":"fde4ca67-49f5-46da-b368-51136a96267b","local_time":"20180608195753","is_prod":false,"is_daily":false,"chose_seed":false,"is_ascension_mode":true,"campfire_upgraded":3,"win_rate":0,"timestamp":1528480673,"campfire_choices":[{"data":"Zap","floor":6.0,"key":"SMITH"},{"floor":15.0,"key":"REST"},{"data":"Dualcast","floor":23.0,"key":"SMITH"},{"data":"Scrape","floor":25.0,"key":"SMITH"},{"floor":29.0,"key":"REST"},{"floor":32.0,"key":"REST"}],"path_taken":["M","$","?","M","M","R","?","E","T","?","E","M","?","M","R","BOSS","M","$","?","M","?","R","?","R","T","?","M","R","?","M","R","BOSS","M"],"build_version":"2018-06-07v2","seed_source_timestamp":0,"purchased_purges":2,"victory":false,"master_deck":["Strike_B","Defend_B","Defend_B","Defend_B","Defend_B","Zap+1","Dualcast+1","Scrape+1","FTL","Beam Cell","Beam Cell","Core Surge","Reboot","Swift Strike","Double Energy+1","J.A.X.","Seek"],"max_hp_per_floor":[89,89,89,89,89,89,89,89,89,89,89,89,89,89,89,89,89,89,89,89,89,89,89,89,89,89,89,91,91,91,93,93,93,93,93],"relics":["Cracked Core","Bag of Marbles","Regal Pillow","Bronze Scales","Lizard Tail","Singing Bowl","Turnip","Snecko Eye"],"card_choices":[{"not_picked":["Cold Snap","Redo"],"picked":"Scrape","floor":1.0},{"not_picked":["Double Energy","Lockon"],"picked":"FTL","floor":4.0},{"not_picked":["Darkness","Cold Snap","Auto Shields"],"picked":"SKIP","floor":5.0},{"not_picked":["Hello World","Redo","Self Repair"],"picked":"SKIP","floor":7.0},{"not_picked":["Hologram","Machine Learning","Ball Lightning"],"picked":"SKIP","floor":8.0},{"not_picked":["Aggregate","Steam"],"picked":"Beam Cell","floor":11.0},{"not_picked":["Cold Snap","Auto Shields"],"picked":"Beam Cell","floor":12.0},{"not_picked":["Rip and Tear","Rebound","Blizzard"],"picked":"SKIP","floor":14.0},{"not_picked":["Buffer","Hyperbeam"],"picked":"Core Surge","floor":16.0},{"not_picked":["Compile Driver","Undo+1","Sweeping Beam+1"],"picked":"SKIP","floor":18.0},{"not_picked":["Force Field","Steam Power"],"picked":"Double Energy+1","floor":21.0},{"not_picked":["Static Discharge","Darkness+1","Rebound"],"picked":"SKIP","floor":22.0},{"not_picked":["Ball Lightning","Force Field","Stack"],"picked":"Singing Bowl","floor":28.0},{"not_picked":["Sweeping Beam+1","Undo+1","Loop"],"picked":"Singing Bowl","floor":31.0},{"not_picked":["Hyperbeam","Core Surge"],"picked":"Seek","floor":33.0}],"player_experience":476392,"potions_floor_usage":[],"damage_taken":[{"damage":2.0,"enemies":"Jaw Worm","floor":1.0,"turns":3.0},{"damage":1.0,"enemies":"Cultist","floor":4.0,"turns":3.0},{"damage":0.0,"enemies":"2 Louse","floor":5.0,"turns":2.0},{"damage":3.0,"enemies":"Blue Slaver","floor":7.0,"turns":3.0},{"damage":25.0,"enemies":"3 Sentries","floor":8.0,"turns":6.0},{"damage":20.0,"enemies":"Lagavulin","floor":11.0,"turns":7.0},{"damage":1.0,"enemies":"Looter","floor":12.0,"turns":2.0},{"damage":10.0,"enemies":"Lots of Slimes","floor":14.0,"turns":3.0},{"damage":23.0,"enemies":"Slime Boss","floor":16.0,"turns":11.0},{"damage":18.0,"enemies":"Spheric Guardian","floor":18.0,"turns":4.0},{"damage":8.0,"enemies":"Chosen","floor":21.0,"turns":4.0},{"damage":19.0,"enemies":"Snake Plant","floor":22.0,"turns":3.0},{"damage":39.0,"enemies":"Snecko","floor":28.0,"turns":5.0},{"damage":32.0,"enemies":"Centurion and Healer","floor":31.0,"turns":3.0},{"damage":89.0,"enemies":"Collector","floor":33.0,"turns":9.0},{"damage":0,"enemies":"Flame Bruiser 1 Orb","floor":35,"turns":1}],"relics_obtained":[{"floor":8.0,"key":"Bag of Marbles"},{"floor":9.0,"key":"Regal Pillow"},{"floor":11.0,"key":"Bronze Scales"},{"floor":26.0,"key":"Singing Bowl"},{"floor":27.0,"key":"Turnip"}],"event_choices":[{"event_name":"Purifier","player_choice":"One Purge","floor":3.0,"damage_taken":0.0},{"event_name":"Living Wall","player_choice":"Forget","floor":10.0,"damage_taken":0.0},{"event_name":"World of Goop","player_choice":"Gather Gold","floor":13.0,"damage_taken":0.0},{"event_name":"The Library","player_choice":"Heal","floor":20.0,"damage_taken":0.0},{"event_name":"Drug Dealer","player_choice":"Got JAXXED","floor":24.0,"damage_taken":0.0},{"event_name":"Nest","player_choice":"Stole From Cult","floor":30.0,"damage_taken":0.0}],"boss_relics":[{"not_picked":["Nuclear Battery","Velvet Choker"],"picked":"Lizard Tail"},{"not_picked":["Inserter","Busted Crown"],"picked":"Snecko Eye"}],"items_purged_floors":[],"potions_floor_spawned":[4,7,11,14,16,21,22,31,33],"seed_played":"-3551468955468975505","killed_by":"Flame Bruiser 1 Orb","ascension_level":7,"potions_obtained":[{"floor":4.0,"key":"PowerPotion"},{"floor":7.0,"key":"LiquidBronze"},{"floor":11.0,"key":"SpeedPotion"},{"floor":16.0,"key":"Explosive Potion"},{"floor":21.0,"key":"FocusPotion"},{"floor":22.0,"key":"Explosive Potion"},{"floor":33.0,"key":"EntropicBrew"}],"is_trial":false}