{"gold_per_floor":[364,364,380,4,15,15,35,68,136,311,337,354,354,367,367,466,466,486,518,433,104,29,29,61,61,88,88,48,48,65,85,85,182,182,198,216,9,9,9,9,61,73,73,73,73,87,20,30,30,30],"floor_reached":51,"playtime":2957,"items_purged":["Strike_G","Strike_G","Doubt"],"score":773,"play_id":"395aba18-119e-49f4-9543-d3473fd183ed","local_time":"20181214002020","is_ascension_mode":false,"campfire_choices":[{"data":"Neutralize","floor":6,"key":"SMITH"},{"data":"Blade Dance","floor":13,"key":"SMITH"},{"data":"Deadly Poison","floor":15,"key":"SMITH"},{"floor":23,"key":"REST"},{"data":"Envenom","floor":25,"key":"SMITH"},{"data":"Catalyst","floor":27,"key":"SMITH"},{"data":"Blade Dance","floor":32,"key":"SMITH"},{"data":"Survivor","floor":40,"key":"SMITH"},{"data":"Doppelganger","floor":45,"key":"SMITH"},{"floor":49,"key":"REST"}],"neow_cost":"PERCENT_DAMAGE","seed_source_timestamp":159610999956094,"circlet_count":0,"master_deck":["Defend_G","Defend_G","Defend_G+1","Defend_G","Defend_G","Survivor+1","Neutralize+1","Corpse Explosion","Deadly Poison+1","Catalyst+1","Blade Dance+1","Bullet Time","Envenom+1","Dodge and Roll+1","Noxious Fumes+1","Cloak And Dagger+1","Noxious Fumes","Tools of the Trade+1","Backflip+1","Noxious Fumes+1","Bullet Time","Footwork+1","Doppelganger+1","Skewer","Heel Hook","Prepared"],"relics":["Ring of the Snake","StoneCalendar","FossilizedHelix","Shuriken","Whetstone","Philosopher\u0027s Stone","Red Mask","Blood Vial","Anchor","Smiling Mask","Juzu Bracelet","Empty Cage","Membership Card","Tingsha","Snake Skull"],"potions_floor_usage":[8,12,16,24,24,24,24,30,31,46,50,50],"damage_taken":[{"damage":1,"enemies":"2 Louse","floor":1,"turns":3},{"damage":2,"enemies":"Small Slimes","floor":3,"turns":4},{"damage":0,"enemies":"Jaw Worm","floor":5,"turns":5},{"damage":12,"enemies":"3 Louse","floor":7,"turns":2},{"damage":19,"enemies":"3 Sentries","floor":8,"turns":3},{"damage":13,"enemies":"Lagavulin","floor":11,"turns":5},{"damage":0,"enemies":"Blue Slaver","floor":12,"turns":4},{"damage":2,"enemies":"Gremlin Gang","floor":14,"turns":3},{"damage":0,"enemies":"Hexaghost","floor":16,"turns":7},{"damage":14,"enemies":"Shell Parasite","floor":18,"turns":6},{"damage":39,"enemies":"Masked Bandits","floor":19,"turns":4},{"damage":0,"enemies":"Slavers","floor":24,"turns":3},{"damage":0,"enemies":"3 Byrds","floor":30,"turns":2},{"damage":0,"enemies":"Snecko","floor":31,"turns":3},{"damage":14,"enemies":"Champ","floor":33,"turns":7},{"damage":9,"enemies":"3 Shapes","floor":35,"turns":6},{"damage":6,"enemies":"Orb Walker","floor":36,"turns":4},{"damage":22,"enemies":"2 Orb Walkers","floor":41,"turns":4},{"damage":0,"enemies":"Sphere and 2 Shapes","floor":42,"turns":5},{"damage":0,"enemies":"3 Darklings","floor":46,"turns":3},{"damage":17,"enemies":"Spire Growth","floor":48,"turns":5},{"damage":26,"enemies":"Donu and Deca","floor":50,"turns":5}],"seed_played":"-4875774829065237948","potions_obtained":[{"floor":1,"key":"SpeedPotion"},{"floor":7,"key":"Regen Potion"},{"floor":12,"key":"Block Potion"},{"floor":16,"key":"SteroidPotion"},{"floor":19,"key":"EntropicBrew"},{"floor":30,"key":"FearPotion"},{"floor":41,"key":"Energy Potion"},{"floor":42,"key":"SkillPotion"},{"floor":46,"key":"Weak Potion"},{"floor":48,"key":"GamblersBrew"}],"is_trial":false,"path_per_floor":["M","?","M","$","M","R","M","E","T","?","E","M","R","M","R","B",null,"M","?","?","$","?","R","E","R","T","R","?","?","M","M","R","B",null,"M","M","$","?","?","R","?","M","T","?","R","M","$","M","R","B",null],"character_chosen":"THE_SILENT","items_purchased":["StoneCalendar","Anchor","Noxious Fumes","Membership Card","Heel Hook"],"campfire_rested":2,"item_purchase_floors":[4,21,21,37,47],"current_hp_per_floor":[48,70,68,68,68,68,56,49,49,49,36,36,36,34,34,34,70,56,17,17,17,17,38,40,40,40,40,40,40,42,44,44,32,70,61,57,57,57,57,57,37,39,39,39,39,41,41,26,47,23],"gold":30,"neow_bonus":"TWO_FIFTY_GOLD","is_prod":false,"is_daily":false,"chose_seed":false,"campfire_upgraded":8,"win_rate":0.0,"timestamp":1544772020,"path_taken":["M","?","M","$","M","R","M","E","T","?","E","M","R","M","R","BOSS","M","?","?","$","?","R","E","R","T","R","?","?","M","M","R","BOSS","M","M","$","?","?","R","?","M","T","?","R","M","$","M","R","BOSS"],"build_version":"2018-12-13","purchased_purges":3,"victory":true,"max_hp_per_floor":[70,70,70,70,70,70,70,70,70,70,70,70,70,70,70,70,70,70,70,70,70,70,70,70,70,70,70,70,70,70,70,70,70,70,70,70,70,70,70,70,70,70,70,70,70,70,70,70,70,70],"card_choices":[{"not_picked":["Caltrops","Backflip","Dodge and Roll"],"picked":"SKIP","floor":1},{"not_picked":["Sucker Punch","Bane"],"picked":"Corpse Explosion","floor":3},{"not_picked":["Deflect","Caltrops","Finisher"],"picked":"SKIP","floor":5},{"not_picked":["Dagger Throw","Poisoned Stab"],"picked":"Deadly Poison","floor":7},{"not_picked":["Bane","Accuracy"],"picked":"Catalyst","floor":8},{"not_picked":["Deflect","Dodge and Roll","Flying Knee"],"picked":"SKIP","floor":11},{"not_picked":["Outmaneuver","Terror"],"picked":"Blade Dance","floor":12},{"not_picked":["PiercingWail","Escape Plan"],"picked":"Bullet Time","floor":14},{"not_picked":["Tools of the Trade","Corpse Explosion"],"picked":"Envenom","floor":16},{"not_picked":["Underhanded Strike","Outmaneuver","Deflect"],"picked":"SKIP","floor":18},{"not_picked":["Quick Slash","Flying Knee"],"picked":"Dodge and Roll+1","floor":19},{"not_picked":["Quick Slash","Underhanded Strike+1"],"picked":"Cloak And Dagger","floor":24},{"not_picked":["Flying Knee","Finisher"],"picked":"Noxious Fumes","floor":30},{"not_picked":["Terror","Acrobatics"],"picked":"Blade Dance","floor":31},{"not_picked":["Die Die Die","Storm of Steel"],"picked":"Tools of the Trade","floor":33},{"not_picked":["All Out Attack+1","Flechettes"],"picked":"Backflip+1","floor":35},{"not_picked":["Quick Slash","Riddle With Holes+1"],"picked":"Noxious Fumes+1","floor":36},{"not_picked":["Caltrops","Catalyst"],"picked":"Footwork+1","floor":41},{"not_picked":["Quick Slash+1","Flying Knee+1"],"picked":"Doppelganger","floor":42},{"not_picked":["Prepared","PiercingWail+1"],"picked":"Skewer","floor":46},{"not_picked":["Riddle With Holes+1","Dodge and Roll+1"],"picked":"Prepared","floor":48}],"player_experience":97380,"relics_obtained":[{"floor":8,"key":"FossilizedHelix"},{"floor":9,"key":"Shuriken"},{"floor":11,"key":"Whetstone"},{"floor":19,"key":"Red Mask"},{"floor":24,"key":"Smiling Mask"},{"floor":26,"key":"Juzu Bracelet"},{"floor":41,"key":"Tingsha"},{"floor":43,"key":"Snake Skull"}],"event_choices":[{"damage_healed":23,"gold_gain":0,"player_choice":"Banana","damage_taken":0,"max_hp_gain":0,"max_hp_loss":0,"event_name":"Big Fish","floor":2,"gold_loss":0},{"damage_healed":0,"gold_gain":175,"player_choice":"AGREE","damage_taken":0,"max_hp_gain":0,"max_hp_loss":0,"event_name":"Liars Game","floor":10,"gold_loss":0,"cards_obtained":["Doubt"]},{"damage_healed":0,"gold_gain":0,"player_choice":"Fought Bandits","damage_taken":0,"max_hp_gain":0,"max_hp_loss":0,"event_name":"Masked Bandits","floor":19,"gold_loss":0},{"damage_healed":0,"gold_gain":0,"player_choice":"Obtained Relic","damage_taken":0,"relics_obtained":["Blood Vial"],"max_hp_gain":0,"max_hp_loss":0,"event_name":"Addict","floor":20,"gold_loss":85},{"cards_removed":["Strike_G"],"damage_healed":0,"gold_gain":0,"player_choice":"Gave Gold","damage_taken":0,"max_hp_gain":0,"max_hp_loss":0,"event_name":"Beggar","floor":22,"gold_loss":75},{"damage_healed":0,"gold_gain":0,"player_choice":"Upgraded Two","damage_taken":0,"max_hp_gain":0,"max_hp_loss":0,"event_name":"Designer","floor":28,"gold_loss":40,"cards_upgraded":["Cloak And Dagger","Defend_G"]},{"damage_healed":0,"gold_gain":0,"player_choice":"Forge","damage_taken":0,"max_hp_gain":0,"max_hp_loss":0,"event_name":"Accursed Blacksmith","floor":29,"gold_loss":0,"cards_upgraded":["Noxious Fumes"]},{"damage_healed":0,"gold_gain":0,"player_choice":"Copied","damage_taken":0,"max_hp_gain":0,"max_hp_loss":0,"event_name":"Duplicator","floor":38,"gold_loss":0,"cards_obtained":["Bullet Time"]},{"damage_healed":0,"gold_gain":0,"player_choice":"Upgraded","damage_taken":0,"max_hp_gain":0,"max_hp_loss":0,"event_name":"Upgrade Shrine","floor":39,"gold_loss":0,"cards_upgraded":["Tools of the Trade"]},{"damage_healed":0,"gold_gain":0,"player_choice":"Fight","damage_taken":0,"max_hp_gain":0,"max_hp_loss":0,"event_name":"Mysterious Sphere","floor":41,"gold_loss":0},{"cards_removed":["Blade Dance"],"damage_healed":0,"gold_gain":0,"player_choice":"Removed Skill","damage_taken":0,"max_hp_gain":0,"max_hp_loss":0,"event_name":"Falling","floor":44,"gold_loss":0}],"is_beta":false,"boss_relics":[{"not_picked":["Calling Bell","Eternal Feather"],"picked":"Philosopher\u0027s Stone"},{"not_picked":["Fusion Hammer","Tiny House"],"picked":"Empty Cage"}],"items_purged_floors":[4,21,47],"is_endless":false,"potions_floor_spawned":[1,7,12,16,19,30,41,42,46,48],"ascension_level":0}