{"gold_per_floor":[110,130,143,159,159,188,188,363,389,194,226,236,236,236,236,236],"floor_reached":16,"playtime":863,"items_purged":["Strike_R"],"score":121,"play_id":"27cb009e-8962-4083-a0a6-73c96e608974","local_time":"20190707154926","is_ascension_mode":true,"campfire_choices":[{"floor":7,"key":"REST"},{"floor":15,"key":"REST"}],"neow_cost":"NONE","seed_source_timestamp":805461692522337,"circlet_count":0,"master_deck":["Strike_R","Strike_R","Strike_R+1","Strike_R","Defend_R","Defend_R","Defend_R","Defend_R","Bash+1","Anger+1","Flex","Cleave+1","Entrench","Doubt","Body Slam","Seeing Red","Dual Wield","Infernal Blade","Injury"],"relics":["Burning Blood","Centennial Puzzle","Whetstone","Oddly Smooth Stone","Blood Vial","Singing Bowl","Golden Idol"],"potions_floor_usage":[16,16],"damage_taken":[{"damage":6,"enemies":"Cultist","floor":1,"turns":4},{"damage":2,"enemies":"Jaw Worm","floor":2,"turns":3},{"damage":9,"enemies":"2 Louse","floor":3,"turns":2},{"damage":3,"enemies":"Exordium Wildlife","floor":4,"turns":4},{"damage":45,"enemies":"Lagavulin","floor":6,"turns":6},{"damage":30,"enemies":"3 Sentries","floor":11,"turns":6},{"damage":0,"enemies":"Lots of Slimes","floor":12,"turns":1},{"damage":71,"enemies":"Slime Boss","floor":16,"turns":9}],"seed_played":"4098120002541182663","potions_obtained":[{"floor":2,"key":"FearPotion"},{"floor":3,"key":"SkillPotion"},{"floor":6,"key":"Strength Potion"}],"is_trial":false,"path_per_floor":["M","M","M","M","?","E","R","?","T","$","E","M","T","?","R","B"],"character_chosen":"IRONCLAD","items_purchased":["Body Slam","Seeing Red"],"campfire_rested":2,"item_purchase_floors":[10,10],"current_hp_per_floor":[80,80,77,80,64,25,49,49,49,49,25,33,33,33,57,0],"gold":236,"neow_bonus":"RANDOM_COMMON_RELIC","is_prod":false,"is_daily":false,"chose_seed":false,"campfire_upgraded":0,"win_rate":0,"timestamp":1562510966,"path_taken":["M","M","?","M","?","E","R","?","T","?","E","?","?","?","R","BOSS"],"build_version":"2019-07-05","purchased_purges":1,"victory":false,"max_hp_per_floor":[80,80,80,80,80,80,80,80,80,80,80,80,80,80,80,80],"card_choices":[{"not_picked":["True Grit","Warcry"],"picked":"Anger","floor":1},{"not_picked":["Reckless Charge","True Grit"],"picked":"Flex","floor":2},{"not_picked":["Bludgeon","Pommel Strike"],"picked":"Cleave","floor":3},{"not_picked":["Armaments","Sentinel"],"picked":"Entrench","floor":4},{"not_picked":["Searing Blow","Havoc","Sword Boomerang"],"picked":"SKIP","floor":6},{"not_picked":["True Grit","Clash"],"picked":"Dual Wield","floor":11},{"not_picked":["Body Slam","Sword Boomerang"],"picked":"Infernal Blade","floor":12}],"player_experience":67442,"relics_obtained":[{"floor":6,"key":"Whetstone"},{"floor":9,"key":"Oddly Smooth Stone"},{"floor":11,"key":"Blood Vial"},{"floor":13,"key":"Singing Bowl"}],"event_choices":[{"damage_healed":0,"gold_gain":0,"player_choice":"Entered Light","damage_taken":16,"max_hp_gain":0,"max_hp_loss":0,"event_name":"Shining Light","floor":5,"gold_loss":0,"cards_upgraded":["Anger","Strike_R"]},{"damage_healed":0,"gold_gain":175,"player_choice":"AGREE","damage_taken":0,"max_hp_gain":0,"max_hp_loss":0,"event_name":"Liars Game","floor":8,"gold_loss":0,"cards_obtained":["Doubt"]},{"damage_healed":0,"gold_gain":0,"player_choice":"Take Wound","damage_taken":0,"relics_obtained":["Golden Idol"],"max_hp_gain":0,"max_hp_loss":0,"event_name":"Golden Idol","floor":14,"gold_loss":0,"cards_obtained":["Injury"]}],"is_beta":false,"boss_relics":[],"items_purged_floors":[10],"is_endless":false,"potions_floor_spawned":[2,3,6,12],"killed_by":"Slime Boss","ascension_level":2}