{"gold_per_floor":[116,128,147,159,259,259,294,150,150,177,177,193,193,93,93,195,195,210,228,242,253,128,155,174,206,206,206,220,220,70,83,83,182,182,201,0,20,20,20,68,80,149,161,208,220,57,122,160,160,160],"floor_reached":50,"playtime":6604,"items_purged":["Strike_G","Strike_G","Strike_G","Strike_G","Defend_G+1"],"score":795,"play_id":"ce509efc-baf1-46b1-8138-32638b58b8bf","local_time":"20181214211342","is_ascension_mode":true,"campfire_choices":[{"data":"Neutralize","floor":6,"key":"SMITH"},{"floor":11,"key":"REST"},{"data":"Footwork","floor":15,"key":"SMITH"},{"data":"Bullet Time","floor":32,"key":"SMITH"},{"data":"1","floor":49,"key":"LIFT"}],"neow_cost":"NONE","seed_source_timestamp":231182484058869,"circlet_count":0,"master_deck":["Defend_G+1","Defend_G+1","Defend_G+1","Defend_G+1","Survivor+1","Neutralize+1","Footwork+1","Flying Knee+1","Bullet Time+1","Heel Hook+1","Noxious Fumes+1","Escape Plan+1","A Thousand Cuts+1","Well Laid Plans+1","Backflip+1","Escape Plan+1","Acrobatics+1","Backflip+1","Deadly Poison+1","Acrobatics+1","Prepared+1","Doppelganger+1","Escape Plan+1","Madness+1","Flash of Steel+1","HandOfGreed+1","Hologram+1","Parasite"],"relics":["Ring of the Snake","Bag of Preparation","Meat on the Bone","Frozen Egg 2","Toxic Egg 2","Coffee Dripper","Bag of Marbles","Bronze Scales","Girya","Philosopher\u0027s Stone","PrismaticShard","MawBank","Mark of the Bloom","Snake Skull","Bottled Lightning","Potion Belt"],"potions_floor_usage":[10,20,23,25,33,37,42,50,50,50],"damage_taken":[{"damage":0,"enemies":"Small Slimes","floor":1,"turns":4},{"damage":1,"enemies":"Cultist","floor":2,"turns":4},{"damage":0,"enemies":"Jaw Worm","floor":3,"turns":6},{"damage":4,"enemies":"Gremlin Gang","floor":4,"turns":12},{"damage":36,"enemies":"Lagavulin","floor":7,"turns":10},{"damage":26,"enemies":"Gremlin Nob","floor":10,"turns":7},{"damage":0,"enemies":"Blue Slaver","floor":12,"turns":4},{"damage":9,"enemies":"The Guardian","floor":16,"turns":12},{"damage":0,"enemies":"Spheric Guardian","floor":18,"turns":6},{"damage":2,"enemies":"3 Byrds","floor":19,"turns":4},{"damage":0,"enemies":"Snecko","floor":20,"turns":5},{"damage":0,"enemies":"Shelled Parasite and Fungi","floor":21,"turns":5},{"damage":4,"enemies":"Slavers","floor":23,"turns":4},{"damage":0,"enemies":"Snake Plant","floor":24,"turns":3},{"damage":0,"enemies":"Book of Stabbing","floor":25,"turns":5},{"damage":0,"enemies":"Centurion and Healer","floor":28,"turns":4},{"damage":0,"enemies":"Shelled Parasite and Fungi","floor":31,"turns":4},{"damage":0,"enemies":"Collector","floor":33,"turns":5},{"damage":0,"enemies":"3 Darklings","floor":35,"turns":3},{"damage":0,"enemies":"Orb Walker","floor":37,"turns":3},{"damage":0,"enemies":"Nemesis","floor":40,"turns":7},{"damage":0,"enemies":"Reptomancer","floor":42,"turns":4},{"damage":0,"enemies":"Nemesis","floor":44,"turns":5},{"damage":0,"enemies":"4 Shapes","floor":47,"turns":3},{"damage":0,"enemies":"Writhing Mass","floor":48,"turns":3},{"damage":66,"enemies":"Time Eater","floor":50,"turns":10}],"seed_played":"838836679036331949","potions_obtained":[{"floor":3,"key":"Weak Potion"},{"floor":10,"key":"Block Potion"},{"floor":16,"key":"Energy Potion"},{"floor":20,"key":"Swift Potion"},{"floor":21,"key":"Regen Potion"},{"floor":23,"key":"Block Potion"},{"floor":28,"key":"Ancient Potion"},{"floor":37,"key":"Weak Potion"},{"floor":40,"key":"GamblersBrew"},{"floor":47,"key":"LiquidBronze"}],"is_trial":false,"path_per_floor":["M","M","M","M","?","R","E","$","T","E","R","M","?","$","R","B",null,"M","M","M","M","$","E","M","E","T","?","M","?","$","M","R","B",null,"M","$","M","$","?","E","?","E","T","E","?","$","M","M","R","B"],"character_chosen":"THE_SILENT","items_purchased":["Heel Hook","PrismaticShard"],"campfire_rested":1,"item_purchase_floors":[8,36],"current_hp_per_floor":[70,69,69,65,65,65,29,29,29,15,36,36,36,36,36,39,70,70,68,68,68,68,70,70,70,70,70,70,57,57,57,57,57,75,75,75,75,75,65,65,65,65,65,65,65,65,65,65,65,0],"gold":160,"neow_bonus":"RANDOM_COMMON_RELIC","is_prod":false,"is_daily":false,"chose_seed":false,"campfire_upgraded":3,"win_rate":0,"timestamp":1544847222,"path_taken":["M","M","M","M","?","R","E","$","T","E","R","?","?","$","R","BOSS","M","M","M","?","$","E","M","E","T","?","M","?","$","M","R","BOSS","M","$","M","$","?","E","?","E","T","E","?","$","?","M","R","BOSS"],"build_version":"2018-12-13","purchased_purges":5,"victory":false,"max_hp_per_floor":[70,70,70,70,70,70,70,70,70,70,70,70,70,70,70,70,70,70,70,70,70,70,70,70,70,70,70,70,75,75,75,75,75,75,75,75,75,75,75,75,75,75,75,75,75,75,75,75,75,75],"card_choices":[{"not_picked":["Sucker Punch","Underhanded Strike","Dagger Throw"],"picked":"SKIP","floor":1},{"not_picked":["Bouncing Flask","Dash"],"picked":"Footwork","floor":2},{"not_picked":["Bouncing Flask","Dodge and Roll","Expertise"],"picked":"SKIP","floor":3},{"not_picked":["Quick Slash","PiercingWail"],"picked":"Flying Knee","floor":4},{"not_picked":["Leg Sweep","Acrobatics"],"picked":"Bullet Time","floor":7},{"not_picked":["Reflex","Deadly Poison"],"picked":"Noxious Fumes+1","floor":10},{"not_picked":["Bane","Catalyst+1"],"picked":"Escape Plan+1","floor":12},{"not_picked":["Phantasmal Killer+1","Storm of Steel+1"],"picked":"A Thousand Cuts+1","floor":16},{"not_picked":["Slice","Eviscerate+1"],"picked":"Well Laid Plans+1","floor":18},{"not_picked":["Underhanded Strike","Bane+1"],"picked":"Backflip+1","floor":19},{"not_picked":["Prepared+1","Bane"],"picked":"Escape Plan+1","floor":20},{"not_picked":["Outmaneuver+1","Cloak And Dagger+1"],"picked":"Acrobatics+1","floor":21},{"not_picked":["Flying Knee+1","Dagger Throw","Wraith Form v2+1"],"picked":"SKIP","floor":23},{"not_picked":["Blade Dance+1","Quick Slash"],"picked":"Backflip+1","floor":24},{"not_picked":["After Image+1","Acrobatics+1"],"picked":"Deadly Poison+1","floor":25},{"not_picked":["Sucker Punch","Underhanded Strike"],"picked":"Prepared+1","floor":28},{"not_picked":["Backstab","Leg Sweep+1","Dagger Spray"],"picked":"SKIP","floor":31},{"not_picked":["After Image+1","Malaise+1"],"picked":"Doppelganger+1","floor":33},{"not_picked":["Flying Knee+1","Backflip+1"],"picked":"Escape Plan+1","floor":35},{"not_picked":["Shrug It Off+1","Backflip+1","Barrage+1"],"picked":"SKIP","floor":37},{"not_picked":["Panacea+1","Panache+1"],"picked":"Madness+1","floor":39},{"not_picked":["Metamorphosis+1","Blind+1"],"picked":"Flash of Steel","floor":39},{"not_picked":["The Bomb+1","Jack Of All Trades+1"],"picked":"HandOfGreed","floor":39},{"not_picked":["Undo+1","Dodge and Roll+1","Swift Strike+1"],"picked":"SKIP","floor":40},{"not_picked":["Redo+1","Spot Weakness+1","Dagger Throw+1"],"picked":"SKIP","floor":42},{"not_picked":["Cleave+1","Sucker Punch+1","Conserve Battery+1"],"picked":"SKIP","floor":44},{"not_picked":["Go for the Eyes","Sword Boomerang"],"picked":"Hologram+1","floor":47},{"not_picked":["All Out Attack+1","Dark Shackles+1","Go for the Eyes+1"],"picked":"SKIP","floor":48}],"player_experience":100337,"relics_obtained":[{"floor":7,"key":"Meat on the Bone"},{"floor":9,"key":"Frozen Egg 2"},{"floor":10,"key":"Toxic Egg 2"},{"floor":23,"key":"Bag of Marbles"},{"floor":25,"key":"Bronze Scales"},{"floor":26,"key":"Girya"},{"floor":40,"key":"MawBank"},{"floor":42,"key":"Snake Skull"},{"floor":43,"key":"Bottled Lightning"},{"floor":44,"key":"Potion Belt"}],"event_choices":[{"damage_healed":0,"gold_gain":100,"player_choice":"Pray","damage_taken":0,"max_hp_gain":0,"max_hp_loss":0,"event_name":"Golden Shrine","floor":5,"gold_loss":0},{"damage_healed":0,"gold_gain":0,"player_choice":"Bought 0 Potions","damage_taken":0,"max_hp_gain":0,"max_hp_loss":0,"event_name":"The Woman in Blue","floor":13,"gold_loss":0},{"damage_healed":0,"gold_gain":0,"player_choice":"Read","damage_taken":0,"max_hp_gain":0,"max_hp_loss":0,"event_name":"The Library","floor":27,"gold_loss":0,"cards_obtained":["Acrobatics"]},{"damage_healed":0,"gold_gain":0,"player_choice":"Shed Blood","damage_taken":18,"max_hp_gain":5,"max_hp_loss":0,"event_name":"Forgotten Altar","floor":29,"gold_loss":0},{"damage_healed":0,"gold_gain":0,"player_choice":"Memory 3","damage_taken":10,"max_hp_gain":0,"max_hp_loss":0,"event_name":"SensoryStone","floor":39,"gold_loss":0},{"damage_healed":0,"gold_gain":0,"player_choice":"Upgrade","damage_taken":0,"relics_obtained":["Mark of the Bloom"],"max_hp_gain":0,"max_hp_loss":0,"event_name":"MindBloom","floor":41,"gold_loss":0,"cards_upgraded":["Defend_G","Defend_G","Defend_G","Defend_G","Defend_G","Strike_G","Survivor","Flying Knee","Heel Hook","Flash of Steel","HandOfGreed"]},{"cards_removed":["Strike_G"],"damage_healed":0,"gold_gain":0,"player_choice":"Purged","damage_taken":0,"max_hp_gain":0,"max_hp_loss":0,"event_name":"Purifier","floor":45,"gold_loss":0}],"is_beta":false,"boss_relics":[{"not_picked":["Lizard Tail","Ring of the Serpent"],"picked":"Coffee Dripper"},{"not_picked":["Fusion Hammer","WristBlade"],"picked":"Philosopher\u0027s Stone"}],"items_purged_floors":[8,14,22,30,46],"is_endless":false,"potions_floor_spawned":[3,10,16,20,21,23,28,37,40,47],"killed_by":"Time Eater","ascension_level":1}