{"gold_per_floor":[109,109,127,141,160,190,265,295,320,320,320,338,13,13,13,112,112,99,111,122,122,0,0,275,309,309,19,39,39,57,71,71,166,166,182,83,83,95,0,27,27,27,27,60,80,91,91,104,104,104],"floor_reached":51,"playtime":3900,"items_purged":["Regret"],"score":1001,"play_id":"237c8ea2-7a07-4d6e-b440-49a17022d774","local_time":"20190718214655","is_ascension_mode":true,"campfire_choices":[{"floor":10,"key":"REST"},{"floor":15,"key":"REST"},{"floor":23,"key":"REST"},{"floor":29,"key":"REST"},{"data":"Feel No Pain","floor":32,"key":"SMITH"},{"floor":41,"key":"REST"},{"floor":49,"key":"REST"}],"neow_cost":"NONE","seed_source_timestamp":137849437761813,"circlet_count":0,"master_deck":["Strike_R+1","Strike_R+1","Strike_R+1","Strike_R+1","Strike_R+1","Defend_R+1","Defend_R+1","Defend_R+1","Defend_R+1","Bash+1","Twin Strike","True Grit","Seeing Red","Ghostly Armor","True Grit","Cleave","Inflame","Shockwave","Demon Form","Armaments+1","Sword Boomerang+1","Pommel Strike+1","Reaper+1","Iron Wave+1","Sword Boomerang+1","Disarm+1","Feel No Pain+1","Limit Break","Heavy Blade+1","Pommel Strike+1","Havoc+1","Pummel+1","Writhe","Feel No Pain+1","Parasite","Bludgeon+1"],"relics":["Burning Blood","Orichalcum","Happy Flower","Blood Vial","Strawberry","Molten Egg 2","Velvet Choker","Pen Nib","Dodecahedron","Paper Frog","Black Star","Red Mask","Ginger","Oddly Smooth Stone","Bottled Lightning","Ornamental Fan","Ancient Tea Set"],"potions_floor_usage":[6,8,16,20,33,40,40,44],"damage_taken":[{"damage":5,"enemies":"2 Louse","floor":1,"turns":3},{"damage":1,"enemies":"Cultist","floor":3,"turns":3},{"damage":7,"enemies":"Small Slimes","floor":4,"turns":4},{"damage":18,"enemies":"Exordium Wildlife","floor":5,"turns":5},{"damage":25,"enemies":"3 Sentries","floor":6,"turns":10},{"damage":32,"enemies":"Lagavulin","floor":8,"turns":6},{"damage":3,"enemies":"Blue Slaver","floor":12,"turns":3},{"damage":58,"enemies":"The Guardian","floor":16,"turns":10},{"damage":17,"enemies":"2 Thieves","floor":18,"turns":4},{"damage":27,"enemies":"Spheric Guardian","floor":19,"turns":5},{"damage":12,"enemies":"Snecko","floor":20,"turns":5},{"damage":41,"enemies":"Slavers","floor":25,"turns":5},{"damage":21,"enemies":"Shelled Parasite and Fungi","floor":28,"turns":5},{"damage":17,"enemies":"Centurion and Healer","floor":30,"turns":6},{"damage":6,"enemies":"Cultist and Chosen","floor":31,"turns":5},{"damage":61,"enemies":"Champ","floor":33,"turns":8},{"damage":13,"enemies":"Orb Walker","floor":35,"turns":4},{"damage":16,"enemies":"3 Shapes","floor":38,"turns":4},{"damage":61,"enemies":"Giant Head","floor":40,"turns":8},{"damage":40,"enemies":"Reptomancer","floor":44,"turns":6},{"damage":30,"enemies":"3 Darklings","floor":45,"turns":7},{"damage":57,"enemies":"4 Shapes","floor":46,"turns":4},{"damage":6,"enemies":"Writhing Mass","floor":48,"turns":7},{"damage":45,"enemies":"Time Eater","floor":50,"turns":9}],"seed_played":"-6080414971907388951","potions_obtained":[{"floor":4,"key":"Fire Potion"},{"floor":5,"key":"Fire Potion"},{"floor":8,"key":"BloodPotion"},{"floor":19,"key":"SteroidPotion"},{"floor":28,"key":"Dexterity Potion"},{"floor":31,"key":"AttackPotion"},{"floor":33,"key":"Weak Potion"},{"floor":35,"key":"Block Potion"},{"floor":40,"key":"BloodPotion"},{"floor":46,"key":"Energy Potion"}],"is_trial":false,"path_per_floor":["M","?","M","M","M","E","?","E","T","R","T","M","$","?","R","B",null,"M","M","M","?","?","R","?","E","T","$","M","R","M","M","R","B",null,"M","$","?","M","?","E","R","?","T","E","M","M","$","M","R","B",null],"character_chosen":"IRONCLAD","items_purchased":["Molten Egg 2","Shockwave","Paper Frog","Iron Wave+1","Pommel Strike+1"],"campfire_rested":6,"item_purchase_floors":[13,13,27,27,36],"current_hp_per_floor":[81,81,86,85,73,54,43,17,17,43,50,55,55,60,90,64,91,82,63,59,59,59,89,89,56,56,56,48,78,85,100,100,57,89,98,98,100,90,90,37,67,92,92,85,82,60,60,81,100,70],"gold":104,"neow_bonus":"TEN_PERCENT_HP_BONUS","is_prod":false,"is_daily":false,"chose_seed":false,"campfire_upgraded":1,"win_rate":0,"timestamp":1563482815,"path_taken":["M","?","M","M","?","E","?","E","T","R","?","M","?","?","R","BOSS","M","M","M","?","?","R","?","E","T","$","M","R","M","?","R","BOSS","M","?","?","?","?","E","R","?","T","E","M","M","$","M","R","BOSS"],"build_version":"2019-07-05","purchased_purges":1,"victory":true,"max_hp_per_floor":[88,88,88,88,88,88,88,88,88,88,95,95,95,100,100,100,100,100,100,100,100,100,100,100,100,100,100,100,100,100,100,100,100,100,100,100,100,100,100,100,100,100,100,100,100,100,100,100,100,100],"card_choices":[{"not_picked":["Clash","Warcry"],"picked":"Twin Strike","floor":1},{"not_picked":["Hemokinesis","Warcry"],"picked":"True Grit","floor":3},{"not_picked":["Body Slam","Clash"],"picked":"Seeing Red","floor":4},{"not_picked":["Body Slam","Havoc"],"picked":"Ghostly Armor","floor":5},{"not_picked":["Clash","Flame Barrier"],"picked":"True Grit","floor":6},{"not_picked":["Warcry","Entrench"],"picked":"Cleave","floor":8},{"not_picked":["Sever Soul","True Grit"],"picked":"Inflame","floor":12},{"not_picked":["Dark Embrace","Offering"],"picked":"Demon Form","floor":16},{"not_picked":["Headbutt+1","Cleave+1"],"picked":"Armaments+1","floor":18},{"not_picked":["Clash+1","Uppercut+1"],"picked":"Sword Boomerang+1","floor":19},{"not_picked":["Clash+1","Reckless Charge+1"],"picked":"Pommel Strike+1","floor":20},{"not_picked":["Clothesline+1","Burning Pact"],"picked":"Reaper+1","floor":25},{"not_picked":["Bloodletting+1","Armaments"],"picked":"Sword Boomerang+1","floor":28},{"not_picked":["Intimidate+1","Flex"],"picked":"Disarm+1","floor":30},{"not_picked":["Battle Trance","Intimidate+1"],"picked":"Feel No Pain","floor":31},{"not_picked":["Impervious","Berserk"],"picked":"Limit Break","floor":33},{"not_picked":["Dropkick+1","Armaments"],"picked":"Heavy Blade+1","floor":35},{"not_picked":["Sword Boomerang+1","Flex+1"],"picked":"Havoc+1","floor":38},{"not_picked":["Havoc+1","Disarm+1"],"picked":"Pummel+1","floor":40},{"not_picked":["Bloodletting","Armaments","Reckless Charge+1"],"picked":"SKIP","floor":44},{"not_picked":["Evolve+1","Anger+1","Searing Blow+1"],"picked":"SKIP","floor":45},{"not_picked":["Iron Wave+1","Searing Blow+1"],"picked":"Feel No Pain+1","floor":46},{"not_picked":["Bloodletting","Reckless Charge+1"],"picked":"Bludgeon+1","floor":48}],"player_experience":146688,"relics_obtained":[{"floor":6,"key":"Orichalcum"},{"floor":8,"key":"Happy Flower"},{"floor":9,"key":"Blood Vial"},{"floor":11,"key":"Strawberry"},{"floor":25,"key":"Pen Nib"},{"floor":26,"key":"Dodecahedron"},{"floor":40,"key":"Ginger"},{"floor":40,"key":"Oddly Smooth Stone"},{"floor":43,"key":"Bottled Lightning"},{"floor":44,"key":"Ornamental Fan"},{"floor":44,"key":"Ancient Tea Set"}],"event_choices":[{"damage_healed":0,"gold_gain":0,"player_choice":"Forge","damage_taken":0,"max_hp_gain":0,"max_hp_loss":0,"event_name":"Accursed Blacksmith","floor":2,"gold_loss":0,"cards_upgraded":["Bash"]},{"damage_healed":0,"gold_gain":75,"player_choice":"Gather Gold","damage_taken":11,"max_hp_gain":0,"max_hp_loss":0,"event_name":"World of Goop","floor":7,"gold_loss":0},{"damage_healed":0,"gold_gain":0,"player_choice":"Donut","damage_taken":0,"max_hp_gain":5,"max_hp_loss":0,"event_name":"Big Fish","floor":14,"gold_loss":0},{"damage_healed":0,"gold_gain":0,"player_choice":"Simplicity","damage_taken":0,"max_hp_gain":0,"max_hp_loss":0,"event_name":"Back to Basics","floor":21,"gold_loss":0,"cards_upgraded":["Strike_R","Strike_R","Strike_R","Strike_R","Strike_R","Defend_R","Defend_R","Defend_R","Defend_R"]},{"damage_healed":0,"gold_gain":0,"player_choice":"Paid Fearfully","damage_taken":0,"max_hp_gain":0,"max_hp_loss":0,"event_name":"Masked Bandits","floor":22,"gold_loss":122},{"damage_healed":0,"gold_gain":275,"player_choice":"Desecrate","damage_taken":0,"max_hp_gain":0,"max_hp_loss":0,"event_name":"Golden Shrine","floor":24,"gold_loss":0,"cards_obtained":["Regret"]},{"damage_healed":2,"gold_gain":0,"player_choice":"Full Heal","damage_taken":0,"max_hp_gain":0,"max_hp_loss":0,"event_name":"Wheel of Change","floor":37,"gold_loss":0},{"damage_healed":0,"gold_gain":0,"player_choice":"Paid","damage_taken":0,"relics_obtained":["Red Mask"],"max_hp_gain":0,"max_hp_loss":0,"event_name":"Tomb of Lord Red Mask","floor":39,"gold_loss":95},{"damage_healed":25,"gold_gain":0,"player_choice":"Writhe","damage_taken":0,"max_hp_gain":0,"max_hp_loss":0,"event_name":"Winding Halls","floor":42,"gold_loss":0,"cards_obtained":["Writhe"]}],"is_beta":false,"boss_relics":[{"not_picked":["Empty Cage","Tiny House"],"picked":"Velvet Choker"},{"not_picked":["Busted Crown","Runic Dome"],"picked":"Black Star"}],"items_purged_floors":[36],"is_endless":false,"potions_floor_spawned":[4,5,8,19,28,31,33,35,40,46],"ascension_level":6}