{"gold_per_floor":[19,19,38,56,131,131,152,193,216,216,240,240,264,277,277,277],"floor_reached":16,"playtime":879,"items_purged":[],"score":130,"play_id":"65ae4b98-81b1-4c49-b826-f34f7c525855","local_time":"20190714152641","is_ascension_mode":true,"campfire_choices":[{"data":"Bash","floor":6,"key":"SMITH"},{"floor":10,"key":"REST"},{"floor":15,"key":"REST"}],"neow_cost":"NO_GOLD","seed_source_timestamp":81021409896736,"circlet_count":0,"master_deck":["Strike_R","Strike_R","Strike_R","Strike_R","Strike_R","Defend_R","Defend_R","Defend_R","Defend_R","Bash+1","Shrug It Off","Injury","Heavy Blade","Sword Boomerang","Pommel Strike","Exhume","True Grit","Disarm","Armaments"],"relics":["Burning Blood","Charon\u0027s Ashes","Golden Idol","Orichalcum","Bronze Scales","Ancient Tea Set"],"potions_floor_usage":[7,14,16],"damage_taken":[{"damage":13,"enemies":"Jaw Worm","floor":1,"turns":4},{"damage":4,"enemies":"Small Slimes","floor":3,"turns":4},{"damage":0,"enemies":"Cultist","floor":4,"turns":3},{"damage":33,"enemies":"Exordium Thugs","floor":7,"turns":6},{"damage":32,"enemies":"Gremlin Nob","floor":8,"turns":4},{"damage":7,"enemies":"3 Louse","floor":11,"turns":2},{"damage":5,"enemies":"Looter","floor":13,"turns":3},{"damage":4,"enemies":"Lots of Slimes","floor":14,"turns":3},{"damage":66,"enemies":"Slime Boss","floor":16,"turns":11}],"seed_played":"8900598732960970811","potions_obtained":[{"floor":3,"key":"LiquidBronze"},{"floor":4,"key":"Swift Potion"},{"floor":11,"key":"Weak Potion"},{"floor":13,"key":"AttackPotion"}],"is_trial":false,"path_per_floor":["M","?","M","M","?","R","M","E","T","R","M","?","M","M","R","B"],"character_chosen":"IRONCLAD","items_purchased":[],"campfire_rested":2,"item_purchase_floors":[],"current_hp_per_floor":[73,73,75,80,69,69,42,16,16,40,39,32,33,35,59,0],"gold":277,"neow_bonus":"ONE_RARE_RELIC","is_prod":false,"is_daily":false,"chose_seed":false,"campfire_upgraded":1,"win_rate":0,"timestamp":1563114401,"path_taken":["M","?","M","M","?","R","M","E","T","R","M","?","M","?","R","BOSS"],"build_version":"2019-07-05","purchased_purges":0,"victory":false,"max_hp_per_floor":[80,80,80,80,80,80,80,80,80,80,80,80,80,80,80,80],"card_choices":[{"not_picked":["Thunderclap","Rampage"],"picked":"Shrug It Off","floor":1},{"not_picked":["Clothesline","Combust"],"picked":"Heavy Blade","floor":3},{"not_picked":["Clothesline","Fire Breathing"],"picked":"Sword Boomerang","floor":4},{"not_picked":["Hemokinesis","Perfected Strike"],"picked":"Pommel Strike","floor":7},{"not_picked":["Warcry","Dual Wield"],"picked":"Exhume","floor":8},{"not_picked":["Headbutt","Power Through"],"picked":"True Grit","floor":11},{"not_picked":["Clothesline","Second Wind"],"picked":"Disarm","floor":13},{"not_picked":["Havoc","Flex"],"picked":"Armaments","floor":14}],"player_experience":124255,"relics_obtained":[{"floor":8,"key":"Orichalcum"},{"floor":9,"key":"Bronze Scales"}],"event_choices":[{"damage_healed":0,"gold_gain":0,"player_choice":"Take Wound","damage_taken":0,"relics_obtained":["Golden Idol"],"max_hp_gain":0,"max_hp_loss":0,"event_name":"Golden Idol","floor":2,"gold_loss":0,"cards_obtained":["Injury"]},{"damage_healed":0,"gold_gain":75,"player_choice":"Gather Gold","damage_taken":11,"max_hp_gain":0,"max_hp_loss":0,"event_name":"World of Goop","floor":5,"gold_loss":0},{"damage_healed":0,"gold_gain":0,"player_choice":"Success","damage_taken":7,"relics_obtained":["Ancient Tea Set"],"max_hp_gain":0,"max_hp_loss":0,"event_name":"Scrap Ooze","floor":12,"gold_loss":0}],"is_beta":false,"boss_relics":[],"items_purged_floors":[],"is_endless":false,"potions_floor_spawned":[3,4,11,13],"killed_by":"Slime Boss","ascension_level":5}