{"gold_per_floor":[110,110,185,196,196,196,214,232,255,255,271,286,59,79,79,79],"floor_reached":16,"playtime":703,"items_purged":[],"score":94,"play_id":"8113314d-5fbf-4e5c-bae0-97f312ff3db3","local_time":"20190201210603","is_ascension_mode":false,"campfire_choices":[{"data":"Evolve","floor":6,"key":"SMITH"},{"floor":15,"key":"REST"}],"neow_cost":"CURSE","seed_source_timestamp":407683123816678,"circlet_count":0,"master_deck":["Strike_R","Strike_R","Strike_R","Strike_R","Strike_R+1","Defend_R","Defend_R","Defend_R","Defend_R","Bash","Barricade+1","Evolve+1","Body Slam","Metallicize","Rage","Rage"],"relics":["Burning Blood","Golden Idol","Lantern"],"potions_floor_usage":[8,11,14],"damage_taken":[{"damage":5,"enemies":"2 Louse","floor":1,"turns":3},{"damage":6,"enemies":"Jaw Worm","floor":4,"turns":3},{"damage":10,"enemies":"Small Slimes","floor":7,"turns":5},{"damage":6,"enemies":"2 Fungi Beasts","floor":8,"turns":6},{"damage":5,"enemies":"Red Slaver","floor":11,"turns":8},{"damage":35,"enemies":"Gremlin Gang","floor":12,"turns":10},{"damage":10,"enemies":"Looter","floor":14,"turns":4},{"damage":41,"enemies":"The Guardian","floor":16,"turns":13}],"seed_played":"1198480792364673300","potions_obtained":[{"floor":4,"key":"Fire Potion"},{"floor":7,"key":"EssenceOfSteel"},{"floor":12,"key":"Weak Potion"}],"is_trial":false,"path_per_floor":["M","?","?","M","?","R","M","M","T","?","M","M","$","M","R","B"],"character_chosen":"IRONCLAD","items_purchased":["Lantern","Rage"],"campfire_rested":1,"item_purchase_floors":[13,13],"current_hp_per_floor":[80,73,62,62,46,46,42,42,42,42,43,14,14,10,32,0],"gold":79,"neow_bonus":"THREE_RARE_CARDS","is_prod":false,"is_daily":false,"chose_seed":false,"campfire_upgraded":1,"win_rate":0,"timestamp":1549080363,"path_taken":["M","?","?","M","?","R","?","M","T","?","M","M","$","M","R","BOSS"],"build_version":"2019-01-23","purchased_purges":0,"victory":false,"max_hp_per_floor":[80,80,80,80,80,80,80,80,80,74,74,74,74,74,74,74],"card_choices":[{"not_picked":["Limit Break","Offering"],"picked":"Barricade","floor":0},{"not_picked":["Carnage","Thunderclap"],"picked":"Evolve","floor":1},{"not_picked":["Wild Strike","Havoc","Inflame"],"picked":"SKIP","floor":4},{"not_picked":["Inflame","Iron Wave"],"picked":"Body Slam","floor":7},{"not_picked":["Whirlwind","Rampage"],"picked":"Metallicize","floor":8},{"not_picked":["Fire Breathing","Perfected Strike","Sentinel"],"picked":"SKIP","floor":11},{"not_picked":["Dropkick","Blood for Blood"],"picked":"Rage","floor":12},{"not_picked":["Carnage","Clothesline","Twin Strike"],"picked":"SKIP","floor":14}],"player_experience":357563,"relics_obtained":[],"event_choices":[{"cards_removed":["Normality"],"damage_healed":0,"gold_gain":0,"player_choice":"Card Removal","damage_taken":7,"max_hp_gain":0,"max_hp_loss":0,"event_name":"Golden Wing","floor":2,"gold_loss":0},{"damage_healed":0,"gold_gain":75,"player_choice":"Gather Gold","damage_taken":11,"max_hp_gain":0,"max_hp_loss":0,"event_name":"World of Goop","floor":3,"gold_loss":0},{"damage_healed":0,"gold_gain":0,"player_choice":"Entered Light","damage_taken":16,"max_hp_gain":0,"max_hp_loss":0,"event_name":"Shining Light","floor":5,"gold_loss":0,"cards_upgraded":["Barricade","Strike_R"]},{"damage_healed":0,"gold_gain":0,"player_choice":"Lose Max HP","damage_taken":0,"relics_obtained":["Golden Idol"],"max_hp_gain":0,"max_hp_loss":6,"event_name":"Golden Idol","floor":10,"gold_loss":0}],"is_beta":false,"boss_relics":[],"items_purged_floors":[],"is_endless":false,"potions_floor_spawned":[4,7,12],"killed_by":"The Guardian","ascension_level":0}