{"gold_per_floor":[10,23,23,0,0,25,25,39,93,103,63,63,63,144,144,144],"floor_reached":16,"playtime":766,"items_purged":[],"score":147,"play_id":"b156839c-d6e4-4991-97fd-a0affe45a27a","local_time":"20190324225643","is_ascension_mode":true,"campfire_choices":[{"data":"Feed","floor":7,"key":"SMITH"},{"data":"Forethought","floor":12,"key":"SMITH"},{"floor":15,"key":"REST"}],"neow_cost":"NO_GOLD","seed_source_timestamp":91401335503158,"circlet_count":0,"master_deck":["AscendersBane","Strike_R","Strike_R","Strike_R","Strike_R","Strike_R","Defend_R","Defend_R","Defend_R","Defend_R","Bash","Feed+1","Carnage","Body Slam","Forethought+1","Headbutt","Burning Pact","Warcry","Hemokinesis","Evolve","Juggernaut"],"relics":["Burning Blood","PreservedInsect","Tiny Chest","Golden Idol","The Courier"],"potions_floor_usage":[10,14],"damage_taken":[{"damage":15,"enemies":"Jaw Worm","floor":1,"turns":6},{"damage":6,"enemies":"Cultist","floor":2,"turns":4},{"damage":50,"enemies":"Lagavulin","floor":6,"turns":6},{"damage":11,"enemies":"2 Louse","floor":8,"turns":4},{"damage":0,"enemies":"2 Fungi Beasts","floor":10,"turns":4},{"damage":28,"enemies":"3 Sentries","floor":14,"turns":6},{"damage":62,"enemies":"Hexaghost","floor":16,"turns":7}],"seed_played":"-651566251617330410","potions_obtained":[{"floor":6,"key":"SpeedPotion"},{"floor":8,"key":"BloodPotion"}],"is_trial":false,"path_per_floor":["M","M","?","$","?","E","R","M","T","M","$","R","?","?","R","B"],"character_chosen":"IRONCLAD","items_purchased":["Headbutt","Evolve"],"campfire_rested":1,"item_purchase_floors":[4,11],"current_hp_per_floor":[66,69,69,69,69,28,28,27,27,37,37,37,37,28,56,0],"gold":144,"neow_bonus":"THREE_RARE_CARDS","is_prod":false,"is_daily":false,"chose_seed":false,"campfire_upgraded":2,"win_rate":0,"timestamp":1553493403,"path_taken":["M","M","?","?","?","E","R","M","T","M","$","R","?","?","R","BOSS"],"build_version":"2019-01-23","purchased_purges":0,"victory":false,"max_hp_per_floor":[83,86,86,86,86,89,89,93,93,97,97,97,90,94,94,94],"card_choices":[{"not_picked":["Barricade","Bludgeon"],"picked":"Feed","floor":0},{"not_picked":["Perfected Strike","Blood for Blood"],"picked":"Carnage","floor":1},{"not_picked":["Flex","Clothesline"],"picked":"Body Slam","floor":2},{"not_picked":["Battle Trance","Sword Boomerang"],"picked":"Burning Pact","floor":6},{"not_picked":["Flex","Headbutt"],"picked":"Warcry","floor":8},{"not_picked":["Power Through","Thunderclap"],"picked":"Hemokinesis","floor":10},{"not_picked":["Combust","Sword Boomerang"],"picked":"Juggernaut","floor":14}],"player_experience":536709,"relics_obtained":[{"floor":6,"key":"PreservedInsect"},{"floor":9,"key":"Tiny Chest"},{"floor":14,"key":"The Courier"}],"event_choices":[{"damage_healed":0,"gold_gain":0,"player_choice":"1 cards matched","damage_taken":0,"max_hp_gain":0,"max_hp_loss":0,"event_name":"Match and Keep!","floor":3,"gold_loss":0,"cards_obtained":["Forethought"]},{"damage_healed":0,"gold_gain":0,"player_choice":"Leave","damage_taken":0,"max_hp_gain":0,"max_hp_loss":0,"event_name":"The Cleric","floor":5,"gold_loss":0},{"damage_healed":0,"gold_gain":0,"player_choice":"Lose Max HP","damage_taken":0,"relics_obtained":["Golden Idol"],"max_hp_gain":0,"max_hp_loss":7,"event_name":"Golden Idol","floor":13,"gold_loss":0},{"damage_healed":0,"gold_gain":0,"player_choice":"Searched \u00271\u0027 times","damage_taken":0,"max_hp_gain":0,"max_hp_loss":0,"event_name":"Dead Adventurer","floor":14,"gold_loss":0}],"is_beta":false,"boss_relics":[],"items_purged_floors":[],"is_endless":false,"potions_floor_spawned":[6,8],"killed_by":"Hexaghost","ascension_level":10}