{"gold_per_floor":[115,10,10,10,10,43,43,43,43,43,58,87,97,115,115,213,213,225,225,140,151,101,101,121,121,121,121],"floor_reached":27,"playtime":1538,"items_purged":[],"score":241,"play_id":"d6d1cb0f-34af-42f2-a2fe-98b2e9fa2c42","local_time":"20190709183646","is_ascension_mode":true,"campfire_choices":[{"floor":7,"key":"REST"},{"floor":10,"key":"REST"},{"floor":15,"key":"REST"},{"floor":23,"key":"REST"},{"floor":25,"key":"REST"}],"neow_cost":"CURSE","seed_source_timestamp":835181812540073,"circlet_count":0,"master_deck":["Strike_R","Strike_R","Strike_R","Strike_R","Strike_R","Defend_R","Defend_R","Defend_R","Defend_R","Bash","Regret","Headbutt","Inflame","Spot Weakness+1","Cleave","True Grit","Spot Weakness","Battle Trance","Heavy Blade","Impervious","Shockwave","Fiend Fire","Clothesline","Armaments","Power Through","Pummel","Disarm+1","Havoc"],"relics":["Burning Blood","Unceasing Top","Pear","Girya","Anchor","Singing Bowl","Orrery","Matryoshka","Bottled Flame","Shuriken"],"potions_floor_usage":[16],"damage_taken":[{"damage":13,"enemies":"2 Louse","floor":1,"turns":4},{"damage":46,"enemies":"Gremlin Nob","floor":6,"turns":5},{"damage":6,"enemies":"Cultist","floor":11,"turns":3},{"damage":48,"enemies":"Lagavulin","floor":12,"turns":8},{"damage":0,"enemies":"Small Slimes","floor":13,"turns":3},{"damage":4,"enemies":"Blue Slaver","floor":14,"turns":3},{"damage":26,"enemies":"Slime Boss","floor":16,"turns":10},{"damage":47,"enemies":"3 Byrds","floor":18,"turns":6},{"damage":55,"enemies":"Spheric Guardian","floor":21,"turns":6},{"damage":42,"enemies":"Centurion and Healer","floor":24,"turns":11},{"damage":49,"enemies":"Sentry and Sphere","floor":27,"turns":4}],"seed_played":"-3479108820864423603","potions_obtained":[{"floor":1,"key":"Ancient Potion"},{"floor":6,"key":"GamblersBrew"},{"floor":13,"key":"LiquidBronze"},{"floor":18,"key":"Dexterity Potion"}],"is_trial":false,"path_per_floor":["M","$","?","?","$","E","R","$","T","R","M","E","M","M","R","B",null,"M","?","?","M","?","R","M","R","T","M"],"character_chosen":"IRONCLAD","items_purchased":["Inflame","Spot Weakness"],"campfire_rested":5,"item_purchase_floors":[2,2],"current_hp_per_floor":[73,73,80,80,80,40,67,67,67,90,90,48,54,56,83,63,90,49,79,79,30,30,57,21,48,48,0],"gold":121,"neow_bonus":"ONE_RARE_RELIC","is_prod":false,"is_daily":false,"chose_seed":false,"campfire_upgraded":0,"win_rate":0,"timestamp":1562693806,"path_taken":["M","$","?","?","$","E","R","$","T","R","M","E","?","M","R","BOSS","M","?","?","M","?","R","M","R","T","M"],"build_version":"2019-07-05","purchased_purges":0,"victory":false,"max_hp_per_floor":[80,80,90,90,90,90,90,90,90,90,90,90,90,90,90,90,90,90,90,90,90,90,90,90,90,90,90],"card_choices":[{"not_picked":["True Grit","Body Slam"],"picked":"Headbutt","floor":1},{"not_picked":["Wild Strike","Dark Embrace"],"picked":"Cleave","floor":6},{"not_picked":["Second Wind","Anger"],"picked":"True Grit","floor":11},{"not_picked":["Body Slam","Blood for Blood"],"picked":"Spot Weakness","floor":12},{"not_picked":["Feel No Pain","Carnage"],"picked":"Battle Trance","floor":13},{"not_picked":["Body Slam","True Grit"],"picked":"Heavy Blade","floor":14},{"not_picked":["Immolate","Offering"],"picked":"Impervious","floor":16},{"not_picked":["Perfected Strike","True Grit"],"picked":"Shockwave","floor":17},{"not_picked":["Sever Soul","Power Through"],"picked":"Fiend Fire","floor":17},{"not_picked":["Battle Trance","Perfected Strike"],"picked":"Clothesline","floor":17},{"not_picked":["Cleave","Body Slam"],"picked":"Armaments","floor":17},{"not_picked":["Anger","Sword Boomerang"],"picked":"Power Through","floor":17},{"not_picked":["Armaments+1","Twin Strike+1"],"picked":"Pummel","floor":18},{"not_picked":["Whirlwind+1","Seeing Red"],"picked":"Disarm+1","floor":21},{"not_picked":["Wild Strike","Body Slam"],"picked":"Havoc","floor":24}],"player_experience":77451,"relics_obtained":[{"floor":6,"key":"Girya"},{"floor":9,"key":"Anchor"},{"floor":12,"key":"Singing Bowl"},{"floor":26,"key":"Bottled Flame"},{"floor":26,"key":"Shuriken"}],"event_choices":[{"damage_healed":0,"gold_gain":0,"player_choice":"Success","damage_taken":3,"relics_obtained":["Pear"],"max_hp_gain":0,"max_hp_loss":0,"event_name":"Scrap Ooze","floor":3,"gold_loss":0},{"damage_healed":0,"gold_gain":0,"player_choice":"Forge","damage_taken":0,"max_hp_gain":0,"max_hp_loss":0,"event_name":"Accursed Blacksmith","floor":4,"gold_loss":0,"cards_upgraded":["Spot Weakness"]},{"damage_healed":30,"gold_gain":0,"player_choice":"Heal","damage_taken":0,"max_hp_gain":0,"max_hp_loss":0,"event_name":"The Library","floor":19,"gold_loss":0},{"damage_healed":0,"gold_gain":0,"player_choice":"Obtained Relic","damage_taken":0,"relics_obtained":["Matryoshka"],"max_hp_gain":0,"max_hp_loss":0,"event_name":"Addict","floor":20,"gold_loss":85},{"damage_healed":0,"gold_gain":0,"player_choice":"Bet on Owner","damage_taken":0,"max_hp_gain":0,"max_hp_loss":0,"event_name":"The Joust","floor":22,"gold_loss":50}],"is_beta":false,"boss_relics":[{"not_picked":["Sozu","Philosopher\u0027s Stone"],"picked":"Orrery"}],"items_purged_floors":[],"is_endless":false,"potions_floor_spawned":[1,6,13,18],"killed_by":"Sentry and Sphere","ascension_level":2}