{"gold_per_floor":[118,118,129,140,65,99,99,134,134,134,146,166,166,195,195,291,291,308,308,326,342,362,362,362,362],"floor_reached":25,"playtime":1521,"items_purged":["Strike_B"],"score":245,"play_id":"2b664ac0-09af-4b8c-8bc9-3e1d7c6a3de9","local_time":"20181225204754","is_ascension_mode":true,"campfire_choices":[{"data":"Blizzard","floor":7,"key":"SMITH"},{"data":"Glacier","floor":10,"key":"SMITH"},{"data":"Machine Learning","floor":13,"key":"SMITH"},{"data":"Recycle","floor":15,"key":"SMITH"},{"data":"Machine Learning","floor":23,"key":"SMITH"}],"neow_cost":"NONE","seed_source_timestamp":107867961973297,"circlet_count":0,"master_deck":["Strike_B","Strike_B","Strike_B","Defend_B","Defend_B","Defend_B","Defend_B","Dualcast","Gash","Gash","Glacier+1","Blizzard+1","Gash","Machine Learning+1","Recycle+1","Machine Learning+1","Blizzard+1","Coolheaded","Writhe"],"relics":["Cracked Core","The Courier","Bottled Lightning","Gremlin Horn","Darkstone Periapt","Sozu","Sundial"],"potions_floor_usage":[6,16,22,22,25],"damage_taken":[{"damage":0,"enemies":"2 Louse","floor":1,"turns":1},{"damage":1,"enemies":"Cultist","floor":3,"turns":4},{"damage":0,"enemies":"Small Slimes","floor":4,"turns":2},{"damage":16,"enemies":"Gremlin Nob","floor":6,"turns":6},{"damage":12,"enemies":"3 Sentries","floor":8,"turns":9},{"damage":0,"enemies":"2 Fungi Beasts","floor":11,"turns":3},{"damage":0,"enemies":"Blue Slaver","floor":12,"turns":4},{"damage":10,"enemies":"Gremlin Nob","floor":14,"turns":5},{"damage":18,"enemies":"Slime Boss","floor":16,"turns":12},{"damage":20,"enemies":"Shell Parasite","floor":18,"turns":6},{"damage":11,"enemies":"2 Thieves","floor":20,"turns":5},{"damage":3,"enemies":"Cultist and Chosen","floor":21,"turns":5},{"damage":20,"enemies":"Snecko","floor":22,"turns":6},{"damage":35,"enemies":"Slavers","floor":25,"turns":3}],"seed_played":"631801221827074140","potions_obtained":[{"floor":2,"key":"SneckoOil"},{"floor":2,"key":"Ancient Potion"},{"floor":2,"key":"SpeedPotion"},{"floor":8,"key":"Energy Potion"},{"floor":12,"key":"SkillPotion"},{"floor":16,"key":"Poison Potion"}],"is_trial":false,"path_per_floor":["M","?","M","M","$","E","R","E","T","R","M","M","R","E","R","B",null,"M","?","M","M","M","R","?","E"],"character_chosen":"DEFECT","items_purchased":[],"campfire_rested":0,"item_purchase_floors":[],"current_hp_per_floor":[82,82,81,81,81,65,65,53,53,53,53,53,53,43,43,25,82,62,62,51,48,28,28,34,0],"gold":362,"neow_bonus":"TEN_PERCENT_HP_BONUS","is_prod":false,"is_daily":false,"chose_seed":false,"campfire_upgraded":5,"win_rate":0,"timestamp":1545796074,"path_taken":["M","?","?","M","$","E","R","E","T","R","M","?","R","E","R","BOSS","M","?","?","M","M","R","?","E"],"build_version":"2018-12-20","purchased_purges":1,"victory":false,"max_hp_per_floor":[82,82,82,82,82,82,82,82,82,82,82,82,82,82,82,82,82,82,82,82,82,82,82,88,88],"card_choices":[{"not_picked":["Sweeping Beam","Force Field"],"picked":"Gash","floor":1},{"not_picked":["Conserve Battery","Force Field"],"picked":"Gash","floor":3},{"not_picked":["Stack","Redo"],"picked":"Glacier","floor":4},{"not_picked":["Hologram","Reboot"],"picked":"Blizzard","floor":6},{"not_picked":["Streamline","Compile Driver"],"picked":"Gash","floor":8},{"not_picked":["Barrage","Compile Driver","Leap"],"picked":"SKIP","floor":11},{"not_picked":["Sweeping Beam","Stack"],"picked":"Machine Learning","floor":12},{"not_picked":["Steam","Beam Cell"],"picked":"Recycle","floor":14},{"not_picked":["All For One","Biased Cognition"],"picked":"Machine Learning","floor":16},{"not_picked":["Chaos","Streamline","Steam"],"picked":"SKIP","floor":18},{"not_picked":["Melter","Sweeping Beam"],"picked":"Blizzard+1","floor":20},{"not_picked":["Rebound","Gash"],"picked":"Coolheaded","floor":21},{"not_picked":["Scrape","Loop","Steam Power"],"picked":"SKIP","floor":22}],"player_experience":196699,"relics_obtained":[{"floor":6,"key":"The Courier"},{"floor":8,"key":"Bottled Lightning"},{"floor":9,"key":"Gremlin Horn"},{"floor":14,"key":"Darkstone Periapt"}],"event_choices":[{"damage_healed":0,"gold_gain":0,"player_choice":"Got Potions","damage_taken":0,"max_hp_gain":0,"max_hp_loss":0,"event_name":"Lab","floor":2,"gold_loss":0},{"cards_removed":["Zap"],"damage_healed":0,"gold_gain":0,"player_choice":"Purged","damage_taken":0,"max_hp_gain":0,"max_hp_loss":0,"event_name":"Purifier","floor":19,"gold_loss":0},{"damage_healed":0,"gold_gain":0,"player_choice":"Opened","damage_taken":0,"relics_obtained":["Sundial"],"max_hp_gain":0,"max_hp_loss":0,"event_name":"The Mausoleum","floor":24,"gold_loss":0,"cards_obtained":["Writhe"]}],"is_beta":false,"boss_relics":[{"not_picked":["Astrolabe","Empty Cage"],"picked":"Sozu"}],"items_purged_floors":[5],"is_endless":false,"potions_floor_spawned":[8,12,16,22],"killed_by":"Slavers","ascension_level":2}