{"gold_per_floor":[113,113,113,130,148,173,183,183,183,39,70,70,82,112,112,215,215,215,215,16,16,16,16,16,16,16,16,16,16,16,16,16,16,16,16,16,0,0,0,0,0,0,0,0,0,0,0,0,0,0],"floor_reached":50,"playtime":3148,"items_purged":[],"score":719,"play_id":"65d0f797-ef68-4761-9270-a471370be1e9","local_time":"20190716185658","is_ascension_mode":true,"campfire_choices":[{"floor":8,"key":"REST"},{"floor":12,"key":"REST"},{"data":"Seeing Red","floor":15,"key":"SMITH"},{"floor":25,"key":"REST"},{"data":"Spot Weakness","floor":27,"key":"SMITH"},{"floor":32,"key":"REST"},{"floor":40,"key":"REST"},{"data":"Iron Wave","floor":42,"key":"SMITH"},{"floor":49,"key":"REST"}],"neow_cost":"NONE","seed_source_timestamp":108322417621668,"circlet_count":0,"master_deck":["Strike_R","Strike_R","Strike_R","Strike_R","Strike_R","Defend_R","Defend_R","Defend_R","Bash+1","Demon Form+1","True Grit+1","Spot Weakness+1","Iron Wave+1","Ghostly Armor","Clothesline","Pummel","Seeing Red+1","Iron Wave+1","Exhume","Sword Boomerang+1","Heavy Blade+1","Armaments+1","Fiend Fire+1","Dual Wield+1","Twin Strike+1","Shockwave","Anger+1","Limit Break","Bloodletting","Spot Weakness+1","Sword Boomerang+1","Impatience","Headbutt+1","Flame Barrier+1","True Grit+1","Iron Wave+1"],"relics":["Burning Blood","Charon\u0027s Ashes","Kunai","Regal Pillow","Dodecahedron","Molten Egg 2","Ectoplasm","Sling","Happy Flower","Meat on the Bone","Bottled Tornado","Mark of Pain","Red Mask","CultistMask","Toxic Egg 2","Old Coin"],"potions_floor_usage":[13,14,16,21,22,29,33,33,36,46,48],"damage_taken":[{"damage":5,"enemies":"Small Slimes","floor":1,"turns":3},{"damage":0,"enemies":"2 Louse","floor":4,"turns":3},{"damage":6,"enemies":"Cultist","floor":5,"turns":4},{"damage":32,"enemies":"Gremlin Nob","floor":6,"turns":5},{"damage":22,"enemies":"Exordium Wildlife","floor":7,"turns":7},{"damage":20,"enemies":"Lagavulin","floor":11,"turns":6},{"damage":8,"enemies":"Lots of Slimes","floor":13,"turns":3},{"damage":20,"enemies":"Gremlin Nob","floor":14,"turns":4},{"damage":32,"enemies":"The Guardian","floor":16,"turns":8},{"damage":10,"enemies":"Shell Parasite","floor":18,"turns":4},{"damage":7,"enemies":"3 Byrds","floor":21,"turns":4},{"damage":19,"enemies":"Snecko","floor":22,"turns":5},{"damage":28,"enemies":"Gremlin Leader","floor":23,"turns":5},{"damage":25,"enemies":"3 Cultists","floor":24,"turns":5},{"damage":0,"enemies":"Centurion and Healer","floor":28,"turns":4},{"damage":32,"enemies":"Shelled Parasite and Fungi","floor":29,"turns":3},{"damage":36,"enemies":"Book of Stabbing","floor":30,"turns":4},{"damage":14,"enemies":"Automaton","floor":33,"turns":6},{"damage":16,"enemies":"3 Darklings","floor":35,"turns":4},{"damage":12,"enemies":"Orb Walker","floor":36,"turns":4},{"damage":17,"enemies":"Spire Growth","floor":38,"turns":3},{"damage":49,"enemies":"Giant Head","floor":44,"turns":7},{"damage":12,"enemies":"Transient","floor":46,"turns":5},{"damage":19,"enemies":"4 Shapes","floor":47,"turns":4},{"damage":5,"enemies":"Jaw Worm Horde","floor":48,"turns":2},{"damage":82,"enemies":"Awakened One","floor":50,"turns":3}],"seed_played":"-4025539961194736336","potions_obtained":[{"floor":1,"key":"GamblersBrew"},{"floor":7,"key":"GamblersBrew"},{"floor":11,"key":"Fire Potion"},{"floor":13,"key":"Weak Potion"},{"floor":18,"key":"BloodPotion"},{"floor":24,"key":"GamblersBrew"},{"floor":28,"key":"Fire Potion"},{"floor":30,"key":"Block Potion"},{"floor":35,"key":"EssenceOfSteel"},{"floor":44,"key":"Fire Potion"},{"floor":47,"key":"SkillPotion"}],"is_trial":false,"path_per_floor":["M","?","?","M","M","E","M","R","T","$","E","R","M","E","R","B",null,"M","?","$","M","M","E","M","R","T","R","M","M","E","?","R","B",null,"M","M","?","M","?","R","?","R","T","E","$","M","M","M","R","B"],"character_chosen":"IRONCLAD","items_purchased":["Regal Pillow","Sling"],"campfire_rested":6,"item_purchase_floors":[10,20],"current_hp_per_floor":[73,73,73,79,79,53,37,61,61,61,47,80,78,64,64,38,70,66,66,66,65,72,50,31,70,70,70,76,50,32,32,71,63,76,66,60,60,49,49,80,80,80,80,49,49,55,54,55,80,0],"gold":0,"neow_bonus":"ONE_RANDOM_RARE_CARD","is_prod":false,"is_daily":false,"chose_seed":false,"campfire_upgraded":3,"win_rate":0,"timestamp":1563299818,"path_taken":["M","?","?","M","M","E","?","R","T","$","E","R","M","E","R","BOSS","M","?","$","M","M","E","M","R","T","R","?","M","E","?","R","BOSS","M","M","?","M","?","R","?","R","T","E","$","M","M","M","R","BOSS"],"build_version":"2019-07-05","purchased_purges":0,"victory":false,"max_hp_per_floor":[80,80,80,80,80,80,80,80,80,80,80,80,80,80,80,80,80,80,80,80,80,80,80,80,80,80,80,80,80,80,80,80,80,80,80,80,80,80,80,80,80,80,80,80,80,80,80,80,80,80],"card_choices":[{"not_picked":["Blood for Blood","Wild Strike"],"picked":"True Grit","floor":1},{"not_picked":["Iron Wave","Ghostly Armor"],"picked":"Spot Weakness","floor":4},{"not_picked":["Sword Boomerang","Anger"],"picked":"Iron Wave","floor":5},{"not_picked":["Rupture","Inflame"],"picked":"Ghostly Armor","floor":6},{"not_picked":["Hemokinesis","Armaments"],"picked":"Clothesline","floor":7},{"not_picked":["Clash","Rupture"],"picked":"Pummel","floor":11},{"not_picked":["Pommel Strike","Infernal Blade"],"picked":"Seeing Red","floor":13},{"not_picked":["Havoc","Wild Strike"],"picked":"Iron Wave","floor":14},{"not_picked":["Berserk","Feed+1"],"picked":"Exhume","floor":16},{"not_picked":["Carnage+1","Thunderclap+1"],"picked":"Sword Boomerang+1","floor":18},{"not_picked":["True Grit","Offering"],"picked":"Heavy Blade+1","floor":21},{"not_picked":["Carnage+1","Iron Wave+1"],"picked":"Armaments+1","floor":22},{"not_picked":["Searing Blow+1","Perfected Strike+1"],"picked":"Fiend Fire+1","floor":23},{"not_picked":["Cleave+1","Corruption"],"picked":"Dual Wield+1","floor":24},{"not_picked":["Havoc","Sentinel"],"picked":"Twin Strike+1","floor":28},{"not_picked":["Heavy Blade+1","Clash+1"],"picked":"Shockwave","floor":29},{"not_picked":["Sever Soul+1","Rupture"],"picked":"Anger+1","floor":30},{"not_picked":["Offering","Bludgeon+1"],"picked":"Limit Break","floor":33},{"not_picked":["Flex","Clash+1"],"picked":"Bloodletting","floor":35},{"not_picked":["Perfected Strike+1","Iron Wave+1"],"picked":"Spot Weakness+1","floor":36},{"not_picked":["Fire Breathing","Clash+1"],"picked":"Sword Boomerang+1","floor":38},{"not_picked":["Bandage Up","Enlightenment"],"picked":"Impatience","floor":39},{"not_picked":["Brutality","Infernal Blade+1"],"picked":"Headbutt+1","floor":44},{"not_picked":["Anger+1","Iron Wave+1"],"picked":"Flame Barrier+1","floor":46},{"not_picked":["Burning Pact+1","Ghostly Armor+1"],"picked":"True Grit+1","floor":47},{"not_picked":["Armaments+1","Clothesline+1"],"picked":"Iron Wave+1","floor":48}],"player_experience":134566,"relics_obtained":[{"floor":6,"key":"Charon\u0027s Ashes"},{"floor":9,"key":"Kunai"},{"floor":11,"key":"Dodecahedron"},{"floor":14,"key":"Molten Egg 2"},{"floor":23,"key":"Happy Flower"},{"floor":26,"key":"Meat on the Bone"},{"floor":30,"key":"Bottled Tornado"},{"floor":43,"key":"Toxic Egg 2"},{"floor":44,"key":"Old Coin"}],"event_choices":[{"damage_healed":0,"gold_gain":0,"player_choice":"Grow","damage_taken":0,"max_hp_gain":0,"max_hp_loss":0,"event_name":"Living Wall","floor":2,"gold_loss":0,"cards_upgraded":["Bash"]},{"damage_healed":0,"gold_gain":0,"player_choice":"Upgraded","damage_taken":0,"max_hp_gain":0,"max_hp_loss":0,"event_name":"Upgrade Shrine","floor":3,"gold_loss":0,"cards_upgraded":["True Grit"]},{"cards_removed":["Defend_R"],"damage_healed":0,"gold_gain":0,"player_choice":"Purged","damage_taken":0,"max_hp_gain":0,"max_hp_loss":0,"event_name":"Purifier","floor":19,"gold_loss":0},{"damage_healed":0,"gold_gain":0,"player_choice":"Forge","damage_taken":0,"max_hp_gain":0,"max_hp_loss":0,"event_name":"Accursed Blacksmith","floor":31,"gold_loss":0,"cards_upgraded":["Demon Form"]},{"damage_healed":0,"gold_gain":0,"player_choice":"Paid","damage_taken":0,"relics_obtained":["Red Mask"],"max_hp_gain":0,"max_hp_loss":0,"event_name":"Tomb of Lord Red Mask","floor":37,"gold_loss":16},{"damage_healed":0,"gold_gain":0,"player_choice":"Memory 1","damage_taken":0,"max_hp_gain":0,"max_hp_loss":0,"event_name":"SensoryStone","floor":39,"gold_loss":0},{"damage_healed":0,"gold_gain":0,"player_choice":"Trade","damage_taken":0,"relics_obtained":["CultistMask"],"max_hp_gain":0,"max_hp_loss":0,"event_name":"FaceTrader","floor":41,"gold_loss":0}],"is_beta":false,"boss_relics":[{"not_picked":["Runic Dome","Tiny House"],"picked":"Ectoplasm"},{"not_picked":["Coffee Dripper","Orrery"],"picked":"Mark of Pain"}],"items_purged_floors":[],"is_endless":false,"potions_floor_spawned":[1,7,11,13,18,24,28,30,35,44,47],"killed_by":"Awakened One","ascension_level":6}