{"gold_per_floor":[113,113,123,48,24,50,50,50,75,75,75,106,6,18,18,121,121,121],"floor_reached":18,"playtime":975,"items_purged":["Strike_R","Strike_R"],"score":258,"play_id":"6a83ea66-dfb6-4230-abda-5251fd1b17e0","local_time":"20190224152443","is_ascension_mode":true,"campfire_choices":[{"data":"Searing Blow+1","floor":8,"key":"SMITH"},{"data":"Searing Blow+2","floor":10,"key":"SMITH"},{"floor":15,"key":"REST"}],"neow_cost":"NONE","seed_source_timestamp":326587120936996,"circlet_count":0,"master_deck":["Strike_R","Strike_R","Defend_R+1","Defend_R","Defend_R","Defend_R+1","Bash","Searing Blow+3","Shrug It Off","Shrug It Off","Ghostly Armor","Double Tap"],"relics":["Burning Blood","NeowsBlessing","Centennial Puzzle","Regal Pillow","Black Star"],"potions_floor_usage":[18],"damage_taken":[{"damage":0,"enemies":"2 Louse","floor":1,"turns":1},{"damage":0,"enemies":"Cultist","floor":3,"turns":1},{"damage":0,"enemies":"3 Sentries","floor":6,"turns":1},{"damage":39,"enemies":"Lagavulin","floor":12,"turns":8},{"damage":1,"enemies":"Small Slimes","floor":14,"turns":4},{"damage":44,"enemies":"The Guardian","floor":16,"turns":11},{"damage":68,"enemies":"3 Byrds","floor":18,"turns":10}],"seed_played":"-1973178269932038703","potions_obtained":[{"floor":14,"key":"Ancient Potion"},{"floor":16,"key":"Dexterity Potion"}],"is_trial":false,"path_per_floor":["M","?","M","$","$","E","?","R","T","R","?","E","$","M","R","B",null,"M"],"character_chosen":"IRONCLAD","items_purchased":["Shrug It Off"],"campfire_rested":1,"item_purchase_floors":[5],"current_hp_per_floor":[78,78,80,80,80,80,73,73,73,73,57,24,24,29,68,30,68,0],"gold":121,"neow_bonus":"THREE_ENEMY_KILL","is_prod":false,"is_daily":false,"chose_seed":false,"campfire_upgraded":2,"win_rate":0,"timestamp":1551047083,"path_taken":["M","?","?","?","$","E","?","R","T","R","?","E","?","?","R","BOSS","M"],"build_version":"2019-01-23","purchased_purges":2,"victory":false,"max_hp_per_floor":[80,80,80,80,80,80,80,80,80,80,80,80,80,80,80,80,80,80],"card_choices":[{"not_picked":["Thunderclap","Combust"],"picked":"Searing Blow","floor":1},{"not_picked":["Anger","Warcry"],"picked":"Shrug It Off","floor":3},{"not_picked":["Juggernaut","Flex","Reckless Charge"],"picked":"SKIP","floor":6},{"not_picked":["Flame Barrier","Wild Strike"],"picked":"Ghostly Armor","floor":12},{"not_picked":["Flex","Iron Wave","Armaments"],"picked":"SKIP","floor":14},{"not_picked":["Immolate","Limit Break"],"picked":"Double Tap","floor":16}],"player_experience":435738,"relics_obtained":[{"floor":6,"key":"Centennial Puzzle"},{"floor":12,"key":"Regal Pillow"}],"event_choices":[{"damage_healed":0,"gold_gain":0,"player_choice":"Upgraded","damage_taken":0,"max_hp_gain":0,"max_hp_loss":0,"event_name":"Upgrade Shrine","floor":2,"gold_loss":0,"cards_upgraded":["Searing Blow"]},{"cards_removed":["Strike_R"],"damage_healed":0,"gold_gain":0,"player_choice":"Card Removal","damage_taken":7,"max_hp_gain":0,"max_hp_loss":0,"event_name":"Golden Wing","floor":7,"gold_loss":0},{"damage_healed":0,"gold_gain":0,"player_choice":"Entered Light","damage_taken":16,"max_hp_gain":0,"max_hp_loss":0,"event_name":"Shining Light","floor":11,"gold_loss":0,"cards_upgraded":["Defend_R","Defend_R"]}],"is_beta":false,"boss_relics":[{"not_picked":["Philosopher\u0027s Stone","Lizard Tail"],"picked":"Black Star"}],"items_purged_floors":[4,13],"is_endless":false,"potions_floor_spawned":[14,16],"killed_by":"3 Byrds","ascension_level":7}