{"gold_per_floor":[118,43,43,43,118,118,152,152,179,194,194,223,223,243,243,341,341,357,312],"floor_reached":19,"playtime":799,"items_purged":[],"score":248,"play_id":"b70818b1-b742-4c46-84ae-7f029b3eda83","local_time":"20190206162846","is_ascension_mode":true,"campfire_choices":[{"data":"Bash","floor":6,"key":"SMITH"},{"data":"Defend_R","floor":8,"key":"SMITH"},{"floor":13,"key":"REST"},{"floor":15,"key":"RECALL"}],"neow_cost":"NONE","seed_source_timestamp":822962317459729,"circlet_count":0,"master_deck":["Bash+1","Dual Wield+1","Berserk","Wild Strike","Whirlwind","Offering","Anger","Inflame","Corruption","Corruption","Iron Wave","Clash"],"relics":["Burning Blood","NeowsBlessing","War Paint","Whetstone","Bronze Scales","Pandora\u0027s Box"],"potions_floor_usage":[12,12,16,19],"damage_taken":[{"damage":0,"enemies":"Small Slimes","floor":1,"turns":1},{"damage":0,"enemies":"Gremlin Nob","floor":7,"turns":1},{"damage":0,"enemies":"2 Louse","floor":10,"turns":1},{"damage":40,"enemies":"Lagavulin","floor":12,"turns":6},{"damage":0,"enemies":"Cultist","floor":14,"turns":3},{"damage":59,"enemies":"Slime Boss","floor":16,"turns":13},{"damage":39,"enemies":"Spheric Guardian","floor":18,"turns":4},{"damage":33,"enemies":"2 Thieves","floor":19,"turns":2}],"seed_played":"9161946844976064109","potions_obtained":[{"floor":7,"key":"Swift Potion"},{"floor":10,"key":"BloodPotion"},{"floor":12,"key":"GamblersBrew"},{"floor":18,"key":"Swift Potion"}],"is_trial":false,"path_per_floor":["M","$","?","?","?","R","E","R","T","M","?","E","R","M","R","B",null,"M","M"],"character_chosen":"IRONCLAD","items_purchased":["Dual Wield"],"campfire_rested":1,"item_purchase_floors":[2],"current_hp_per_floor":[80,80,73,73,62,62,68,68,68,74,58,32,56,62,62,9,62,29,0],"gold":312,"neow_bonus":"THREE_ENEMY_KILL","is_prod":false,"is_daily":false,"chose_seed":false,"campfire_upgraded":2,"win_rate":0,"timestamp":1549495726,"path_taken":["M","$","?","?","?","R","E","R","T","M","?","E","R","M","R","BOSS","M","M"],"build_version":"2019-01-23","purchased_purges":0,"victory":false,"max_hp_per_floor":[80,80,80,80,80,80,80,80,80,80,80,80,80,80,80,80,80,80,80],"card_choices":[{"not_picked":["Anger","Combust","Headbutt"],"picked":"SKIP","floor":1},{"not_picked":["Anger","Combust","Headbutt"],"picked":"SKIP","floor":1},{"not_picked":["Heavy Blade","Cleave","Thunderclap"],"picked":"SKIP","floor":7},{"not_picked":["Corruption","Thunderclap","Iron Wave"],"picked":"SKIP","floor":10},{"not_picked":["Disarm","Limit Break","Reaper"],"picked":"SKIP","floor":12},{"not_picked":["Heavy Blade","Anger","Havoc"],"picked":"SKIP","floor":14},{"not_picked":["Heavy Blade","Anger","Havoc"],"picked":"SKIP","floor":14},{"not_picked":["Feed","Brutality"],"picked":"Berserk","floor":16},{"not_picked":["Pommel Strike","Seeing Red","Armaments"],"picked":"SKIP","floor":18}],"player_experience":380255,"relics_obtained":[{"floor":7,"key":"Whetstone"},{"floor":12,"key":"Bronze Scales"}],"event_choices":[{"damage_healed":0,"gold_gain":0,"player_choice":"Success","damage_taken":7,"relics_obtained":["War Paint"],"max_hp_gain":0,"max_hp_loss":0,"event_name":"Scrap Ooze","floor":3,"gold_loss":0},{"damage_healed":0,"gold_gain":0,"player_choice":"Ignored","damage_taken":0,"max_hp_gain":0,"max_hp_loss":0,"event_name":"Liars Game","floor":4,"gold_loss":0},{"damage_healed":0,"gold_gain":75,"player_choice":"Gather Gold","damage_taken":11,"max_hp_gain":0,"max_hp_loss":0,"event_name":"World of Goop","floor":5,"gold_loss":0},{"damage_healed":0,"gold_gain":0,"player_choice":"Entered Light","damage_taken":16,"max_hp_gain":0,"max_hp_loss":0,"event_name":"Shining Light","floor":11,"gold_loss":0,"cards_upgraded":["Defend_R","Strike_R"]}],"is_beta":false,"boss_relics":[{"not_picked":["Lizard Tail","Runic Dome"],"picked":"Pandora\u0027s Box"}],"items_purged_floors":[],"is_endless":false,"potions_floor_spawned":[7,10,12,18],"killed_by":"2 Thieves","ascension_level":5}