{"gold_per_floor":[117,192,192,192,207,235,253,253,279,279,306,48,48,58,58,160,160],"floor_reached":17,"playtime":1168,"items_purged":["Strike_B"],"score":216,"play_id":"b0c5ae77-3c33-4a8e-b684-fa938810d372","local_time":"20190103221618","is_ascension_mode":true,"campfire_choices":[{"data":"Recycle","floor":8,"key":"SMITH"},{"data":"Hologram","floor":10,"key":"SMITH"},{"data":"Streamline","floor":15,"key":"SMITH"}],"neow_cost":"NONE","seed_source_timestamp":9377734457154,"circlet_count":0,"master_deck":["Strike_B","Strike_B","Defend_B","Defend_B","Defend_B","Defend_B","Zap","Dualcast","Hologram+1","Hologram+1","Coolheaded","Recycle+1","Self Repair","Leap","Streamline+1","Multi-Cast","Seek"],"relics":["Cracked Core","NeowsBlessing","Art of War","Blood Vial","Bag of Preparation","The Courier","Vajra","Nuclear Battery"],"potions_floor_usage":[11,11,16,16,16],"damage_taken":[{"damage":0,"enemies":"Jaw Worm","floor":1,"turns":1},{"damage":0,"enemies":"2 Louse","floor":5,"turns":1},{"damage":0,"enemies":"Gremlin Nob","floor":6,"turns":1},{"damage":0,"enemies":"Small Slimes","floor":7,"turns":4},{"damage":24,"enemies":"3 Sentries","floor":11,"turns":14},{"damage":15,"enemies":"Looter","floor":14,"turns":3},{"damage":20,"enemies":"The Guardian","floor":16,"turns":9}],"seed_played":"5362763811545637842","potions_obtained":[{"floor":5,"key":"EssenceOfSteel"},{"floor":7,"key":"PowerPotion"},{"floor":14,"key":"Energy Potion"}],"is_trial":false,"path_per_floor":["M","?","?","?","M","E","M","R","T","R","E","$","?","M","R","B",null],"character_chosen":"DEFECT","items_purchased":["Vajra","PowerPotion","AttackPotion"],"campfire_rested":0,"item_purchase_floors":[12,12,12],"current_hp_per_floor":[75,64,31,56,56,56,65,65,65,65,50,50,50,37,37,19,75],"gold":160,"neow_bonus":"THREE_ENEMY_KILL","is_prod":false,"is_daily":false,"chose_seed":false,"campfire_upgraded":3,"win_rate":0,"timestamp":1546578978,"path_taken":["M","?","?","?","M","E","M","R","T","R","E","$","?","M","R","BOSS"],"build_version":"2019-01-03v3","purchased_purges":1,"victory":false,"max_hp_per_floor":[75,75,75,75,75,75,75,75,75,75,75,75,75,75,75,75,75],"card_choices":[{"not_picked":["Leap","Streamline"],"picked":"Hologram","floor":1},{"not_picked":["Leap","Streamline"],"picked":"Hologram","floor":1},{"not_picked":["Hello World","Auto Shields"],"picked":"Coolheaded","floor":5},{"not_picked":["Self Repair","Go for the Eyes"],"picked":"Recycle","floor":6},{"not_picked":["Go for the Eyes","Recycle"],"picked":"Self Repair","floor":6},{"not_picked":["Ball Lightning","Beam Cell"],"picked":"Leap","floor":7},{"not_picked":["Sweeping Beam","Turbo"],"picked":"Streamline","floor":11},{"not_picked":["Barrage","Cold Snap"],"picked":"Multi-Cast","floor":14},{"not_picked":["Amplify","Thunder Strike"],"picked":"Seek","floor":16}],"player_experience":231358,"relics_obtained":[{"floor":6,"key":"Blood Vial"},{"floor":9,"key":"Bag of Preparation"},{"floor":11,"key":"The Courier"}],"event_choices":[{"damage_healed":0,"gold_gain":75,"player_choice":"Gather Gold","damage_taken":11,"max_hp_gain":0,"max_hp_loss":0,"event_name":"World of Goop","floor":2,"gold_loss":0},{"damage_healed":0,"gold_gain":0,"player_choice":"Success","damage_taken":33,"relics_obtained":["Art of War"],"max_hp_gain":0,"max_hp_loss":0,"event_name":"Scrap Ooze","floor":3,"gold_loss":0},{"damage_healed":25,"gold_gain":0,"player_choice":"Banana","damage_taken":0,"max_hp_gain":0,"max_hp_loss":0,"event_name":"Big Fish","floor":4,"gold_loss":0},{"cards_removed":["Strike_B"],"damage_healed":0,"gold_gain":0,"player_choice":"Purged","damage_taken":0,"max_hp_gain":0,"max_hp_loss":0,"event_name":"Purifier","floor":13,"gold_loss":0}],"is_beta":false,"boss_relics":[{"not_picked":["Tiny House","Fusion Hammer"],"picked":"Nuclear Battery"}],"items_purged_floors":[12],"is_endless":false,"potions_floor_spawned":[5,7,14],"ascension_level":3}