{"gold_per_floor":[115,129,129,129,54,82,101,101,176,76,76,94,125,138,138,242,242,256,256,256,286,298,324,55,55,55,4,18,118,130,130],"floor_reached":31,"playtime":1449,"items_purged":["Regret","Defend_R","Strike_R"],"score":346,"play_id":"60e1abbb-c259-482b-953d-dae39eef0295","local_time":"20190104232633","is_ascension_mode":true,"campfire_choices":[{"data":"Pommel Strike","floor":8,"key":"SMITH"},{"data":"Bash","floor":11,"key":"SMITH"},{"data":"Rage","floor":15,"key":"SMITH"},{"data":"Limit Break","floor":25,"key":"SMITH"}],"neow_cost":"NONE","seed_source_timestamp":12688394300161,"circlet_count":0,"master_deck":["Strike_R","Strike_R","Strike_R","Strike_R","Defend_R","Defend_R","Bash+1","Pommel Strike+1","Demon Form","Rage+1","Limit Break+1","Pommel Strike","Whirlwind+1","Bandage Up","Heavy Blade","Rage+1"],"relics":["Burning Blood","NeowsBlessing","Vajra","Strawberry","Anchor","Dodecahedron","Du-Vu Doll","White Beast Statue","Red Mask","Letter Opener","Paper Frog"],"potions_floor_usage":[16,18,18,22,23,28,28,30,31],"damage_taken":[{"damage":0,"enemies":"Cultist","floor":1,"turns":1},{"damage":0,"enemies":"Small Slimes","floor":2,"turns":1},{"damage":0,"enemies":"Gremlin Nob","floor":6,"turns":1},{"damage":2,"enemies":"Jaw Worm","floor":7,"turns":2},{"damage":0,"enemies":"Exordium Wildlife","floor":12,"turns":2},{"damage":40,"enemies":"Lagavulin","floor":13,"turns":4},{"damage":12,"enemies":"3 Louse","floor":14,"turns":4},{"damage":29,"enemies":"The Guardian","floor":16,"turns":8},{"damage":4,"enemies":"Spheric Guardian","floor":18,"turns":4},{"damage":59,"enemies":"Masked Bandits","floor":21,"turns":5},{"damage":7,"enemies":"3 Byrds","floor":22,"turns":5},{"damage":38,"enemies":"Book of Stabbing","floor":23,"turns":5},{"damage":9,"enemies":"Snake Plant","floor":28,"turns":4},{"damage":11,"enemies":"Cultist and Chosen","floor":30,"turns":6},{"damage":9,"enemies":"Snecko","floor":31,"turns":3}],"seed_played":"988640568777957696","potions_obtained":[{"floor":1,"key":"Energy Potion"},{"floor":13,"key":"Fire Potion"},{"floor":14,"key":"Poison Potion"},{"floor":18,"key":"Ancient Potion"},{"floor":21,"key":"BloodPotion"},{"floor":22,"key":"EssenceOfSteel"},{"floor":23,"key":"Energy Potion"},{"floor":28,"key":"Block Potion"},{"floor":30,"key":"Block Potion"}],"is_trial":false,"path_per_floor":["M","M","?","?","$","E","M","R","T","$","R","M","E","M","R","B",null,"M","?","?","?","M","E","$","R","T","$","M","?","M","M"],"character_chosen":"IRONCLAD","items_purchased":["Bandage Up","Heavy Blade","Block Potion"],"campfire_rested":0,"item_purchase_floors":[24,24,27],"current_hp_per_floor":[80,80,77,84,84,87,87,87,87,87,87,87,53,47,47,24,87,87,87,87,34,41,9,9,9,9,9,10,10,9,0],"gold":130,"neow_bonus":"THREE_ENEMY_KILL","is_prod":false,"is_daily":false,"chose_seed":false,"campfire_upgraded":4,"win_rate":0,"timestamp":1546669593,"path_taken":["M","M","?","?","?","E","?","R","T","$","R","M","E","M","R","BOSS","M","?","?","?","?","E","$","R","T","$","?","?","M","M"],"build_version":"2019-01-03v4","purchased_purges":3,"victory":false,"max_hp_per_floor":[80,80,80,87,87,87,87,87,87,87,87,87,87,87,87,87,87,87,87,87,87,87,87,87,87,87,87,87,87,87,87],"card_choices":[{"not_picked":["Spot Weakness","Iron Wave","Warcry"],"picked":"SKIP","floor":1},{"not_picked":["Armaments","Wild Strike","Twin Strike"],"picked":"SKIP","floor":2},{"not_picked":["Twin Strike","Havoc"],"picked":"Pommel Strike","floor":6},{"not_picked":["Armaments","Warcry","Twin Strike"],"picked":"SKIP","floor":7},{"not_picked":["Perfected Strike","Shrug It Off","Wild Strike"],"picked":"SKIP","floor":12},{"not_picked":["Whirlwind","Cleave"],"picked":"Demon Form","floor":13},{"not_picked":["Warcry","Inflame"],"picked":"Rage","floor":14},{"not_picked":["Dark Embrace","Impervious"],"picked":"Limit Break","floor":16},{"not_picked":["Cleave","Thunderclap","Flex+1"],"picked":"SKIP","floor":18},{"not_picked":["Rampage+1","Feel No Pain"],"picked":"Pommel Strike","floor":21},{"not_picked":["Havoc","Sword Boomerang","Perfected Strike+1"],"picked":"SKIP","floor":22},{"not_picked":["Reckless Charge","Feel No Pain"],"picked":"Whirlwind+1","floor":23},{"not_picked":["Body Slam","Shockwave+1"],"picked":"Rage+1","floor":28},{"not_picked":["Inflame+1","Clothesline","Body Slam"],"picked":"SKIP","floor":30}],"player_experience":248364,"relics_obtained":[{"floor":6,"key":"Anchor"},{"floor":9,"key":"Dodecahedron"},{"floor":13,"key":"Du-Vu Doll"},{"floor":21,"key":"Red Mask"},{"floor":23,"key":"Letter Opener"},{"floor":26,"key":"Paper Frog"}],"event_choices":[{"damage_healed":0,"gold_gain":0,"player_choice":"Success","damage_taken":3,"relics_obtained":["Vajra"],"max_hp_gain":0,"max_hp_loss":0,"event_name":"Scrap Ooze","floor":3,"gold_loss":0},{"damage_healed":0,"gold_gain":0,"player_choice":"Box","damage_taken":0,"relics_obtained":["Strawberry"],"max_hp_gain":0,"max_hp_loss":0,"event_name":"Big Fish","floor":4,"gold_loss":0,"cards_obtained":["Regret"]},{"damage_healed":0,"gold_gain":0,"player_choice":"Ignored","damage_taken":0,"max_hp_gain":0,"max_hp_loss":0,"event_name":"Ghosts","floor":19,"gold_loss":0},{"cards_removed":["Defend_R"],"damage_healed":0,"gold_gain":0,"player_choice":"Elegance","damage_taken":0,"max_hp_gain":0,"max_hp_loss":0,"event_name":"Back to Basics","floor":20,"gold_loss":0},{"damage_healed":0,"gold_gain":0,"player_choice":"Fought Bandits","damage_taken":0,"max_hp_gain":0,"max_hp_loss":0,"event_name":"Masked Bandits","floor":21,"gold_loss":0},{"damage_healed":0,"gold_gain":100,"player_choice":"Pray","damage_taken":0,"max_hp_gain":0,"max_hp_loss":0,"event_name":"Golden Shrine","floor":29,"gold_loss":0}],"is_beta":false,"boss_relics":[{"not_picked":["Astrolabe","Ectoplasm"],"picked":"White Beast Statue"}],"items_purged_floors":[5,10,24],"is_endless":false,"potions_floor_spawned":[1,13,14,18,21,22,23,28,30],"killed_by":"Snecko","ascension_level":4}