{"gold_per_floor":[368,382,382,399,410,410,120,154,154,154,16,33,33,50,50,150,150,164,19,31,31,46,46,46],"floor_reached":24,"playtime":1825,"items_purged":["Strike_R","Strike_R"],"score":248,"play_id":"6081655b-782e-43cc-8437-d06ce518ad5b","local_time":"20181210113230","is_ascension_mode":false,"campfire_choices":[{"data":"True Grit","floor":6,"key":"SMITH"},{"data":"Offering","floor":10,"key":"SMITH"},{"data":"Whirlwind","floor":13,"key":"SMITH"},{"data":"Rampage","floor":15,"key":"SMITH"},{"data":"Heavy Blade","floor":23,"key":"SMITH"}],"neow_cost":"TEN_PERCENT_HP_LOSS","seed_source_timestamp":489477996807705,"circlet_count":0,"master_deck":["Strike_R","Strike_R","Strike_R","Defend_R","Defend_R","Defend_R","Defend_R","Bash","Inflame","Heavy Blade+1","True Grit+1","Offering+1","Inflame","Rampage+1","Whirlwind+1","Reaper","Burning Pact","Demon Form","Pain","Clumsy","Shame","Armaments+1","Metallicize+1"],"relics":["Burning Blood","Mercury Hourglass","Pantograph","Calling Bell","Ice Cream","Dodecahedron","Smiling Mask","Happy Flower"],"potions_floor_usage":[4,8,8,16,16,16,20,22],"damage_taken":[{"damage":10,"enemies":"Cultist","floor":1,"turns":4},{"damage":7,"enemies":"2 Louse","floor":2,"turns":2},{"damage":3,"enemies":"Jaw Worm","floor":4,"turns":3},{"damage":13,"enemies":"2 Fungi Beasts","floor":5,"turns":3},{"damage":25,"enemies":"3 Sentries","floor":8,"turns":8},{"damage":2,"enemies":"Exordium Wildlife","floor":12,"turns":2},{"damage":14,"enemies":"Large Slime","floor":14,"turns":4},{"damage":6,"enemies":"Slime Boss","floor":16,"turns":4},{"damage":24,"enemies":"Spheric Guardian","floor":18,"turns":4},{"damage":8,"enemies":"Chosen","floor":20,"turns":3},{"damage":33,"enemies":"Snake Plant","floor":22,"turns":5},{"damage":47,"enemies":"Gremlin Leader","floor":24,"turns":6}],"seed_played":"-7409156078140141522","potions_obtained":[{"floor":2,"key":"PowerPotion"},{"floor":3,"key":"SteroidPotion"},{"floor":3,"key":"Fire Potion"},{"floor":5,"key":"Block Potion"},{"floor":8,"key":"Swift Potion"},{"floor":12,"key":"Fire Potion"},{"floor":16,"key":"Energy Potion"},{"floor":18,"key":"Poison Potion"}],"is_trial":false,"path_per_floor":["M","M","?","M","M","R","$","E","T","R","$","M","R","M","R","B",null,"M","$","M","$","M","R","E"],"character_chosen":"IRONCLAD","items_purchased":["Offering","Inflame","Whirlwind","Happy Flower"],"campfire_rested":0,"item_purchase_floors":[7,7,11,19],"current_hp_per_floor":[68,67,67,70,63,63,63,44,44,44,44,48,48,56,56,72,72,54,54,59,59,32,32,0],"gold":46,"neow_bonus":"TWO_FIFTY_GOLD","is_prod":false,"is_daily":false,"chose_seed":false,"campfire_upgraded":5,"win_rate":0.0,"timestamp":1544466750,"path_taken":["M","?","?","M","M","R","$","E","T","R","$","?","R","M","R","BOSS","M","?","M","$","M","R","E"],"build_version":"2018-12-06","purchased_purges":2,"victory":false,"max_hp_per_floor":[72,72,72,72,72,72,72,72,72,72,72,72,72,72,72,72,72,72,72,72,72,72,72,72],"card_choices":[{"not_picked":["Wild Strike","Sword Boomerang"],"picked":"Inflame","floor":1},{"not_picked":["Metallicize","Seeing Red"],"picked":"Heavy Blade","floor":2},{"not_picked":["Twin Strike","Flame Barrier","Thunderclap"],"picked":"SKIP","floor":4},{"not_picked":["Clothesline","Iron Wave"],"picked":"True Grit","floor":5},{"not_picked":["Battle Trance","Thunderclap"],"picked":"Rampage","floor":8},{"not_picked":["Reaper","Sword Boomerang","Cleave"],"picked":"SKIP","floor":12},{"not_picked":["Sword Boomerang","Cleave"],"picked":"Reaper","floor":12},{"not_picked":["Uppercut","Iron Wave"],"picked":"Burning Pact","floor":14},{"not_picked":["Immolate","Barricade"],"picked":"Demon Form","floor":16},{"not_picked":["Burning Pact","Shockwave"],"picked":"Armaments+1","floor":18},{"not_picked":["Body Slam","Shrug It Off"],"picked":"Metallicize+1","floor":20},{"not_picked":["Clothesline+1","Searing Blow","Second Wind"],"picked":"SKIP","floor":22}],"player_experience":49420,"relics_obtained":[{"floor":8,"key":"Mercury Hourglass"},{"floor":9,"key":"Pantograph"},{"floor":17,"key":"Ice Cream"},{"floor":17,"key":"Dodecahedron"},{"floor":17,"key":"Smiling Mask"}],"event_choices":[{"damage_healed":0,"gold_gain":0,"player_choice":"Got Potions","damage_taken":0,"max_hp_gain":0,"max_hp_loss":0,"event_name":"Lab","floor":3,"gold_loss":0}],"is_beta":false,"boss_relics":[{"not_picked":["Empty Cage","Tiny House"],"picked":"Calling Bell"}],"items_purged_floors":[7,11],"is_endless":false,"potions_floor_spawned":[2,5,8,12,16,18],"killed_by":"Gremlin Leader","ascension_level":0}