{"gold_per_floor":[109,123,141,161,173,202,214,214,214,214],"floor_reached":10,"playtime":1054,"items_purged":[],"score":72,"play_id":"af0630fb-8009-49a2-be57-622fbbcb3728","local_time":"20181209115657","is_ascension_mode":false,"campfire_choices":[{"data":"True Grit","floor":8,"key":"SMITH"}],"neow_cost":"NONE","seed_source_timestamp":405325930668440,"circlet_count":0,"master_deck":["Strike_R","Strike_R","Strike_R","Defend_R","Defend_R","Defend_R","Defend_R","Bash","Battle Trance","Dropkick","True Grit+1","Thunderclap","Whirlwind"],"relics":["Empty Cage","Unceasing Top","Question Card"],"potions_floor_usage":[10,10],"damage_taken":[{"damage":5,"enemies":"Small Slimes","floor":1,"turns":6},{"damage":2,"enemies":"Jaw Worm","floor":2,"turns":5},{"damage":2,"enemies":"2 Louse","floor":3,"turns":4},{"damage":8,"enemies":"Looter","floor":4,"turns":3},{"damage":7,"enemies":"Exordium Wildlife","floor":5,"turns":7},{"damage":54,"enemies":"Lagavulin","floor":6,"turns":6},{"damage":0,"enemies":"2 Fungi Beasts","floor":7,"turns":2},{"damage":9,"enemies":"3 Sentries","floor":10,"turns":3}],"seed_played":"3575854987576859861","potions_obtained":[{"floor":1,"key":"Block Potion"},{"floor":5,"key":"SkillPotion"}],"is_trial":false,"path_per_floor":["M","M","M","M","M","E","M","R","T","E"],"character_chosen":"IRONCLAD","items_purchased":[],"campfire_rested":0,"item_purchase_floors":[],"current_hp_per_floor":[75,73,71,63,56,2,2,2,2,0],"gold":214,"neow_bonus":"BOSS_RELIC","is_prod":false,"is_daily":false,"chose_seed":false,"campfire_upgraded":1,"win_rate":0.0,"timestamp":1544381817,"path_taken":["M","M","M","M","M","E","M","R","T","E"],"build_version":"2018-12-06","purchased_purges":0,"victory":false,"max_hp_per_floor":[80,80,80,80,80,80,80,80,80,80],"card_choices":[{"not_picked":["Inflame","Pummel"],"picked":"Battle Trance","floor":1},{"not_picked":["Iron Wave","Thunderclap"],"picked":"Dropkick","floor":2},{"not_picked":["Body Slam","Iron Wave"],"picked":"True Grit","floor":3},{"not_picked":["Clothesline","Cleave"],"picked":"Thunderclap","floor":4},{"not_picked":["Combust","Carnage"],"picked":"Whirlwind","floor":5},{"not_picked":["Blood for Blood","Clash","Armaments"],"picked":"SKIP","floor":6},{"not_picked":["Clothesline","Entrench","Iron Wave"],"picked":"SKIP","floor":7}],"player_experience":19000,"relics_obtained":[{"floor":6,"key":"Unceasing Top"},{"floor":9,"key":"Question Card"}],"event_choices":[],"is_beta":false,"boss_relics":[],"items_purged_floors":[],"is_endless":false,"potions_floor_spawned":[1,5],"killed_by":"3 Sentries","ascension_level":0}