{"gold_per_floor":[109,109,120,139,152,152,187,187,187,200,200,218,218,21,21,21],"floor_reached":16,"playtime":517,"items_purged":[],"score":128,"play_id":"73b0625c-0983-463c-9c73-ec575b1c9534","local_time":"20190201193105","is_ascension_mode":true,"campfire_choices":[{"floor":6,"key":"DIG"},{"floor":8,"key":"DIG"},{"floor":13,"key":"DIG"},{"floor":15,"key":"REST"}],"neow_cost":"TEN_PERCENT_HP_LOSS","seed_source_timestamp":402171293233072,"circlet_count":0,"master_deck":["Strike_R","Strike_R","Strike_R+1","Strike_R+1","Strike_R","Defend_R","Defend_R","Defend_R","Defend_R","Bash","Immolate","Shrug It Off","Pommel Strike","True Grit"],"relics":["Burning Blood","Shovel","Gremlin Horn","Du-Vu Doll","Bag of Preparation","Peace Pipe","Art of War","Medical Kit"],"potions_floor_usage":[16,16],"damage_taken":[{"damage":0,"enemies":"Small Slimes","floor":1,"turns":3},{"damage":1,"enemies":"Cultist","floor":3,"turns":3},{"damage":7,"enemies":"Jaw Worm","floor":4,"turns":3},{"damage":13,"enemies":"Blue Slaver","floor":5,"turns":2},{"damage":29,"enemies":"Gremlin Nob","floor":7,"turns":4},{"damage":7,"enemies":"Looter","floor":10,"turns":3},{"damage":16,"enemies":"Exordium Thugs","floor":12,"turns":4},{"damage":38,"enemies":"Hexaghost","floor":16,"turns":9}],"seed_played":"2184470802010580601","potions_obtained":[{"floor":3,"key":"Ancient Potion"},{"floor":5,"key":"Dexterity Potion"},{"floor":7,"key":"Swift Potion"}],"is_trial":false,"path_per_floor":["M","?","M","M","M","R","E","R","T","M","?","M","R","$","R","B"],"character_chosen":"IRONCLAD","items_purchased":["Medical Kit"],"campfire_rested":1,"item_purchase_floors":[14],"current_hp_per_floor":[72,72,72,71,64,64,41,41,41,40,26,16,16,16,37,0],"gold":21,"neow_bonus":"ONE_RARE_RELIC","is_prod":false,"is_daily":false,"chose_seed":false,"campfire_upgraded":0,"win_rate":0,"timestamp":1549074665,"path_taken":["M","?","?","M","M","R","E","R","T","M","?","M","R","$","R","BOSS"],"build_version":"2019-01-23","purchased_purges":0,"victory":false,"max_hp_per_floor":[72,72,72,72,72,72,72,72,72,72,72,72,72,72,72,72],"card_choices":[{"not_picked":["Clothesline","Headbutt","Sever Soul"],"picked":"SKIP","floor":1},{"not_picked":["Body Slam","Immolate"],"picked":"Shrug It Off","floor":3},{"not_picked":["Cleave","Rupture"],"picked":"Pommel Strike","floor":4},{"not_picked":["Intimidate","Body Slam","Hemokinesis"],"picked":"SKIP","floor":5},{"not_picked":["Perfected Strike","Shrug It Off"],"picked":"True Grit","floor":7},{"not_picked":["Heavy Blade","Sword Boomerang","Clothesline"],"picked":"SKIP","floor":10},{"not_picked":["Twin Strike","Wild Strike","Anger"],"picked":"SKIP","floor":12}],"player_experience":352123,"relics_obtained":[{"floor":6,"key":"Gremlin Horn"},{"floor":7,"key":"Du-Vu Doll"},{"floor":8,"key":"Bag of Preparation"},{"floor":9,"key":"Peace Pipe"},{"floor":13,"key":"Art of War"}],"event_choices":[{"damage_healed":0,"gold_gain":0,"player_choice":"1 cards matched","damage_taken":0,"max_hp_gain":0,"max_hp_loss":0,"event_name":"Match and Keep!","floor":2,"gold_loss":0,"cards_obtained":["Immolate"]},{"damage_healed":0,"gold_gain":0,"player_choice":"Entered Light","damage_taken":14,"max_hp_gain":0,"max_hp_loss":0,"event_name":"Shining Light","floor":11,"gold_loss":0,"cards_upgraded":["Strike_R","Strike_R"]}],"is_beta":false,"boss_relics":[],"items_purged_floors":[],"is_endless":false,"potions_floor_spawned":[3,5,7],"killed_by":"Hexaghost","ascension_level":5}