{"gold_per_floor":[109,121,296,307,46,46,46,72,72,89,89,104,104,118,118,221,221,203,46,46,57,57],"floor_reached":22,"playtime":1215,"items_purged":["Strike_R"],"score":233,"play_id":"07a27958-0a6e-438c-97d5-eea309b49507","local_time":"20190713145800","is_ascension_mode":true,"campfire_choices":[{"floor":6,"key":"REST"},{"floor":11,"key":"REST"},{"data":"Barricade","floor":13,"key":"SMITH"},{"data":"Entrench","floor":15,"key":"SMITH"}],"neow_cost":"NONE","seed_source_timestamp":52087840123709,"circlet_count":0,"master_deck":["Strike_R","Strike_R","Defend_R","Defend_R","Defend_R","Defend_R","Bash","Entrench+1","Anger","Anger","Fire Breathing","Pommel Strike","Barricade+1","Iron Wave","Iron Wave","Body Slam","Juggernaut+1","Anger+1","Corruption+1","True Grit","Clash"],"relics":["Burning Blood","HandDrill","Dodecahedron","Frozen Egg 2","Runic Dome"],"potions_floor_usage":[14,16,16,21],"damage_taken":[{"damage":15,"enemies":"2 Louse","floor":1,"turns":3},{"damage":0,"enemies":"Cultist","floor":2,"turns":2},{"damage":21,"enemies":"Small Slimes","floor":4,"turns":4},{"damage":30,"enemies":"Lagavulin","floor":8,"turns":5},{"damage":7,"enemies":"Looter","floor":10,"turns":3},{"damage":12,"enemies":"3 Louse","floor":12,"turns":3},{"damage":14,"enemies":"Red Slaver","floor":14,"turns":2},{"damage":75,"enemies":"The Guardian","floor":16,"turns":10},{"damage":34,"enemies":"2 Thieves","floor":18,"turns":4},{"damage":20,"enemies":"Spheric Guardian","floor":21,"turns":4},{"damage":29,"enemies":"3 Cultists","floor":22,"turns":4}],"seed_played":"291387636263125474","potions_obtained":[{"floor":1,"key":"EssenceOfSteel"},{"floor":2,"key":"PowerPotion"},{"floor":10,"key":"BloodPotion"},{"floor":14,"key":"Dexterity Potion"},{"floor":18,"key":"Regen Potion"}],"is_trial":false,"path_per_floor":["M","M","?","M","$","R","?","E","T","M","R","M","R","M","R","B",null,"M","$","?","M","M"],"character_chosen":"IRONCLAD","items_purchased":["HandDrill","Pommel Strike","Corruption+1","True Grit"],"campfire_rested":2,"item_purchase_floors":[5,5,19,19],"current_hp_per_floor":[71,77,77,62,62,80,80,56,56,55,79,73,73,80,80,11,63,35,35,35,26,0],"gold":57,"neow_bonus":"TRANSFORM_CARD","is_prod":false,"is_daily":false,"chose_seed":false,"campfire_upgraded":2,"win_rate":0,"timestamp":1563026280,"path_taken":["M","M","?","M","$","R","?","E","T","?","R","M","R","M","R","BOSS","M","$","?","M","M"],"build_version":"2019-07-05","purchased_purges":1,"victory":false,"max_hp_per_floor":[80,80,80,80,80,80,80,80,80,80,80,80,80,80,80,80,80,80,80,80,80,80],"card_choices":[{"not_picked":["Disarm","Sword Boomerang"],"picked":"Anger","floor":1},{"not_picked":["Cleave","Pommel Strike"],"picked":"Anger","floor":2},{"not_picked":["Searing Blow","Power Through"],"picked":"Fire Breathing","floor":4},{"not_picked":["Limit Break","Flame Barrier"],"picked":"Barricade","floor":8},{"not_picked":["Second Wind","Perfected Strike"],"picked":"Iron Wave","floor":10},{"not_picked":["Power Through","True Grit"],"picked":"Iron Wave","floor":12},{"not_picked":["Sword Boomerang","Cleave"],"picked":"Body Slam","floor":14},{"not_picked":["Demon Form+1","Berserk+1"],"picked":"Juggernaut+1","floor":16},{"not_picked":["Perfected Strike","Hemokinesis"],"picked":"Anger+1","floor":18},{"not_picked":["Anger","Sword Boomerang"],"picked":"Clash","floor":21}],"player_experience":123040,"relics_obtained":[{"floor":8,"key":"Dodecahedron"},{"floor":9,"key":"Frozen Egg 2"}],"event_choices":[{"damage_healed":0,"gold_gain":175,"player_choice":"AGREE","damage_taken":0,"max_hp_gain":0,"max_hp_loss":0,"event_name":"Liars Game","floor":3,"gold_loss":0,"cards_obtained":["Doubt"]},{"cards_removed":["Doubt"],"damage_healed":0,"gold_gain":0,"player_choice":"Purged","damage_taken":0,"max_hp_gain":0,"max_hp_loss":0,"event_name":"Purifier","floor":7,"gold_loss":0},{"cards_removed":["Strike_R"],"damage_healed":0,"gold_gain":0,"player_choice":"Offered Basic","damage_taken":0,"max_hp_gain":0,"max_hp_loss":0,"event_name":"Bonfire Elementals","floor":20,"gold_loss":0}],"is_beta":false,"boss_relics":[{"not_picked":["Snecko Eye","Astrolabe"],"picked":"Runic Dome"}],"items_purged_floors":[19],"is_endless":false,"potions_floor_spawned":[1,2,10,14,18],"killed_by":"3 Cultists","ascension_level":5}