{"gold_per_floor":[112,130,130,146,25,53,53,66,66,92,92,92,107,27,27,131,131,150,138,138,148,24,24,51,51,51,51,51,70,70,70,70,70],"floor_reached":33,"playtime":1721,"items_purged":["Strike_R","Defend_R"],"score":341,"play_id":"9f705f94-ea13-46b4-b4f0-17405e0f2852","local_time":"20190713143723","is_ascension_mode":true,"campfire_choices":[{"floor":7,"key":"REST"},{"floor":11,"key":"REST"},{"floor":15,"key":"REST"},{"data":"True Grit","floor":23,"key":"SMITH"},{"floor":25,"key":"REST"},{"floor":27,"key":"REST"},{"data":"Feel No Pain","floor":32,"key":"SMITH"}],"neow_cost":"NONE","seed_source_timestamp":50343872170309,"circlet_count":0,"master_deck":["Strike_R+1","Strike_R+1","Strike_R+1","Strike_R+1","Defend_R+1","Defend_R+1","Defend_R+1","Bash","Juggernaut+1","Flame Barrier","Pommel Strike","Sentinel","Anger","Demon Form","Body Slam","Ghostly Armor","Body Slam","Feel No Pain+1","Limit Break","Headbutt","Reckless Charge+1","True Grit+1","Iron Wave"],"relics":["Burning Blood","Whetstone","Bag of Preparation","Mercury Hourglass","Blue Candle","Busted Crown","Magic Flower","Pear","Red Skull"],"potions_floor_usage":[16,16],"damage_taken":[{"damage":10,"enemies":"2 Louse","floor":1,"turns":2},{"damage":11,"enemies":"Cultist","floor":2,"turns":5},{"damage":0,"enemies":"Small Slimes","floor":4,"turns":3},{"damage":28,"enemies":"Lagavulin","floor":6,"turns":7},{"damage":35,"enemies":"Exordium Thugs","floor":8,"turns":5},{"damage":33,"enemies":"Gremlin Nob","floor":10,"turns":5},{"damage":1,"enemies":"Looter","floor":13,"turns":3},{"damage":16,"enemies":"Hexaghost","floor":16,"turns":7},{"damage":34,"enemies":"Shell Parasite","floor":18,"turns":5},{"damage":18,"enemies":"2 Thieves","floor":19,"turns":4},{"damage":9,"enemies":"Centurion and Healer","floor":21,"turns":5},{"damage":52,"enemies":"Book of Stabbing","floor":24,"turns":5},{"damage":41,"enemies":"Cultist and Chosen","floor":29,"turns":5},{"damage":88,"enemies":"Automaton","floor":33,"turns":6}],"seed_played":"7295707776199181860","potions_obtained":[{"floor":6,"key":"PowerPotion"},{"floor":8,"key":"FearPotion"},{"floor":10,"key":"Block Potion"},{"floor":13,"key":"Block Potion"},{"floor":21,"key":"FearPotion"},{"floor":24,"key":"Ancient Potion"}],"is_trial":false,"path_per_floor":["M","M","?","M","$","E","R","M","T","E","R","T","M","$","R","B",null,"M","M","?","M","$","R","E","R","T","R","$","M","?","T","R","B"],"character_chosen":"IRONCLAD","items_purchased":["Anger","Feel No Pain","True Grit"],"campfire_rested":5,"item_purchase_floors":[5,14,22],"current_hp_per_floor":[76,71,71,77,77,55,79,50,50,23,47,47,52,52,76,66,77,49,37,80,77,77,77,31,55,65,90,90,58,58,58,58,0],"gold":70,"neow_bonus":"ONE_RANDOM_RARE_CARD","is_prod":false,"is_daily":false,"chose_seed":false,"campfire_upgraded":2,"win_rate":0,"timestamp":1563025043,"path_taken":["M","M","?","?","$","E","R","M","T","E","R","?","?","$","R","BOSS","M","M","?","M","$","R","E","R","T","R","?","M","?","?","R","BOSS"],"build_version":"2019-07-05","purchased_purges":2,"victory":false,"max_hp_per_floor":[80,80,80,80,80,80,80,80,80,80,80,80,80,80,80,80,80,80,80,80,80,80,80,80,80,90,90,90,90,90,90,90,90],"card_choices":[{"not_picked":["Body Slam","Wild Strike"],"picked":"Flame Barrier","floor":1},{"not_picked":["Flex","Warcry"],"picked":"Pommel Strike","floor":2},{"not_picked":["Headbutt","Carnage"],"picked":"Sentinel","floor":4},{"not_picked":["Wild Strike","Entrench"],"picked":"Demon Form","floor":6},{"not_picked":["Whirlwind","Clash"],"picked":"Body Slam","floor":8},{"not_picked":["Hemokinesis","Perfected Strike"],"picked":"Ghostly Armor","floor":10},{"not_picked":["Evolve","Flame Barrier"],"picked":"Body Slam","floor":13},{"not_picked":["Reaper","Offering"],"picked":"Limit Break","floor":16},{"not_picked":[],"picked":"Headbutt","floor":18},{"not_picked":[],"picked":"Reckless Charge+1","floor":19},{"not_picked":["Evolve"],"picked":"SKIP","floor":21},{"not_picked":["Thunderclap"],"picked":"SKIP","floor":24},{"not_picked":[],"picked":"Iron Wave","floor":29}],"player_experience":121319,"relics_obtained":[{"floor":6,"key":"Whetstone"},{"floor":9,"key":"Bag of Preparation"},{"floor":10,"key":"Mercury Hourglass"},{"floor":12,"key":"Blue Candle"},{"floor":24,"key":"Magic Flower"},{"floor":26,"key":"Pear"},{"floor":31,"key":"Red Skull"}],"event_choices":[{"damage_healed":0,"gold_gain":0,"player_choice":"Forge","damage_taken":0,"max_hp_gain":0,"max_hp_loss":0,"event_name":"Accursed Blacksmith","floor":3,"gold_loss":0,"cards_upgraded":["Juggernaut"]},{"damage_healed":43,"gold_gain":0,"player_choice":"Full Heal","damage_taken":0,"max_hp_gain":0,"max_hp_loss":0,"event_name":"Wheel of Change","floor":20,"gold_loss":0},{"damage_healed":0,"gold_gain":0,"player_choice":"Simplicity","damage_taken":0,"max_hp_gain":0,"max_hp_loss":0,"event_name":"Back to Basics","floor":30,"gold_loss":0,"cards_upgraded":["Strike_R","Strike_R","Defend_R","Defend_R","Defend_R"]}],"is_beta":false,"boss_relics":[{"not_picked":["Lizard Tail","Calling Bell"],"picked":"Busted Crown"}],"items_purged_floors":[5,22],"is_endless":false,"potions_floor_spawned":[6,8,10,13,21,24],"killed_by":"Automaton","ascension_level":5}