{"gold_per_floor":[116,133,152,5,5,5,32,49,74,90,90],"floor_reached":11,"playtime":645,"items_purged":[],"score":105,"play_id":"9ee9056c-8b9c-489c-8ef2-324c89d35b15","local_time":"20190811190032","is_ascension_mode":true,"campfire_choices":[{"data":"Searing Blow","floor":6,"key":"SMITH"}],"neow_cost":"NONE","seed_source_timestamp":84359295401689,"circlet_count":0,"master_deck":["Strike_R","Strike_R","Strike_R","Strike_R","Strike_R","Defend_R","Defend_R","Defend_R","Defend_R","Bash+1","Shrug It Off","Searing Blow+1","True Grit","Headbutt","True Grit","Clash"],"relics":["Burning Blood","Boot","Centennial Puzzle","Regal Pillow"],"potions_floor_usage":[7,7,7,7,10],"damage_taken":[{"damage":9,"enemies":"Small Slimes","floor":1,"turns":3},{"damage":2,"enemies":"Cultist","floor":2,"turns":4},{"damage":9,"enemies":"Jaw Worm","floor":3,"turns":4},{"damage":41,"enemies":"3 Sentries","floor":7,"turns":8},{"damage":17,"enemies":"3 Louse","floor":8,"turns":3},{"damage":6,"enemies":"Blue Slaver","floor":10,"turns":4},{"damage":25,"enemies":"Lagavulin","floor":11,"turns":3}],"seed_played":"-5658209194985481555","potions_obtained":[{"floor":3,"key":"Energy Potion"},{"floor":5,"key":"SkillPotion"},{"floor":5,"key":"EntropicBrew"},{"floor":8,"key":"Swift Potion"}],"is_trial":false,"path_per_floor":["M","M","M","$","?","R","E","M","T","M","E"],"character_chosen":"IRONCLAD","items_purchased":["Boot"],"campfire_rested":0,"item_purchase_floors":[4],"current_hp_per_floor":[69,73,70,70,70,70,35,24,24,24,0],"gold":90,"neow_bonus":"UPGRADE_CARD","is_prod":false,"is_daily":false,"chose_seed":false,"campfire_upgraded":1,"win_rate":0,"timestamp":1565546432,"path_taken":["M","M","M","$","?","R","E","M","T","M","E"],"build_version":"2019-07-17","purchased_purges":0,"victory":false,"max_hp_per_floor":[80,80,80,80,80,80,80,80,80,80,80],"card_choices":[{"not_picked":["Wild Strike","Havoc"],"picked":"Shrug It Off","floor":1},{"not_picked":["Body Slam","Rage"],"picked":"Searing Blow","floor":2},{"not_picked":["Rage","Ghostly Armor"],"picked":"True Grit","floor":3},{"not_picked":["Rampage","Fire Breathing"],"picked":"Headbutt","floor":7},{"not_picked":["Dropkick","Shockwave"],"picked":"True Grit","floor":8},{"not_picked":["Havoc","Perfected Strike"],"picked":"Clash","floor":10}],"player_experience":187418,"relics_obtained":[{"floor":7,"key":"Centennial Puzzle"},{"floor":9,"key":"Regal Pillow"}],"event_choices":[{"damage_healed":0,"gold_gain":0,"player_choice":"Got Potions","damage_taken":0,"max_hp_gain":0,"max_hp_loss":0,"event_name":"Lab","floor":5,"gold_loss":0}],"is_beta":false,"boss_relics":[],"items_purged_floors":[],"is_endless":false,"potions_floor_spawned":[3,8],"killed_by":"Lagavulin","ascension_level":8}