{"gold_per_floor":[112,131,131,147,224,224,224,149,149,169,244,309,328,353,353,353],"floor_reached":16,"playtime":563,"items_purged":["Zap"],"score":90,"play_id":"06fefac7-472e-435c-ac31-621245afb2d7","local_time":"20181231020526","is_ascension_mode":false,"campfire_choices":[{"data":"Hyperbeam","floor":6,"key":"SMITH"},{"data":"Fusion","floor":15,"key":"SMITH"}],"neow_cost":"PERCENT_DAMAGE","seed_source_timestamp":59724191423411,"circlet_count":0,"master_deck":["Strike_B","Strike_B","Strike_B","Strike_B+1","Defend_B","Defend_B","Defend_B+1","Defend_B","Hyperbeam+1","BootSequence","Fusion+1","Conserve Battery"],"relics":["Cracked Core","Shuriken","Gremlin Horn","Odd Mushroom"],"potions_floor_usage":[16,16,16],"damage_taken":[{"damage":0,"enemies":"Small Slimes","floor":1,"turns":2},{"damage":1,"enemies":"Jaw Worm","floor":2,"turns":3},{"damage":0,"enemies":"2 Louse","floor":4,"turns":1},{"damage":2,"enemies":"Blue Slaver","floor":10,"turns":2},{"damage":0,"enemies":"3 Sentries","floor":12,"turns":2},{"damage":0,"enemies":"3 Louse","floor":13,"turns":2},{"damage":0,"enemies":"The Mushroom Lair","floor":14,"turns":2},{"damage":25,"enemies":"Hexaghost","floor":16,"turns":11}],"seed_played":"8321653690729876099","potions_obtained":[{"floor":2,"key":"SkillPotion"},{"floor":13,"key":"SkillPotion"},{"floor":14,"key":"Explosive Potion"}],"is_trial":false,"path_per_floor":["M","M","?","M","?","R","?","$","T","M","?","?","M","?","R","B"],"character_chosen":"DEFECT","items_purchased":[],"campfire_rested":0,"item_purchase_floors":[],"current_hp_per_floor":[54,53,38,38,38,38,38,38,38,36,25,25,25,25,25,0],"gold":353,"neow_bonus":"THREE_RARE_CARDS","is_prod":false,"is_daily":false,"chose_seed":false,"campfire_upgraded":2,"win_rate":0,"timestamp":1546247126,"path_taken":["M","M","?","M","?","R","?","?","T","?","?","?","?","?","R","BOSS"],"build_version":"2018-12-20","purchased_purges":1,"victory":false,"max_hp_per_floor":[75,75,75,75,75,75,75,75,75,75,75,75,75,75,75,75],"card_choices":[{"not_picked":["Creative AI","Reboot"],"picked":"Hyperbeam","floor":0},{"not_picked":["Barrage","Melter","Streamline"],"picked":"SKIP","floor":1},{"not_picked":["Compile Driver","White Noise","Coolheaded"],"picked":"SKIP","floor":2},{"not_picked":["Barrage","Reinforced Body"],"picked":"BootSequence","floor":4},{"not_picked":["Force Field","Go for the Eyes","Stack"],"picked":"SKIP","floor":10},{"not_picked":["Rebound","Go for the Eyes"],"picked":"Fusion","floor":13},{"not_picked":["Glacier","Storm"],"picked":"Conserve Battery","floor":14}],"player_experience":226859,"relics_obtained":[{"floor":9,"key":"Shuriken"},{"floor":12,"key":"Gremlin Horn"},{"floor":14,"key":"Odd Mushroom"}],"event_choices":[{"damage_healed":0,"gold_gain":0,"player_choice":"Entered Light","damage_taken":15,"max_hp_gain":0,"max_hp_loss":0,"event_name":"Shining Light","floor":3,"gold_loss":0,"cards_upgraded":["Strike_B","Defend_B"]},{"damage_healed":0,"gold_gain":77,"player_choice":"Gained Gold","damage_taken":0,"max_hp_gain":0,"max_hp_loss":0,"event_name":"Golden Wing","floor":5,"gold_loss":0},{"cards_removed":["Dualcast"],"damage_healed":0,"gold_gain":0,"player_choice":"Forget","damage_taken":0,"max_hp_gain":0,"max_hp_loss":0,"event_name":"Living Wall","floor":7,"gold_loss":0},{"damage_healed":0,"gold_gain":75,"player_choice":"Gather Gold","damage_taken":11,"max_hp_gain":0,"max_hp_loss":0,"event_name":"World of Goop","floor":11,"gold_loss":0},{"damage_healed":0,"gold_gain":0,"player_choice":"Searched \u00271\u0027 times","damage_taken":0,"max_hp_gain":0,"max_hp_loss":0,"event_name":"Dead Adventurer","floor":12,"gold_loss":0},{"damage_healed":0,"gold_gain":0,"player_choice":"Fought Mushrooms","damage_taken":0,"max_hp_gain":0,"max_hp_loss":0,"event_name":"Mushrooms","floor":14,"gold_loss":0}],"is_beta":false,"boss_relics":[],"items_purged_floors":[8],"is_endless":false,"potions_floor_spawned":[2,13,14],"killed_by":"Hexaghost","ascension_level":0}