{"gold_per_floor":[112,112,126,126,136,164,164,182,230,255,255,266,297,317,317,415,415,435,451,471,128,128,162,179,179,179,179],"floor_reached":27,"playtime":1820,"items_purged":["Mind Blast"],"score":281,"play_id":"0ac22d90-1cac-450d-aea6-b8836e06e090","local_time":"20190110201752","is_ascension_mode":true,"campfire_choices":[{"data":"Deadly Poison","floor":7,"key":"SMITH"},{"data":"Deadly Poison","floor":15,"key":"SMITH"}],"neow_cost":"NONE","seed_source_timestamp":4257520925706,"circlet_count":0,"master_deck":["Defend_G","Defend_G","Defend_G","Defend_G","Defend_G","Strike_G","Strike_G","Strike_G","Strike_G","Strike_G","Survivor","Neutralize+1","Backflip+1","Blade Dance","Backflip","Deadly Poison+1","Cloak And Dagger","Blur","Deadly Poison+1","Bullet Time","Backflip","Noxious Fumes","Writhe","Coolheaded"],"relics":["Coffee Dripper","Meat on the Bone","Bronze Scales","Juzu Bracelet","Singing Bowl","Regal Pillow","Black Star","PrismaticShard","Dream Catcher","Boot","Nunchaku","Question Card"],"potions_floor_usage":[10,23,23],"damage_taken":[{"damage":4,"enemies":"Jaw Worm","floor":1,"turns":4},{"damage":0,"enemies":"Cultist","floor":3,"turns":4},{"damage":7,"enemies":"2 Louse","floor":5,"turns":2},{"damage":14,"enemies":"Gremlin Nob","floor":6,"turns":4},{"damage":0,"enemies":"2 Fungi Beasts","floor":8,"turns":3},{"damage":13,"enemies":"Lagavulin","floor":10,"turns":6},{"damage":0,"enemies":"Exordium Wildlife","floor":12,"turns":3},{"damage":12,"enemies":"Gremlin Nob","floor":13,"turns":4},{"damage":4,"enemies":"Gremlin Gang","floor":14,"turns":4},{"damage":11,"enemies":"Hexaghost","floor":16,"turns":8},{"damage":13,"enemies":"Chosen","floor":18,"turns":5},{"damage":5,"enemies":"Shell Parasite","floor":19,"turns":5},{"damage":15,"enemies":"Snake Plant","floor":20,"turns":4},{"damage":34,"enemies":"Slavers","floor":23,"turns":7},{"damage":23,"enemies":"Cultist and Chosen","floor":24,"turns":7},{"damage":19,"enemies":"Colosseum Slavers","floor":25,"turns":4},{"damage":20,"enemies":"Gremlin Leader","floor":27,"turns":3}],"seed_played":"3283292113283368992","potions_obtained":[{"floor":1,"key":"SmokeBomb"},{"floor":3,"key":"FairyPotion"},{"floor":5,"key":"Ancient Potion"},{"floor":14,"key":"FearPotion"},{"floor":16,"key":"SteroidPotion"}],"is_trial":false,"path_per_floor":["M","?","M","?","M","E","R","M","T","E","T","M","E","M","R","B",null,"M","M","M","$","?","E","M","?","T","E"],"character_chosen":"THE_SILENT","items_purchased":["Noxious Fumes","PrismaticShard"],"campfire_rested":0,"item_purchase_floors":[21,21],"current_hp_per_floor":[66,52,52,52,45,31,31,43,43,42,42,42,44,42,42,43,74,63,60,45,45,45,25,14,19,19,0],"gold":179,"neow_bonus":"BOSS_RELIC","is_prod":false,"is_daily":false,"chose_seed":false,"campfire_upgraded":2,"win_rate":0,"timestamp":1547176672,"path_taken":["M","?","M","?","?","E","R","M","T","E","?","M","E","M","R","BOSS","M","M","M","$","?","E","M","?","T","E"],"build_version":"2019-01-10","purchased_purges":1,"victory":false,"max_hp_per_floor":[70,70,70,70,70,70,70,70,70,70,70,70,72,74,74,74,74,76,78,78,78,78,80,80,80,80,80],"card_choices":[{"not_picked":["Flechettes","Flying Knee"],"picked":"Backflip","floor":1},{"not_picked":["Terror","Bane"],"picked":"Blade Dance","floor":3},{"not_picked":["Bane","Acrobatics"],"picked":"Backflip","floor":5},{"not_picked":["Slice","Bullet Time"],"picked":"Deadly Poison","floor":6},{"not_picked":["Masterful Stab","Calculated Gamble"],"picked":"Cloak And Dagger","floor":8},{"not_picked":["Accuracy","Predator"],"picked":"Blur","floor":10},{"not_picked":["Catalyst","Dash"],"picked":"Deadly Poison","floor":12},{"not_picked":["Endless Agony","Underhanded Strike","Masterful Stab"],"picked":"Singing Bowl","floor":13},{"not_picked":["Accuracy","Underhanded Strike","Riddle With Holes"],"picked":"Singing Bowl","floor":14},{"not_picked":["Storm of Steel","Doppelganger"],"picked":"Bullet Time","floor":16},{"not_picked":["All Out Attack+1","Blur","Flechettes"],"picked":"Singing Bowl","floor":18},{"not_picked":["Cloak And Dagger","Poisoned Stab+1","Acrobatics"],"picked":"Singing Bowl","floor":19},{"not_picked":["Flying Knee","Deflect"],"picked":"Backflip","floor":20},{"not_picked":["Underhanded Strike+1","Perfected Strike","Setup"],"picked":"Singing Bowl","floor":23},{"not_picked":["Rupture","Poisoned Stab"],"picked":"Coolheaded","floor":24}],"player_experience":285834,"relics_obtained":[{"floor":6,"key":"Meat on the Bone"},{"floor":9,"key":"Bronze Scales"},{"floor":10,"key":"Juzu Bracelet"},{"floor":11,"key":"Singing Bowl"},{"floor":13,"key":"Regal Pillow"},{"floor":23,"key":"Boot"},{"floor":23,"key":"Nunchaku"},{"floor":26,"key":"Question Card"}],"event_choices":[{"damage_healed":0,"gold_gain":0,"player_choice":"Entered Light","damage_taken":14,"max_hp_gain":0,"max_hp_loss":0,"event_name":"Shining Light","floor":2,"gold_loss":0,"cards_upgraded":["Backflip","Neutralize"]},{"damage_healed":0,"gold_gain":0,"player_choice":"1 cards matched","damage_taken":0,"max_hp_gain":0,"max_hp_loss":0,"event_name":"Match and Keep!","floor":4,"gold_loss":0,"cards_obtained":["Mind Blast"]},{"damage_healed":0,"gold_gain":0,"player_choice":"Opened","damage_taken":0,"relics_obtained":["Dream Catcher"],"max_hp_gain":0,"max_hp_loss":0,"event_name":"The Mausoleum","floor":22,"gold_loss":0,"cards_obtained":["Writhe"]},{"damage_healed":0,"gold_gain":0,"player_choice":"Fight","damage_taken":0,"max_hp_gain":0,"max_hp_loss":0,"event_name":"Colosseum","floor":25,"gold_loss":0},{"damage_healed":0,"gold_gain":0,"player_choice":"Fled From Nobs","damage_taken":0,"max_hp_gain":0,"max_hp_loss":0,"event_name":"Colosseum","floor":25,"gold_loss":0}],"is_beta":false,"boss_relics":[{"not_picked":["Fusion Hammer","Eternal Feather"],"picked":"Black Star"}],"items_purged_floors":[21],"is_endless":false,"potions_floor_spawned":[1,3,5,14,16,18,19,25],"killed_by":"Gremlin Leader","ascension_level":2}