{"gold_per_floor":[114,125,200,28,28,59,59,75,75,88,88,88,105,118,118,118],"floor_reached":16,"playtime":648,"items_purged":["Defend_R"],"score":146,"play_id":"7a3a8f50-4c48-45b7-9c65-810ab8aa119f","local_time":"20181223015236","is_ascension_mode":true,"campfire_choices":[{"data":"Rampage","floor":7,"key":"SMITH"},{"data":"Whirlwind","floor":12,"key":"SMITH"},{"data":"Seeing Red","floor":15,"key":"SMITH"}],"neow_cost":"NONE","seed_source_timestamp":106641587620160,"circlet_count":0,"master_deck":["Strike_R","Strike_R","Strike_R+1","Strike_R","Strike_R","Defend_R","Defend_R","Defend_R","Bash","Whirlwind+1","Panacea+1","Rampage+1","Seeing Red+1","Battle Trance"],"relics":["Burning Blood","NeowsBlessing","Peace Pipe"],"potions_floor_usage":[14,16,16],"damage_taken":[{"damage":0,"enemies":"Cultist","floor":1,"turns":1},{"damage":0,"enemies":"Small Slimes","floor":2,"turns":1},{"damage":0,"enemies":"Lagavulin","floor":6,"turns":2},{"damage":10,"enemies":"2 Louse","floor":8,"turns":2},{"damage":16,"enemies":"Lots of Slimes","floor":10,"turns":3},{"damage":0,"enemies":"2 Fungi Beasts","floor":13,"turns":1},{"damage":22,"enemies":"Exordium Thugs","floor":14,"turns":2},{"damage":44,"enemies":"The Guardian","floor":16,"turns":10}],"seed_played":"6387885882812091005","potions_obtained":[{"floor":1,"key":"BloodPotion"},{"floor":2,"key":"Weak Potion"},{"floor":10,"key":"Poison Potion"}],"is_trial":false,"path_per_floor":["M","M","?","$","?","E","R","M","T","M","$","R","M","M","R","B"],"character_chosen":"IRONCLAD","items_purchased":["Panacea"],"campfire_rested":0,"item_purchase_floors":[4],"current_hp_per_floor":[80,80,69,69,53,59,59,55,55,45,45,45,51,43,43,0],"gold":118,"neow_bonus":"THREE_ENEMY_KILL","is_prod":false,"is_daily":false,"chose_seed":false,"campfire_upgraded":3,"win_rate":0,"timestamp":1545555156,"path_taken":["M","M","?","$","?","E","R","M","T","M","$","R","M","M","R","BOSS"],"build_version":"2018-12-20","purchased_purges":1,"victory":false,"max_hp_per_floor":[80,80,80,80,80,80,80,80,80,80,80,80,80,80,80,80],"card_choices":[{"not_picked":["Corruption","Shrug It Off"],"picked":"Whirlwind","floor":1},{"not_picked":["Sword Boomerang","Twin Strike","Heavy Blade"],"picked":"SKIP","floor":2},{"not_picked":["Reckless Charge","Brutality"],"picked":"Rampage","floor":6},{"not_picked":["Heavy Blade","Combust"],"picked":"Seeing Red","floor":8},{"not_picked":["Dropkick","Body Slam","Rupture"],"picked":"SKIP","floor":10},{"not_picked":["Shrug It Off","Metallicize","Pummel"],"picked":"SKIP","floor":13},{"not_picked":["Pummel","Headbutt"],"picked":"Battle Trance","floor":14}],"player_experience":179096,"relics_obtained":[{"floor":6,"key":"Peace Pipe"}],"event_choices":[{"damage_healed":0,"gold_gain":75,"player_choice":"Gather Gold","damage_taken":11,"max_hp_gain":0,"max_hp_loss":0,"event_name":"World of Goop","floor":3,"gold_loss":0},{"damage_healed":0,"gold_gain":0,"player_choice":"Entered Light","damage_taken":16,"max_hp_gain":0,"max_hp_loss":0,"event_name":"Shining Light","floor":5,"gold_loss":0,"cards_upgraded":["Strike_R","Panacea"]}],"is_beta":false,"boss_relics":[],"items_purged_floors":[4],"is_endless":false,"potions_floor_spawned":[1,2,10,13],"killed_by":"The Guardian","ascension_level":3}