{"gold_per_floor":[114,189,200,216,181,181,199,199,199,199,212,212,231,251,251,353,353,367,378,293,304,304,304,320,330,330,341,341],"floor_reached":28,"playtime":3575,"items_purged":[],"score":216,"play_id":"f1220aea-e35c-40e4-8074-fdabd2e15723","local_time":"20190805192332","is_ascension_mode":false,"campfire_choices":[{"data":"Calculated Gamble","floor":6,"key":"SMITH"},{"data":"Distraction","floor":12,"key":"SMITH"},{"floor":15,"key":"REST"},{"floor":23,"key":"REST"}],"neow_cost":"NONE","seed_source_timestamp":2159071136142518,"circlet_count":0,"master_deck":["Strike_G","Strike_G","Strike_G","Strike_G","Strike_G","Defend_G","Defend_G","Defend_G","Survivor","Neutralize","Finisher","Calculated Gamble+1","Distraction+1","Reflex","Iron Wave","Masterful Stab","Flying Knee","Caltrops","Adrenaline","Masterful Stab","Backstab","Eviscerate","Choke","Infinite Blades","Deadly Poison+1","Dash+1","Infinite Blades+1","Terror","Quick Slash","Dash","Dodge and Roll+1"],"relics":["Ring of the Snake","Anchor","Blood Vial","Orrery","Frozen Egg 2","Bottled Flame"],"potions_floor_usage":[16,18,19,27],"damage_taken":[{"damage":0,"enemies":"Small Slimes","floor":1,"turns":5},{"damage":0,"enemies":"Jaw Worm","floor":3,"turns":3},{"damage":0,"enemies":"Cultist","floor":4,"turns":3},{"damage":17,"enemies":"Large Slime","floor":7,"turns":11},{"damage":0,"enemies":"Blue Slaver","floor":11,"turns":4},{"damage":3,"enemies":"Lots of Slimes","floor":13,"turns":4},{"damage":4,"enemies":"Large Slime","floor":14,"turns":5},{"damage":52,"enemies":"The Guardian","floor":16,"turns":10},{"damage":6,"enemies":"3 Byrds","floor":18,"turns":3},{"damage":0,"enemies":"2 Thieves","floor":19,"turns":4},{"damage":24,"enemies":"3 Cultists","floor":21,"turns":6},{"damage":26,"enemies":"Snake Plant","floor":24,"turns":4},{"damage":13,"enemies":"Centurion and Healer","floor":25,"turns":5},{"damage":25,"enemies":"Sentry and Sphere","floor":27,"turns":5},{"damage":12,"enemies":"3 Cultists","floor":28,"turns":2}],"seed_played":"7097191455294260034","potions_obtained":[{"floor":3,"key":"SteroidPotion"},{"floor":7,"key":"FearPotion"},{"floor":18,"key":"SpeedPotion"},{"floor":24,"key":"LiquidBronze"},{"floor":25,"key":"GhostInAJar"},{"floor":27,"key":"GamblersBrew"}],"is_trial":false,"path_per_floor":["M","?","M","M","?","R","M","?","T","?","M","R","M","M","R","B",null,"M","M","?","M","?","R","M","M","T","M","M"],"character_chosen":"THE_SILENT","items_purchased":[],"campfire_rested":2,"item_purchase_floors":[],"current_hp_per_floor":[70,59,59,59,70,70,53,53,53,53,55,55,54,52,70,18,70,64,66,66,44,44,65,41,30,30,7,0],"gold":341,"neow_bonus":"RANDOM_COMMON_RELIC","is_prod":false,"is_daily":false,"chose_seed":false,"campfire_upgraded":2,"win_rate":0.0,"timestamp":1565051012,"path_taken":["M","?","M","M","?","R","M","?","T","?","M","R","?","M","R","BOSS","M","M","?","M","?","R","M","M","T","?","M"],"build_version":"2019-07-17","purchased_purges":0,"victory":false,"max_hp_per_floor":[70,70,70,70,70,70,70,70,70,70,70,70,70,70,70,70,70,70,70,70,70,70,70,70,70,70,70,70],"card_choices":[{"not_picked":["Deflect","PiercingWail"],"picked":"Finisher","floor":1},{"not_picked":["Acrobatics","Dagger Spray"],"picked":"Calculated Gamble","floor":3},{"not_picked":["Flying Knee","Acrobatics"],"picked":"Distraction","floor":4},{"not_picked":["Outmaneuver","Well Laid Plans"],"picked":"Reflex","floor":7},{"not_picked":["Blade Dance","Tactician"],"picked":"Masterful Stab","floor":11},{"not_picked":["Outmaneuver","Bane"],"picked":"Flying Knee","floor":13},{"not_picked":["Dagger Spray","Dodge and Roll"],"picked":"Caltrops","floor":14},{"not_picked":["Malaise","Corpse Explosion"],"picked":"Adrenaline","floor":16},{"not_picked":["Dagger Spray","Sucker Punch"],"picked":"Masterful Stab","floor":17},{"not_picked":["Blade Dance","Quick Slash"],"picked":"Backstab","floor":17},{"not_picked":["Masterful Stab","Bouncing Flask"],"picked":"Eviscerate","floor":17},{"not_picked":["Dodge and Roll","PiercingWail"],"picked":"Choke","floor":17},{"not_picked":["Bouncing Flask","Poisoned Stab"],"picked":"Infinite Blades","floor":17},{"not_picked":["Bane","Quick Slash"],"picked":"Deadly Poison+1","floor":18},{"not_picked":["Quick Slash","Prepared"],"picked":"Dash+1","floor":19},{"not_picked":["Riddle With Holes+1","Slice+1"],"picked":"Infinite Blades+1","floor":21},{"not_picked":["PiercingWail","Terror"],"picked":"Quick Slash","floor":24},{"not_picked":["Dagger Spray","Sucker Punch"],"picked":"Dash","floor":25},{"not_picked":["Dagger Throw","Dagger Spray+1"],"picked":"Dodge and Roll+1","floor":27}],"player_experience":30909,"relics_obtained":[{"floor":9,"key":"Blood Vial"},{"floor":26,"key":"Bottled Flame"}],"event_choices":[{"damage_healed":0,"gold_gain":75,"player_choice":"Gather Gold","damage_taken":11,"max_hp_gain":0,"max_hp_loss":0,"event_name":"World of Goop","floor":2,"gold_loss":0},{"damage_healed":17,"gold_gain":0,"player_choice":"Healed","damage_taken":0,"max_hp_gain":0,"max_hp_loss":0,"event_name":"The Cleric","floor":5,"gold_loss":35},{"damage_healed":0,"gold_gain":0,"player_choice":"Ignored","damage_taken":0,"max_hp_gain":0,"max_hp_loss":0,"event_name":"Golden Wing","floor":8,"gold_loss":0},{"cards_removed":["Defend_G"],"damage_healed":0,"gold_gain":0,"player_choice":"Took Card","damage_taken":0,"max_hp_gain":0,"max_hp_loss":0,"event_name":"NoteForYourself","floor":10,"gold_loss":0,"cards_obtained":["Iron Wave"]},{"damage_healed":0,"gold_gain":0,"player_choice":"Obtained Relic","damage_taken":0,"relics_obtained":["Frozen Egg 2"],"max_hp_gain":0,"max_hp_loss":0,"event_name":"Addict","floor":20,"gold_loss":85},{"damage_healed":0,"gold_gain":0,"cards_transformed":["Defend_G"],"player_choice":"Transformed","damage_taken":0,"max_hp_gain":0,"max_hp_loss":0,"event_name":"Transmorgrifier","floor":22,"gold_loss":0,"cards_obtained":["Terror"]}],"is_beta":false,"boss_relics":[{"not_picked":["Ring of the Serpent","Velvet Choker"],"picked":"Orrery"}],"items_purged_floors":[],"is_endless":false,"potions_floor_spawned":[3,7,18,24,25,27],"killed_by":"3 Cultists","ascension_level":0}