{"gold_per_floor":[110,123,123,7,22,22,54,54,54,69,80,107,57,72,72,168,168,186,200,218,293,140,150,150,69,69,79,96,96,96],"floor_reached":30,"playtime":1512,"items_purged":["Strike_B","Lockon"],"score":329,"play_id":"d53b7111-5645-4493-ab59-af9912c8f5cc","local_time":"20190428142755","is_ascension_mode":true,"campfire_choices":[{"data":"Streamline","floor":6,"key":"SMITH"},{"floor":8,"key":"REST"},{"data":"Glacier","floor":15,"key":"SMITH"},{"floor":24,"key":"REST"}],"neow_cost":"TEN_PERCENT_HP_LOSS","seed_source_timestamp":1225064775846153,"circlet_count":0,"master_deck":["Defend_B","Defend_B","Defend_B","Dualcast","Genetic Algorithm","Streamline+1","Gash","Gash","Glacier+1","Machine Learning","Hologram","Cold Snap","Cold Snap+1","Capacitor","Gash","Coolheaded","Steam","Compile Driver"],"relics":["FrozenCore","MawBank","Orichalcum","Blue Candle","Strawberry","Ancient Tea Set"],"potions_floor_usage":[10,10,16,27,30],"damage_taken":[{"damage":2,"enemies":"2 Louse","floor":1,"turns":3},{"damage":0,"enemies":"Small Slimes","floor":2,"turns":3},{"damage":1,"enemies":"Cultist","floor":5,"turns":3},{"damage":30,"enemies":"Lagavulin","floor":7,"turns":6},{"damage":4,"enemies":"Gremlin Gang","floor":10,"turns":3},{"damage":3,"enemies":"Large Slime","floor":11,"turns":5},{"damage":16,"enemies":"Gremlin Nob","floor":12,"turns":4},{"damage":4,"enemies":"Red Slaver","floor":14,"turns":4},{"damage":25,"enemies":"Hexaghost","floor":16,"turns":12},{"damage":7,"enemies":"Chosen","floor":18,"turns":5},{"damage":2,"enemies":"Shell Parasite","floor":19,"turns":6},{"damage":6,"enemies":"Shelled Parasite and Fungi","floor":20,"turns":7},{"damage":22,"enemies":"Centurion and Healer","floor":23,"turns":9},{"damage":7,"enemies":"3 Cultists","floor":27,"turns":7},{"damage":24,"enemies":"Snake Plant","floor":28,"turns":6},{"damage":5,"enemies":"Gremlin Leader","floor":30,"turns":5}],"seed_played":"-5579386602993667125","potions_obtained":[{"floor":2,"key":"EssenceOfSteel"},{"floor":7,"key":"Block Potion"},{"floor":11,"key":"LiquidBronze"},{"floor":12,"key":"FocusPotion"},{"floor":14,"key":"Energy Potion"},{"floor":20,"key":"Dexterity Potion"},{"floor":28,"key":"Weak Potion"}],"is_trial":false,"path_per_floor":["M","M","?","$","M","R","E","R","T","M","M","E","?","M","R","B",null,"M","M","M","?","$","M","R","$","T","M","M","?","E"],"character_chosen":"DEFECT","items_purchased":["Gash","Cold Snap","Capacitor"],"campfire_rested":2,"item_purchase_floors":[4,22,25],"current_hp_per_floor":[66,66,63,63,62,62,32,52,52,48,45,36,36,32,32,7,58,51,49,43,36,36,14,36,36,36,29,5,5,0],"gold":96,"neow_bonus":"TRANSFORM_TWO_CARDS","is_prod":false,"is_daily":false,"chose_seed":false,"campfire_upgraded":2,"win_rate":0,"timestamp":1556454475,"path_taken":["M","M","?","$","M","R","E","R","T","M","M","E","?","M","R","BOSS","M","M","M","?","$","?","R","$","T","M","?","?","E"],"build_version":"2019-04-23","purchased_purges":2,"victory":false,"max_hp_per_floor":[68,68,68,68,68,68,68,68,68,68,68,75,75,75,75,75,75,75,75,75,75,75,75,75,75,75,75,75,75,75],"card_choices":[{"not_picked":["Steam","Leap"],"picked":"Streamline","floor":1},{"not_picked":["Cold Snap","Steam"],"picked":"Gash","floor":2},{"not_picked":["Conserve Battery","Sweeping Beam","Cold Snap"],"picked":"SKIP","floor":5},{"not_picked":["Compile Driver","Conserve Battery","Turbo"],"picked":"SKIP","floor":7},{"not_picked":["Leap","Go for the Eyes"],"picked":"Glacier","floor":10},{"not_picked":["Conserve Battery","Hologram","Hello World"],"picked":"SKIP","floor":11},{"not_picked":["Conserve Battery","Auto Shields","Hologram"],"picked":"SKIP","floor":12},{"not_picked":["Leap","Skim","Barrage"],"picked":"SKIP","floor":14},{"not_picked":["Meteor Strike","Reboot"],"picked":"Machine Learning","floor":16},{"not_picked":["Hologram","Conserve Battery","Genetic Algorithm"],"picked":"SKIP","floor":18},{"not_picked":["Sweeping Beam","Auto Shields","Chaos"],"picked":"SKIP","floor":19},{"not_picked":["Recycle","Go for the Eyes","Hologram"],"picked":"SKIP","floor":20},{"not_picked":["Recycle","Go for the Eyes"],"picked":"Hologram","floor":20},{"not_picked":["Go for the Eyes","Scrape+1"],"picked":"Cold Snap+1","floor":23},{"not_picked":["Aggregate","Hello World"],"picked":"Gash","floor":27},{"not_picked":["Ball Lightning+1","Beam Cell"],"picked":"Coolheaded","floor":28}],"player_experience":521650,"relics_obtained":[{"floor":7,"key":"Orichalcum"},{"floor":9,"key":"Blue Candle"},{"floor":12,"key":"Strawberry"},{"floor":26,"key":"Ancient Tea Set"}],"event_choices":[{"damage_healed":0,"gold_gain":0,"player_choice":"Success","damage_taken":3,"relics_obtained":["MawBank"],"max_hp_gain":0,"max_hp_loss":0,"event_name":"Scrap Ooze","floor":3,"gold_loss":0},{"cards_removed":["Strike_B"],"damage_healed":0,"gold_gain":0,"player_choice":"Card Removal","damage_taken":0,"max_hp_gain":0,"max_hp_loss":0,"event_name":"The Cleric","floor":13,"gold_loss":50},{"damage_healed":0,"gold_gain":75,"player_choice":"Touch","damage_taken":7,"max_hp_gain":0,"max_hp_loss":0,"event_name":"FaceTrader","floor":21,"gold_loss":0},{"damage_healed":0,"gold_gain":0,"cards_transformed":["Defend_B","Zap"],"player_choice":"Became Test Subject","damage_taken":0,"max_hp_gain":0,"max_hp_loss":0,"event_name":"Drug Dealer","floor":29,"gold_loss":0,"cards_obtained":["Steam","Compile Driver"]}],"is_beta":true,"boss_relics":[{"not_picked":["Busted Crown","Nuclear Battery"],"picked":"FrozenCore"}],"items_purged_floors":[4,22],"is_endless":false,"potions_floor_spawned":[2,7,11,12,14,20,28],"killed_by":"Gremlin Leader","ascension_level":7}