{"gold_per_floor":[117,137,137,137,62,62,78,109,155,155,155,55,55,65,65,161,161,176,136,136,36,36],"floor_reached":22,"playtime":963,"items_purged":["Writhe","Strike_R","Writhe"],"score":287,"play_id":"8cd5d4b3-3d40-47e1-9bee-1ac023f0eafd","local_time":"20190223220355","is_ascension_mode":true,"campfire_choices":[{"data":"Feed","floor":6,"key":"SMITH"},{"data":"Rage","floor":10,"key":"SMITH"},{"data":"Searing Blow","floor":15,"key":"SMITH"}],"neow_cost":"CURSE","seed_source_timestamp":264144351996177,"circlet_count":0,"master_deck":["Strike_R","Strike_R","Strike_R","Strike_R","Defend_R","Defend_R","Defend_R+1","Defend_R","Bash+1","Feed+1","Searing Blow+1","Rage+1","Brutality","Rupture"],"relics":["Burning Blood","Omamori","Juzu Bracelet","Calling Bell","Ancient Tea Set","The Courier","Mango"],"potions_floor_usage":[8,14,16,16,16,16,18,18,20,22,22],"damage_taken":[{"damage":0,"enemies":"Small Slimes","floor":1,"turns":3},{"damage":7,"enemies":"Jaw Worm","floor":2,"turns":2},{"damage":1,"enemies":"Cultist","floor":7,"turns":3},{"damage":34,"enemies":"Lagavulin","floor":8,"turns":7},{"damage":0,"enemies":"Exordium Thugs","floor":14,"turns":4},{"damage":29,"enemies":"Hexaghost","floor":16,"turns":10},{"damage":93,"enemies":"3 Byrds","floor":18,"turns":9},{"damage":6,"enemies":"Spheric Guardian","floor":20,"turns":3},{"damage":30,"enemies":"Chosen and Byrds","floor":22,"turns":4}],"seed_played":"-1745795948777354340","potions_obtained":[{"floor":1,"key":"LiquidBronze"},{"floor":2,"key":"SpeedPotion"},{"floor":11,"key":"Fire Potion"},{"floor":11,"key":"EntropicBrew"},{"floor":16,"key":"BloodPotion"},{"floor":19,"key":"Energy Potion"},{"floor":19,"key":"Weak Potion"},{"floor":19,"key":"SmokeBomb"}],"is_trial":false,"path_per_floor":["M","M","?","?","$","R","M","E","T","R","?","$","$","M","R","B",null,"M","?","M","$","M"],"character_chosen":"IRONCLAD","items_purchased":[],"campfire_rested":0,"item_purchase_floors":[],"current_hp_per_floor":[81,83,88,70,70,70,79,55,55,55,55,55,55,65,65,42,102,30,30,30,30,0],"gold":36,"neow_bonus":"THREE_RARE_CARDS","is_prod":false,"is_daily":false,"chose_seed":false,"campfire_upgraded":3,"win_rate":0,"timestamp":1550984635,"path_taken":["M","M","?","?","$","R","?","E","T","R","?","?","$","M","R","BOSS","M","?","M","$","M"],"build_version":"2019-01-23","purchased_purges":3,"victory":false,"max_hp_per_floor":[83,86,91,91,91,91,95,99,99,99,99,99,99,103,103,103,117,121,121,121,121,121],"card_choices":[{"not_picked":["Double Tap","Reaper"],"picked":"Feed","floor":0},{"not_picked":["True Grit","Blood for Blood"],"picked":"Searing Blow","floor":1},{"not_picked":["Blood for Blood","Shockwave"],"picked":"Rage","floor":2},{"not_picked":["Armaments","True Grit","Twin Strike"],"picked":"SKIP","floor":7},{"not_picked":["Reckless Charge","Headbutt","Clothesline"],"picked":"SKIP","floor":8},{"not_picked":["Fire Breathing","Shrug It Off","Bloodletting"],"picked":"SKIP","floor":14},{"not_picked":["Dark Embrace","Immolate"],"picked":"Brutality","floor":16},{"not_picked":["Body Slam","Combust"],"picked":"Rupture","floor":18}],"player_experience":420402,"relics_obtained":[{"floor":8,"key":"Omamori"},{"floor":9,"key":"Juzu Bracelet"},{"floor":17,"key":"Ancient Tea Set"},{"floor":17,"key":"The Courier"},{"floor":17,"key":"Mango"}],"event_choices":[{"damage_healed":0,"gold_gain":0,"player_choice":"Donut","damage_taken":0,"max_hp_gain":5,"max_hp_loss":0,"event_name":"Big Fish","floor":3,"gold_loss":0},{"damage_healed":0,"gold_gain":0,"player_choice":"Entered Light","damage_taken":18,"max_hp_gain":0,"max_hp_loss":0,"event_name":"Shining Light","floor":4,"gold_loss":0,"cards_upgraded":["Bash","Defend_R"]},{"damage_healed":0,"gold_gain":0,"player_choice":"Got Potions","damage_taken":0,"max_hp_gain":0,"max_hp_loss":0,"event_name":"Lab","floor":11,"gold_loss":0},{"damage_healed":0,"gold_gain":0,"player_choice":"Bought 3 Potions","damage_taken":0,"max_hp_gain":0,"max_hp_loss":0,"event_name":"The Woman in Blue","floor":19,"gold_loss":0}],"is_beta":false,"boss_relics":[{"not_picked":["Black Blood","Snecko Eye"],"picked":"Calling Bell"}],"items_purged_floors":[5,12,21],"is_endless":false,"potions_floor_spawned":[1,2,16],"killed_by":"Chosen and Byrds","ascension_level":6}