{"gold_per_floor":[116,127,127,143,143,171,189,202,202,218,237,237,237,203,203,300,300,317,317,342,354,354,354,369,369,369,380,395,176,176,188,188,289,289,309,309,409,429,448,448,801,801,827,550,550,565,575,592,592,592],"floor_reached":50,"playtime":6050,"items_purged":[],"score":548,"play_id":"ff2d99ad-2a0c-4243-b1f6-9496e284b28a","local_time":"20190804145649","is_ascension_mode":false,"campfire_choices":[{"floor":13,"key":"REST"},{"floor":15,"key":"REST"},{"floor":23,"key":"REST"},{"floor":30,"key":"REST"},{"floor":32,"key":"REST"},{"floor":40,"key":"REST"},{"floor":42,"key":"REST"},{"data":"Reboot","floor":45,"key":"SMITH"},{"floor":49,"key":"REST"}],"neow_cost":"NONE","seed_source_timestamp":2054196860503314,"circlet_count":0,"master_deck":["Strike_B","Strike_B","Strike_B","Strike_B","Defend_B","Defend_B","Defend_B","Defend_B","Zap","Dualcast","Compile Driver","Scrape","Scrape","Zap","Defragment","Buffer","Gash","Thunder Strike","Gash","Buffer","Static Discharge","BootSequence","Electrodynamics","Double Energy+1","Ball Lightning","Loop","All For One","Gash","Genetic Algorithm","Stack","Gash","Reboot+1","Melter+1","Swift Strike","Enlightenment","Bandage Up","Ball Lightning+1","Gash","Barrage","Sweeping Beam+1","Self Repair","Ball Lightning","Streamline","Tempest","Leap+1"],"relics":["Cracked Core","Strawberry","Ornamental Fan","Ancient Tea Set","Inserter","Red Mask","FossilizedHelix","Mercury Hourglass","TheAbacus","Lizard Tail","WingedGreaves","Old Coin","Centennial Puzzle","Toolbox"],"potions_floor_usage":[20,20,33,41,46,48,50,50],"damage_taken":[{"damage":1,"enemies":"Jaw Worm","floor":1,"turns":4},{"damage":8,"enemies":"2 Louse","floor":2,"turns":3},{"damage":0,"enemies":"Cultist","floor":4,"turns":2},{"damage":36,"enemies":"Gremlin Nob","floor":6,"turns":4},{"damage":11,"enemies":"Lots of Slimes","floor":7,"turns":5},{"damage":10,"enemies":"2 Fungi Beasts","floor":8,"turns":3},{"damage":6,"enemies":"Exordium Thugs","floor":10,"turns":4},{"damage":6,"enemies":"Looter","floor":11,"turns":3},{"damage":62,"enemies":"Hexaghost","floor":16,"turns":8},{"damage":19,"enemies":"Chosen","floor":18,"turns":5},{"damage":7,"enemies":"Masked Bandits","floor":20,"turns":3},{"damage":24,"enemies":"2 Thieves","floor":21,"turns":3},{"damage":27,"enemies":"Sentry and Sphere","floor":24,"turns":5},{"damage":0,"enemies":"Snecko","floor":27,"turns":5},{"damage":0,"enemies":"3 Cultists","floor":28,"turns":3},{"damage":30,"enemies":"Centurion and Healer","floor":31,"turns":5},{"damage":28,"enemies":"Automaton","floor":33,"turns":8},{"damage":11,"enemies":"Orb Walker","floor":35,"turns":4},{"damage":0,"enemies":"Mind Bloom Boss Battle","floor":37,"turns":5},{"damage":3,"enemies":"3 Shapes","floor":38,"turns":5},{"damage":91,"enemies":"Writhing Mass","floor":39,"turns":6},{"damage":39,"enemies":"2 Orb Walkers","floor":41,"turns":5},{"damage":50,"enemies":"Spire Growth","floor":46,"turns":7},{"damage":0,"enemies":"4 Shapes","floor":47,"turns":4},{"damage":0,"enemies":"Maw","floor":48,"turns":6},{"damage":80,"enemies":"Awakened One","floor":50,"turns":5}],"seed_played":"6681046731172958067","potions_obtained":[{"floor":8,"key":"SkillPotion"},{"floor":10,"key":"Explosive Potion"},{"floor":16,"key":"Dexterity Potion"},{"floor":18,"key":"Block Potion"},{"floor":27,"key":"SpeedPotion"},{"floor":31,"key":"GamblersBrew"},{"floor":35,"key":"FocusPotion"},{"floor":37,"key":"PowerPotion"},{"floor":46,"key":"Regen Potion"},{"floor":48,"key":"LiquidBronze"}],"is_trial":false,"path_per_floor":["M","M","?","M","?","E","M","M","T","M","M","?","R","$","R","B",null,"M","?","?","M","?","R","M","?","T","M","M","$","R","M","R","B",null,"M","?","?","M","M","R","?","R","T","$","R","M","M","M","R","B"],"character_chosen":"DEFECT","items_purchased":["BootSequence","Stack","TheAbacus","Self Repair","Ball Lightning","Toolbox"],"campfire_rested":8,"item_purchase_floors":[14,29,29,44,44,44],"current_hp_per_floor":[81,73,73,73,73,44,33,23,23,17,11,11,37,37,63,1,89,70,53,46,22,22,50,23,23,23,23,23,23,51,21,49,21,94,83,73,73,70,47,75,40,68,68,68,68,29,29,48,76,0],"gold":592,"neow_bonus":"TEN_PERCENT_HP_BONUS","is_prod":false,"is_daily":false,"chose_seed":false,"campfire_upgraded":1,"win_rate":0.0,"timestamp":1564948609,"path_taken":["M","M","?","M","?","E","?","?","T","M","M","?","R","$","R","BOSS","M","?","?","M","?","R","M","?","T","M","M","$","R","M","R","BOSS","M","?","?","M","M","R","?","R","T","$","R","M","M","M","R","BOSS"],"build_version":"2019-07-17","purchased_purges":0,"victory":false,"max_hp_per_floor":[82,82,82,82,82,89,89,89,89,89,89,89,89,89,89,89,89,89,94,94,94,94,94,94,94,94,94,94,94,94,94,94,94,94,94,94,94,94,94,94,94,94,94,94,94,94,94,94,94,94],"card_choices":[{"not_picked":["Conserve Battery","Steam"],"picked":"Compile Driver","floor":1},{"not_picked":["Aggregate","Stack"],"picked":"Scrape","floor":2},{"not_picked":["Stack","Leap"],"picked":"Scrape","floor":4},{"not_picked":["Redo","Cold Snap"],"picked":"Gash","floor":6},{"not_picked":["Ball Lightning","Compile Driver"],"picked":"Thunder Strike","floor":7},{"not_picked":["Steam Power","Loop"],"picked":"Gash","floor":8},{"not_picked":["Streamline","Conserve Battery"],"picked":"Buffer","floor":10},{"not_picked":["Steam","Hello World"],"picked":"Static Discharge","floor":11},{"not_picked":["Amplify","Rainbow"],"picked":"Electrodynamics","floor":16},{"not_picked":["Conserve Battery","Redo"],"picked":"Double Energy+1","floor":18},{"not_picked":["Stack","Conserve Battery"],"picked":"Ball Lightning","floor":20},{"not_picked":["Barrage","Leap+1"],"picked":"Loop","floor":21},{"not_picked":["Glacier","Stack"],"picked":"All For One","floor":24},{"not_picked":["Coolheaded","Aggregate"],"picked":"Gash","floor":27},{"not_picked":["Steam","Coolheaded"],"picked":"Genetic Algorithm","floor":28},{"not_picked":["Chaos","White Noise+1"],"picked":"Gash","floor":31},{"not_picked":["Seek","Creative AI"],"picked":"Reboot","floor":33},{"not_picked":["Cold Snap","Beam Cell+1"],"picked":"Melter+1","floor":35},{"not_picked":["Discovery","Trip"],"picked":"Swift Strike","floor":36},{"not_picked":["Chrysalis","Apotheosis"],"picked":"Enlightenment","floor":36},{"not_picked":["Dramatic Entrance","Deep Breath"],"picked":"Bandage Up","floor":36},{"not_picked":["Redo","Barrage"],"picked":"Ball Lightning+1","floor":37},{"not_picked":["Melter","Compile Driver+1"],"picked":"Gash","floor":38},{"not_picked":["Loop","Storm+1"],"picked":"Barrage","floor":39},{"not_picked":["Cold Snap","Conserve Battery"],"picked":"Sweeping Beam+1","floor":41},{"not_picked":["Hello World","Hologram+1"],"picked":"Streamline","floor":46},{"not_picked":["Ball Lightning+1","Fission"],"picked":"Tempest","floor":47},{"not_picked":["Fusion+1","Coolheaded"],"picked":"Leap+1","floor":48}],"player_experience":14447,"relics_obtained":[{"floor":6,"key":"Strawberry"},{"floor":9,"key":"Ornamental Fan"},{"floor":20,"key":"Red Mask"},{"floor":26,"key":"Mercury Hourglass"},{"floor":37,"key":"WingedGreaves"},{"floor":41,"key":"Old Coin"},{"floor":43,"key":"Centennial Puzzle"}],"event_choices":[{"damage_healed":0,"gold_gain":0,"player_choice":"Ignored","damage_taken":0,"max_hp_gain":0,"max_hp_loss":0,"event_name":"Golden Idol","floor":3,"gold_loss":0},{"damage_healed":0,"gold_gain":0,"player_choice":"3 cards matched","damage_taken":0,"max_hp_gain":0,"max_hp_loss":0,"event_name":"Match and Keep!","floor":5,"gold_loss":0,"cards_obtained":["Zap","Defragment","Buffer"]},{"damage_healed":0,"gold_gain":0,"player_choice":"3 cards matched","damage_taken":0,"max_hp_gain":0,"max_hp_loss":0,"event_name":"Match and Keep!","floor":5,"gold_loss":0,"cards_obtained":["Zap","Defragment","Buffer"]},{"damage_healed":0,"gold_gain":0,"player_choice":"Gave Potion","damage_taken":0,"relics_obtained":["Ancient Tea Set"],"max_hp_gain":0,"max_hp_loss":0,"event_name":"WeMeetAgain","floor":12,"gold_loss":0},{"damage_healed":0,"gold_gain":0,"player_choice":"Shed Blood","damage_taken":22,"max_hp_gain":5,"max_hp_loss":0,"event_name":"Forgotten Altar","floor":19,"gold_loss":0},{"damage_healed":0,"gold_gain":0,"player_choice":"Fought Bandits","damage_taken":0,"max_hp_gain":0,"max_hp_loss":0,"event_name":"Masked Bandits","floor":20,"gold_loss":0},{"damage_healed":0,"gold_gain":0,"player_choice":"Ignored","damage_taken":0,"max_hp_gain":0,"max_hp_loss":0,"event_name":"Cursed Tome","floor":22,"gold_loss":0},{"damage_healed":0,"gold_gain":0,"player_choice":"Opened","damage_taken":0,"relics_obtained":["FossilizedHelix"],"max_hp_gain":0,"max_hp_loss":0,"event_name":"The Mausoleum","floor":25,"gold_loss":0},{"damage_healed":0,"gold_gain":0,"player_choice":"Memory 3","damage_taken":10,"max_hp_gain":0,"max_hp_loss":0,"event_name":"SensoryStone","floor":36,"gold_loss":0},{"damage_healed":0,"gold_gain":0,"player_choice":"Fight","damage_taken":0,"max_hp_gain":0,"max_hp_loss":0,"event_name":"MindBloom","floor":37,"gold_loss":0},{"damage_healed":0,"gold_gain":0,"player_choice":"Fight","damage_taken":0,"max_hp_gain":0,"max_hp_loss":0,"event_name":"Mysterious Sphere","floor":41,"gold_loss":0}],"is_beta":false,"boss_relics":[{"not_picked":["Fusion Hammer","Empty Cage"],"picked":"Inserter"},{"not_picked":["Nuclear Battery","Eternal Feather"],"picked":"Lizard Tail"}],"items_purged_floors":[],"is_endless":false,"potions_floor_spawned":[8,10,16,18,27,31,35,37,46,48],"killed_by":"Awakened One","ascension_level":0}