{"path_per_floor":["M","?","?","M","M","R","?","R","T","M","M","M","$","E","R","B",null,"M","?","?","$","M","E","R"],"character_chosen":"DEFECT","items_purchased":["Ice Cream"],"gold_per_floor":[216,391,391,405,425,425,425,425,425,445,461,479,404,432,432,529,559,577,492,492,81,98,131,131,131],"floor_reached":25,"campfire_rested":2,"playtime":1096,"current_hp_per_floor":[68,68,53,51,49,49,42,42,42,42,38,38,38,29,51,27,80,65,65,79,79,70,16,59,0],"items_purged":["Strike_B","Doubt"],"gold":131,"score":257,"play_id":"6e821989-42aa-4ef0-af44-26353fb1258a","local_time":"20180508090747","is_prod":false,"is_daily":false,"chose_seed":false,"is_ascension_mode":true,"campfire_upgraded":2,"timestamp":1525763267,"path_taken":["M","?","?","M","?","R","?","R","T","?","?","?","$","E","R","BOSS","M","?","?","$","M","E","R","E"],"build_version":"2018-05-03","seed_source_timestamp":0,"purchased_purges":2,"victory":false,"master_deck":["Strike_B","Strike_B+1","Defend_B+1","Defend_B","Defend_B+1","Defend_B","Zap+1","Dualcast+1","Impulse","Ball Lightning","Leap","White Noise","FTL","Fission","Rebound","Writhe","Beam Cell","Ball Lightning"],"max_hp_per_floor":[75,75,75,75,75,75,75,75,75,75,75,75,75,75,75,75,80,80,80,94,94,94,94,94,94],"relics":["Cracked Core","Frozen Egg 2","Art of War","Tiny House","Regal Pillow","Mango","Ice Cream","Anchor"],"card_choices":[{"not_picked":["Heatsinks","Go for the Eyes"],"picked":"Impulse","floor":1.0},{"not_picked":["Aggregate","Reinforced Body"],"picked":"Ball Lightning","floor":5.0},{"not_picked":["Capacitor","Stack"],"picked":"Leap","floor":11.0},{"not_picked":["Impulse","Rebound"],"picked":"White Noise","floor":12.0},{"not_picked":["Lockon","Stack"],"picked":"FTL","floor":14.0},{"not_picked":["Redo","Machine Learning"],"picked":"Fission","floor":16.0},{"not_picked":["Doom and Gloom","Stack"],"picked":"Rebound","floor":17.0},{"not_picked":["Skim","Hello World"],"picked":"Beam Cell","floor":22.0},{"not_picked":["Coolheaded","Aggregate"],"picked":"Ball Lightning","floor":23}],"player_experience":371683,"potions_floor_usage":[23,23,23],"damage_taken":[{"damage":7.0,"enemies":"2 Louse","floor":1.0,"turns":2.0},{"damage":2.0,"enemies":"Jaw Worm","floor":4.0,"turns":4.0},{"damage":2.0,"enemies":"Small Slimes","floor":5.0,"turns":3.0},{"damage":0.0,"enemies":"Blue Slaver","floor":10.0,"turns":2.0},{"damage":4.0,"enemies":"Exordium Thugs","floor":11.0,"turns":3.0},{"damage":0.0,"enemies":"Exordium Wildlife","floor":12.0,"turns":3.0},{"damage":9.0,"enemies":"3 Sentries","floor":14.0,"turns":7.0},{"damage":24.0,"enemies":"The Guardian","floor":16.0,"turns":10.0},{"damage":15.0,"enemies":"Chosen","floor":18.0,"turns":6.0},{"damage":9.0,"enemies":"Spheric Guardian","floor":22.0,"turns":4.0},{"damage":54,"enemies":"Slavers","floor":23,"turns":6},{"damage":59,"enemies":"Book of Stabbing","floor":25,"turns":5}],"event_choices":[{"event_name":"Liars Game","player_choice":"agreed","floor":2.0,"damage_taken":0.0},{"event_name":"Shining Light","player_choice":"Entered Light","floor":3.0,"damage_taken":0.0},{"event_name":"Golden Wing","player_choice":"Card Removal","floor":7.0,"damage_taken":0.0},{"event_name":"Addict","player_choice":"Obtained Relic","floor":19.0,"damage_taken":0.0},{"event_name":"The Mausoleum","player_choice":"Yes","floor":20.0,"damage_taken":0.0}],"boss_relics":[],"potions_floor_spawned":[1,11,16],"seed_played":"4488780581842010983","killed_by":"Book of Stabbing","ascension_level":1,"is_trial":false}