{"path_per_floor":["M","?","M","?","?","R","E","R","T","E","M","R","M","M","R","B",null,"M","M","?","M","$"],"character_chosen":"DEFECT","items_purchased":["Ornamental Fan","Gash","Beam Cell"],"gold_per_floor":[116,116,141,141,141,141,172,172,197,237,252,252,272,296,296,417,455,476,499,499,519,70,70],"floor_reached":23,"campfire_rested":2,"playtime":871,"current_hp_per_floor":[68,50,50,43,48,72,72,72,72,44,46,46,41,27,52,32,76,60,62,44,42,42,0],"items_purged":["Strike_B"],"gold":70,"score":319,"play_id":"28d1b7c3-e020-4369-9a53-f4a6762b2ea5","local_time":"20180513114606","is_prod":false,"is_daily":false,"chose_seed":false,"is_ascension_mode":true,"campfire_upgraded":2,"timestamp":1526204766,"path_taken":["M","?","M","?","?","R","E","R","T","E","?","R","?","M","R","BOSS","M","?","?","M","$","E"],"build_version":"2018-05-12v2","seed_source_timestamp":45996292029709,"purchased_purges":1,"victory":false,"master_deck":["Strike_B","Strike_B","Defend_B","Defend_B","Defend_B","Defend_B","Zap+1","Dualcast+1","Gash","Beam Cell","Scrape+1","Reboot","Axe Kick","Gash","Beam Cell"],"max_hp_per_floor":[75,75,75,75,80,80,80,80,80,82,84,84,84,84,84,84,89,91,93,98,100,100,100],"relics":["Cracked Core","NeowsBlessing","Golden Idol","Ancient Tea Set","DataDisk","Singing Bowl","Tiny House","Ornamental Fan"],"card_choices":[{"not_picked":["Stack","Redo"],"picked":"Gash","floor":1},{"not_picked":["Hello World","Self Repair","Streamline"],"picked":"SKIP","floor":3},{"not_picked":["Coolheaded","Genetic Algorithm","Steam"],"picked":"SKIP","floor":7},{"not_picked":["Capacitor","All For One","Hologram"],"picked":"Singing Bowl","floor":10},{"not_picked":["Hologram","Consume","Undo"],"picked":"Singing Bowl","floor":11},{"not_picked":["Sweeping Beam","Go for the Eyes"],"picked":"Beam Cell","floor":13},{"not_picked":["Sunder","BootSequence"],"picked":"Scrape","floor":14},{"not_picked":["Hyperbeam","Amplify"],"picked":"Reboot","floor":16},{"not_picked":["Melter","Beam Cell"],"picked":"Axe Kick","floor":17},{"not_picked":["Consume+1","Chaos","Capacitor"],"picked":"Singing Bowl","floor":18},{"not_picked":["Streamline+1","Turbo","Rebound+1"],"picked":"Singing Bowl","floor":19},{"not_picked":["Turbo","Heatsinks","Streamline"],"picked":"Singing Bowl","floor":21}],"player_experience":445002,"potions_floor_usage":[16,16,21],"damage_taken":[{"damage":0,"enemies":"2 Louse","floor":1,"turns":1},{"damage":0,"enemies":"Jaw Worm","floor":3,"turns":1},{"damage":0,"enemies":"Gremlin Nob","floor":7,"turns":1},{"damage":30,"enemies":"3 Sentries","floor":10,"turns":7},{"damage":0,"enemies":"Cultist","floor":11,"turns":3},{"damage":5,"enemies":"2 Fungi Beasts","floor":13,"turns":3},{"damage":14,"enemies":"Exordium Wildlife","floor":14,"turns":4},{"damage":20,"enemies":"Slime Boss","floor":16,"turns":8},{"damage":18,"enemies":"2 Thieves","floor":18,"turns":3},{"damage":0,"enemies":"Spheric Guardian","floor":19,"turns":2},{"damage":4,"enemies":"3 Cultists","floor":21,"turns":6},{"damage":52,"enemies":"Gremlin Leader","floor":23,"turns":4}],"event_choices":[{"event_name":"Golden Idol","player_choice":"Take Damage","floor":2,"damage_taken":0},{"event_name":"Golden Wing","player_choice":"Card Removal","floor":4,"damage_taken":0},{"event_name":"Big Fish","player_choice":"Donut","floor":5,"damage_taken":0},{"event_name":"Forgotten Altar","player_choice":"Shed Blood","floor":20,"damage_taken":0}],"boss_relics":[{"not_picked":["Runic Dome","Nuclear Battery"],"picked":"Tiny House"}],"potions_floor_spawned":[7,10,11,16,19],"seed_played":"6353613513088846294","killed_by":"Gremlin Leader","ascension_level":6,"is_trial":false}