{"gold_per_floor":[118,135,135,86,96,124,140,140,214,389,67,82,82,99,99,195,195,212,227,227,27,27,27],"floor_reached":23,"playtime":1125,"items_purged":["Doubt"],"score":239,"play_id":"e2a9910f-5deb-4abc-98d2-42d4bc228241","local_time":"20190712205105","is_ascension_mode":true,"campfire_choices":[{"floor":8,"key":"REST"},{"floor":15,"key":"REST"}],"neow_cost":"NONE","seed_source_timestamp":23644254229528,"circlet_count":0,"master_deck":["Strike_R","Strike_R","Strike_R","Strike_R","Defend_R","Defend_R","Defend_R","Defend_R","Bash","Bludgeon","Rampage","Iron Wave","Armaments","Rampage","Thunderclap","Reaper","Rampage","Carnage","Limit Break","Infernal Blade","Pommel Strike","Decay","Shrug It Off"],"relics":["Burning Blood","StoneCalendar","Paper Frog","Question Card","Cursed Key","Vajra","MutagenicStrength"],"potions_floor_usage":[12,16,16,18],"damage_taken":[{"damage":0,"enemies":"2 Louse","floor":1,"turns":2},{"damage":0,"enemies":"Cultist","floor":2,"turns":2},{"damage":7,"enemies":"Jaw Worm","floor":5,"turns":3},{"damage":45,"enemies":"Lagavulin","floor":6,"turns":7},{"damage":26,"enemies":"Large Slime","floor":7,"turns":3},{"damage":43,"enemies":"Gremlin Gang","floor":12,"turns":5},{"damage":14,"enemies":"Blue Slaver","floor":14,"turns":6},{"damage":38,"enemies":"The Guardian","floor":16,"turns":8},{"damage":17,"enemies":"Spheric Guardian","floor":18,"turns":4},{"damage":14,"enemies":"Chosen","floor":19,"turns":4},{"damage":61,"enemies":"Book of Stabbing","floor":23,"turns":5}],"seed_played":"615779487994678712","potions_obtained":[{"floor":1,"key":"FearPotion"},{"floor":2,"key":"GamblersBrew"},{"floor":7,"key":"EssenceOfSteel"},{"floor":12,"key":"Dexterity Potion"},{"floor":14,"key":"Strength Potion"}],"is_trial":false,"path_per_floor":["M","M","?","$","M","E","M","R","T","?","$","M","?","M","R","B",null,"M","M","?","$","?","E"],"character_chosen":"IRONCLAD","items_purchased":["Armaments","Question Card","Vajra","Shrug It Off"],"campfire_rested":2,"item_purchase_floors":[4,11,21,21],"current_hp_per_floor":[80,80,80,80,79,40,20,44,44,44,44,14,14,9,33,8,62,51,50,50,50,50,0],"gold":27,"neow_bonus":"ONE_RANDOM_RARE_CARD","is_prod":false,"is_daily":false,"chose_seed":false,"campfire_upgraded":0,"win_rate":0,"timestamp":1562961065,"path_taken":["M","M","?","?","M","E","M","R","T","?","?","M","?","M","R","BOSS","M","?","?","$","?","E"],"build_version":"2019-07-05","purchased_purges":1,"victory":false,"max_hp_per_floor":[80,80,80,80,80,80,80,80,80,80,80,80,80,80,80,80,80,80,80,80,80,80,80],"card_choices":[{"not_picked":["Sever Soul","Thunderclap"],"picked":"Rampage","floor":1},{"not_picked":["Ghostly Armor","Twin Strike"],"picked":"Iron Wave","floor":2},{"not_picked":["Blood for Blood","Ghostly Armor"],"picked":"Rampage","floor":5},{"not_picked":["Reckless Charge","Rage"],"picked":"Thunderclap","floor":6},{"not_picked":["Sword Boomerang","Armaments"],"picked":"Reaper","floor":7},{"not_picked":["Armaments","Clash","Havoc"],"picked":"Rampage","floor":12},{"not_picked":["Armaments","Body Slam","Rage"],"picked":"Carnage","floor":14},{"not_picked":["Exhume","Juggernaut","Fiend Fire"],"picked":"Limit Break","floor":16},{"not_picked":["Iron Wave","Twin Strike","Combust+1"],"picked":"Infernal Blade","floor":18},{"not_picked":["Clash","Heavy Blade","Dropkick"],"picked":"Pommel Strike","floor":19}],"player_experience":108247,"relics_obtained":[{"floor":6,"key":"StoneCalendar"},{"floor":9,"key":"Paper Frog"}],"event_choices":[{"damage_healed":0,"gold_gain":0,"player_choice":"Ignored","damage_taken":0,"max_hp_gain":0,"max_hp_loss":0,"event_name":"Transmorgrifier","floor":3,"gold_loss":0},{"damage_healed":0,"gold_gain":175,"player_choice":"AGREE","damage_taken":0,"max_hp_gain":0,"max_hp_loss":0,"event_name":"Liars Game","floor":10,"gold_loss":0,"cards_obtained":["Doubt"]},{"cards_removed":["Strike_R"],"damage_healed":0,"gold_gain":0,"player_choice":"Purged","damage_taken":0,"max_hp_gain":0,"max_hp_loss":0,"event_name":"Purifier","floor":13,"gold_loss":0},{"damage_healed":0,"gold_gain":0,"player_choice":"Smashed Altar","damage_taken":0,"max_hp_gain":0,"max_hp_loss":0,"event_name":"Forgotten Altar","floor":20,"gold_loss":0,"cards_obtained":["Decay"]},{"damage_healed":0,"gold_gain":0,"player_choice":"Inject Mutagens","damage_taken":0,"relics_obtained":["MutagenicStrength"],"max_hp_gain":0,"max_hp_loss":0,"event_name":"Drug Dealer","floor":22,"gold_loss":0}],"is_beta":false,"boss_relics":[{"not_picked":["Black Star","Runic Pyramid"],"picked":"Cursed Key"}],"items_purged_floors":[11],"is_endless":false,"potions_floor_spawned":[1,2,7,12,14],"killed_by":"Book of Stabbing","ascension_level":5}