{"gold_per_floor":[117,136,154,154,154,182,199,199,225,244,244],"floor_reached":11,"playtime":551,"items_purged":[],"score":86,"play_id":"8c301f6f-6c10-45bb-a6f7-ed2cf2247b8f","local_time":"20190117191010","is_ascension_mode":true,"campfire_choices":[],"neow_cost":"NONE","seed_source_timestamp":571332829282492,"circlet_count":0,"master_deck":["Strike_B","Strike_B","Strike_B","Strike_B","Defend_B","Defend_B","Defend_B","Zap","Dualcast","Coolheaded+1","Pain"],"relics":["Cracked Core","WarpedTongs","Dream Catcher","PreservedInsect"],"potions_floor_usage":[10,11],"damage_taken":[{"damage":0,"enemies":"Cultist","floor":1,"turns":3},{"damage":8,"enemies":"Small Slimes","floor":2,"turns":2},{"damage":4,"enemies":"2 Louse","floor":3,"turns":2},{"damage":27,"enemies":"3 Sentries","floor":6,"turns":8},{"damage":17,"enemies":"Exordium Thugs","floor":7,"turns":4},{"damage":15,"enemies":"Blue Slaver","floor":10,"turns":6},{"damage":11,"enemies":"Exordium Wildlife","floor":11,"turns":2}],"seed_played":"7489498401322764736","potions_obtained":[{"floor":7,"key":"SkillPotion"},{"floor":10,"key":"Strength Potion"}],"is_trial":false,"path_per_floor":["M","M","M","?","?","E","M","?","T","M","M"],"character_chosen":"DEFECT","items_purchased":[],"campfire_rested":0,"item_purchase_floors":[],"current_hp_per_floor":[75,67,63,63,63,36,19,19,19,4,0],"gold":244,"neow_bonus":"REMOVE_CARD","is_prod":false,"is_daily":false,"chose_seed":false,"campfire_upgraded":0,"win_rate":0,"timestamp":1547777410,"path_taken":["M","M","M","?","?","E","?","?","T","?","M"],"build_version":"2019-01-10","purchased_purges":0,"victory":false,"max_hp_per_floor":[75,75,75,75,75,75,75,75,75,75,75],"card_choices":[{"not_picked":["Conserve Battery","Steam","Doom and Gloom"],"picked":"SKIP","floor":1},{"not_picked":["Turbo","Reprogram","Cold Snap"],"picked":"SKIP","floor":2},{"not_picked":["Ball Lightning","Cold Snap"],"picked":"Coolheaded","floor":3},{"not_picked":["Capacitor","Hologram","Amplify"],"picked":"SKIP","floor":6},{"not_picked":["Beam Cell","Sweeping Beam","Stack"],"picked":"SKIP","floor":7},{"not_picked":["Redo","Stack","Sweeping Beam"],"picked":"SKIP","floor":10}],"player_experience":308725,"relics_obtained":[{"floor":6,"key":"Dream Catcher"},{"floor":9,"key":"PreservedInsect"}],"event_choices":[{"damage_healed":0,"gold_gain":0,"player_choice":"Ignored","damage_taken":0,"max_hp_gain":0,"max_hp_loss":0,"event_name":"Liars Game","floor":4,"gold_loss":0},{"damage_healed":0,"gold_gain":0,"player_choice":"Rummage","damage_taken":0,"relics_obtained":["WarpedTongs"],"max_hp_gain":0,"max_hp_loss":0,"event_name":"Accursed Blacksmith","floor":5,"gold_loss":0,"cards_obtained":["Pain"]},{"damage_healed":0,"gold_gain":0,"player_choice":"Upgraded","damage_taken":0,"max_hp_gain":0,"max_hp_loss":0,"event_name":"Upgrade Shrine","floor":8,"gold_loss":0,"cards_upgraded":["Coolheaded"]}],"is_beta":false,"boss_relics":[],"items_purged_floors":[],"is_endless":false,"potions_floor_spawned":[7,10],"killed_by":"Exordium Wildlife","ascension_level":3}