{"gold_per_floor":[111,111,123,139,12,12,46,46,46,108,183,194,208,221,221,320,320,338,15,15,31,31,31,41,53,53,73,73,83,109,119,119,220,220,233,133,144,163,183,183,215,215,215,215],"floor_reached":44,"playtime":2918,"items_purged":["Strike_R","Dual Wield"],"score":701,"play_id":"ba1a44a7-9d82-43b3-8074-e36a12a4a2d9","local_time":"20190223225245","is_ascension_mode":true,"campfire_choices":[{"data":"Bash","floor":6,"key":"SMITH"},{"data":"Demon Form","floor":8,"key":"SMITH"},{"data":"Armaments","floor":15,"key":"SMITH"},{"data":"1","floor":23,"key":"LIFT"},{"data":"2","floor":32,"key":"LIFT"},{"data":"3","floor":40,"key":"LIFT"}],"neow_cost":"TEN_PERCENT_HP_LOSS","seed_source_timestamp":265117321812605,"circlet_count":0,"master_deck":["Bash+1","Thunderclap","Demon Form+1","Armaments+1","Impervious","Heavy Blade","Limit Break","Headbutt","Power Through","Ghostly Armor","Carnage","Whirlwind","Dark Shackles","Shrug It Off+1","True Grit+1","Impervious","Exhume","Shrug It Off+1","Sentinel+1","Second Wind+1","Madness","Madness"],"relics":["Burning Blood","Question Card","Anchor","Letter Opener","Pandora\u0027s Box","Girya","FossilizedHelix","Coffee Dripper","Shovel","Centennial Puzzle"],"potions_floor_usage":[7,10,10,16,27,27,30,33,41],"damage_taken":[{"damage":8,"enemies":"Small Slimes","floor":1,"turns":3},{"damage":7,"enemies":"2 Louse","floor":3,"turns":3},{"damage":1,"enemies":"Cultist","floor":4,"turns":3},{"damage":32,"enemies":"Gremlin Nob","floor":7,"turns":4},{"damage":18,"enemies":"Lagavulin Event","floor":10,"turns":5},{"damage":2,"enemies":"Large Slime","floor":12,"turns":4},{"damage":0,"enemies":"Blue Slaver","floor":13,"turns":5},{"damage":5,"enemies":"Looter","floor":14,"turns":4},{"damage":14,"enemies":"The Guardian","floor":16,"turns":7},{"damage":28,"enemies":"Shell Parasite","floor":18,"turns":5},{"damage":15,"enemies":"2 Thieves","floor":21,"turns":5},{"damage":1,"enemies":"Snecko","floor":24,"turns":4},{"damage":3,"enemies":"Chosen and Byrds","floor":25,"turns":8},{"damage":0,"enemies":"Centurion and Healer","floor":27,"turns":7},{"damage":3,"enemies":"Snake Plant","floor":29,"turns":6},{"damage":29,"enemies":"Gremlin Leader","floor":30,"turns":7},{"damage":0,"enemies":"Shelled Parasite and Fungi","floor":31,"turns":5},{"damage":0,"enemies":"Champ","floor":33,"turns":14},{"damage":0,"enemies":"Orb Walker","floor":35,"turns":4},{"damage":0,"enemies":"3 Darklings","floor":37,"turns":3},{"damage":0,"enemies":"Maw","floor":38,"turns":7},{"damage":6,"enemies":"Jaw Worm Horde","floor":39,"turns":3},{"damage":51,"enemies":"Reptomancer","floor":41,"turns":11},{"damage":18,"enemies":"Spire Growth","floor":44,"turns":2}],"seed_played":"6409273562991411048","potions_obtained":[{"floor":4,"key":"PowerPotion"},{"floor":7,"key":"Block Potion"},{"floor":12,"key":"PowerPotion"},{"floor":13,"key":"Block Potion"},{"floor":14,"key":"Poison Potion"},{"floor":18,"key":"Poison Potion"},{"floor":25,"key":"PowerPotion"},{"floor":31,"key":"Dexterity Potion"},{"floor":35,"key":"Weak Potion"},{"floor":38,"key":"Fire Potion"}],"is_trial":false,"path_per_floor":["M","?","M","M","$","R","E","R","T","?","?","M","M","M","R","B",null,"M","$","?","M","?","R","M","M","T","M","?","M","E","M","R","B",null,"M","$","M","M","M","R","E","?","T","M"],"character_chosen":"IRONCLAD","items_purchased":["Strength Potion","Girya","Whirlwind"],"campfire_rested":0,"item_purchase_floors":[5,19,19],"current_hp_per_floor":[70,70,69,72,72,72,46,46,46,34,23,27,33,34,34,26,61,39,39,39,30,30,30,35,38,38,44,44,47,24,30,30,36,63,69,69,72,72,72,72,27,18,18,0],"gold":215,"neow_bonus":"REMOVE_TWO","is_prod":false,"is_daily":false,"chose_seed":false,"campfire_upgraded":3,"win_rate":0,"timestamp":1550987565,"path_taken":["M","?","M","M","$","R","E","R","T","?","?","M","M","M","R","BOSS","M","$","?","M","?","R","?","M","T","M","?","M","E","M","R","BOSS","M","$","M","M","M","R","E","?","T","M"],"build_version":"2019-01-23","purchased_purges":2,"victory":false,"max_hp_per_floor":[72,72,72,72,72,72,72,72,72,72,72,72,72,72,72,72,72,72,72,72,72,72,72,72,72,72,72,72,72,72,72,72,72,72,72,72,72,72,72,72,72,72,72,72],"card_choices":[{"not_picked":["Clothesline","Twin Strike"],"picked":"Thunderclap","floor":1},{"not_picked":["Heavy Blade","Sword Boomerang","Warcry"],"picked":"SKIP","floor":3},{"not_picked":["Warcry","Corruption","Twin Strike"],"picked":"SKIP","floor":4},{"not_picked":["Seeing Red","Clothesline"],"picked":"Demon Form","floor":7},{"not_picked":["Cleave","Inflame","Rampage"],"picked":"Armaments","floor":12},{"not_picked":["Clothesline","Intimidate","Armaments"],"picked":"Impervious","floor":13},{"not_picked":["Dual Wield","Hemokinesis","Whirlwind"],"picked":"Heavy Blade","floor":14},{"not_picked":["Berserk","Brutality","Dark Embrace"],"picked":"Limit Break","floor":16},{"not_picked":["Searing Blow","Iron Wave","Clash","Pommel Strike"],"picked":"SKIP","floor":18},{"not_picked":["Shrug It Off","Rupture","Wild Strike+1","Pommel Strike+1"],"picked":"SKIP","floor":21},{"not_picked":["Armaments+1","Havoc","Body Slam+1"],"picked":"Shrug It Off+1","floor":24},{"not_picked":["Intimidate","Juggernaut","Reckless Charge","Sword Boomerang+1"],"picked":"SKIP","floor":25},{"not_picked":["Flex","Blood for Blood+1","Heavy Blade"],"picked":"True Grit+1","floor":27},{"not_picked":["Armaments","Blood for Blood","Cleave+1"],"picked":"Impervious","floor":29},{"not_picked":["Heavy Blade+1","Wild Strike+1","Demon Form","Pommel Strike"],"picked":"SKIP","floor":30},{"not_picked":["Rupture","Wild Strike","Sentinel","Pommel Strike"],"picked":"SKIP","floor":31},{"not_picked":["Dark Embrace","Juggernaut","Bludgeon"],"picked":"Exhume","floor":33},{"not_picked":["Wild Strike+1","Sever Soul+1","Hemokinesis+1"],"picked":"Shrug It Off+1","floor":35},{"not_picked":["Sword Boomerang+1","Body Slam+1","Perfected Strike+1","Havoc"],"picked":"SKIP","floor":37},{"not_picked":["Combust","True Grit","Thunderclap"],"picked":"Sentinel+1","floor":38},{"not_picked":["Perfected Strike+1","Wild Strike","Bludgeon"],"picked":"Second Wind+1","floor":39},{"not_picked":["Body Slam","Inflame+1","Sever Soul","Fire Breathing"],"picked":"SKIP","floor":41}],"player_experience":421365,"relics_obtained":[{"floor":7,"key":"Question Card"},{"floor":9,"key":"Anchor"},{"floor":30,"key":"FossilizedHelix"},{"floor":41,"key":"Shovel"},{"floor":43,"key":"Centennial Puzzle"}],"event_choices":[{"cards_removed":["Strike_R"],"damage_healed":0,"gold_gain":0,"player_choice":"Forget","damage_taken":0,"max_hp_gain":0,"max_hp_loss":0,"event_name":"Living Wall","floor":2,"gold_loss":0},{"damage_healed":0,"gold_gain":0,"player_choice":"Searched \u00272\u0027 times","damage_taken":0,"relics_obtained":["Letter Opener"],"max_hp_gain":0,"max_hp_loss":0,"event_name":"Dead Adventurer","floor":10,"gold_loss":0},{"damage_healed":0,"gold_gain":75,"player_choice":"Gather Gold","damage_taken":11,"max_hp_gain":0,"max_hp_loss":0,"event_name":"World of Goop","floor":11,"gold_loss":0},{"damage_healed":0,"gold_gain":0,"player_choice":"Ignored","damage_taken":0,"max_hp_gain":0,"max_hp_loss":0,"event_name":"Vampires","floor":20,"gold_loss":0},{"damage_healed":0,"gold_gain":0,"player_choice":"1 cards matched","damage_taken":0,"max_hp_gain":0,"max_hp_loss":0,"event_name":"Match and Keep!","floor":22,"gold_loss":0,"cards_obtained":["Dark Shackles"]},{"damage_healed":0,"gold_gain":0,"player_choice":"Embrace Madness","damage_taken":9,"max_hp_gain":0,"max_hp_loss":0,"event_name":"Winding Halls","floor":42,"gold_loss":0,"cards_obtained":["Madness","Madness"]}],"is_beta":false,"boss_relics":[{"not_picked":["Tiny House","Eternal Feather"],"picked":"Pandora\u0027s Box"},{"not_picked":["Runic Cube","Astrolabe"],"picked":"Coffee Dripper"}],"items_purged_floors":[5,36],"is_endless":false,"potions_floor_spawned":[4,7,12,13,14,18,21,25,31,35,38],"killed_by":"Spire Growth","ascension_level":6}