{"gold_per_floor":[16,16,30,30,30,30,51,51,75,75,75,96,119,133,133,253,253,269,289,333,16,16,16,41,60,60,86,86,46,63,63],"floor_reached":31,"playtime":1570,"items_purged":["Strike_R"],"score":380,"play_id":"6f943845-a8ea-48e1-9b65-3b41ece3e084","local_time":"20190330020841","is_ascension_mode":true,"campfire_choices":[{"data":"Defend_R","floor":6,"key":"SMITH"},{"data":"Bash","floor":8,"key":"SMITH"},{"data":"Blood for Blood","floor":10,"key":"SMITH"},{"data":"True Grit","floor":15,"key":"SMITH"},{"data":"Searing Blow","floor":23,"key":"SMITH"},{"floor":28,"key":"REST"}],"neow_cost":"NO_GOLD","seed_source_timestamp":92919217318578,"circlet_count":0,"master_deck":["AscendersBane","Strike_R+1","Strike_R+1","Strike_R+1","Defend_R+1","Defend_R","Bash+1","Blood for Blood+1","Intimidate","Ghostly Armor","Sword Boomerang+1","Shockwave","True Grit+1","Berserk","Searing Blow+1","Armaments","Shrug It Off","Parasite","Metallicize","Regret","Armaments+1","Dual Wield","Sword Boomerang+1"],"relics":["Burning Blood","Bloody Idol","Potion Belt","Cursed Key","Red Mask","OrangePellets","Ornamental Fan","Whetstone"],"potions_floor_usage":[19,20,20,25,27],"damage_taken":[{"damage":7,"enemies":"2 Louse","floor":1,"turns":3},{"damage":12,"enemies":"Jaw Worm","floor":3,"turns":3},{"damage":0,"enemies":"Small Slimes","floor":7,"turns":3},{"damage":2,"enemies":"2 Fungi Beasts","floor":12,"turns":4},{"damage":8,"enemies":"Large Slime","floor":13,"turns":7},{"damage":4,"enemies":"Blue Slaver","floor":14,"turns":4},{"damage":45,"enemies":"Hexaghost","floor":16,"turns":10},{"damage":23,"enemies":"2 Thieves","floor":18,"turns":4},{"damage":28,"enemies":"Shell Parasite","floor":19,"turns":5},{"damage":25,"enemies":"Masked Bandits","floor":20,"turns":6},{"damage":0,"enemies":"Centurion and Healer","floor":25,"turns":8},{"damage":25,"enemies":"Slavers","floor":27,"turns":8},{"damage":16,"enemies":"Shelled Parasite and Fungi","floor":30,"turns":7},{"damage":36,"enemies":"Gremlin Leader","floor":31,"turns":7}],"seed_played":"3497492396645616139","potions_obtained":[{"floor":1,"key":"SpeedPotion"},{"floor":7,"key":"Explosive Potion"},{"floor":18,"key":"Regen Potion"},{"floor":19,"key":"Poison Potion"}],"is_trial":false,"path_per_floor":["M","?","M","$","?","R","M","R","T","R","?","M","M","M","R","B",null,"M","M","?","$","?","R","T","M","T","E","R","$","M","E"],"character_chosen":"IRONCLAD","items_purchased":["Block Potion","OrangePellets","Dual Wield"],"campfire_rested":1,"item_purchase_floors":[21,21,29],"current_hp_per_floor":[71,55,49,49,49,49,55,55,55,55,48,52,50,52,52,13,59,42,34,15,15,15,15,20,31,31,17,39,39,34,0],"gold":63,"neow_bonus":"REMOVE_TWO","is_prod":false,"is_daily":false,"chose_seed":false,"campfire_upgraded":5,"win_rate":0,"timestamp":1553936921,"path_taken":["M","?","M","$","?","R","M","R","T","R","?","M","M","M","R","BOSS","M","M","?","$","?","R","?","M","T","E","R","$","M","E"],"build_version":"2019-01-23","purchased_purges":1,"victory":false,"max_hp_per_floor":[80,80,80,80,74,74,74,74,74,74,74,74,74,74,74,74,74,74,74,74,74,74,74,74,74,74,74,74,74,74,74],"card_choices":[{"not_picked":["Feel No Pain","Seeing Red"],"picked":"Blood for Blood","floor":1},{"not_picked":["Havoc","Fire Breathing"],"picked":"Intimidate","floor":3},{"not_picked":["Clash","Perfected Strike"],"picked":"Ghostly Armor","floor":7},{"not_picked":["Clash","Havoc"],"picked":"Sword Boomerang","floor":12},{"not_picked":["Warcry","Twin Strike"],"picked":"Shockwave","floor":13},{"not_picked":["Immolate","Iron Wave"],"picked":"True Grit","floor":14},{"not_picked":["Reaper","Brutality"],"picked":"Berserk","floor":16},{"not_picked":["Body Slam","Perfected Strike"],"picked":"Searing Blow","floor":18},{"not_picked":["Headbutt","Spot Weakness"],"picked":"Armaments","floor":19},{"not_picked":["Heavy Blade","Perfected Strike+1"],"picked":"Shrug It Off","floor":20},{"not_picked":["Heavy Blade","Rupture+1"],"picked":"Metallicize","floor":25},{"not_picked":["Brutality","Headbutt"],"picked":"Armaments+1","floor":27},{"not_picked":["Armaments","Rupture"],"picked":"Sword Boomerang+1","floor":30}],"player_experience":556369,"relics_obtained":[{"floor":9,"key":"Potion Belt"},{"floor":20,"key":"Red Mask"},{"floor":26,"key":"Ornamental Fan"},{"floor":27,"key":"Whetstone"}],"event_choices":[{"damage_healed":0,"gold_gain":0,"player_choice":"Entered Light","damage_taken":16,"max_hp_gain":0,"max_hp_loss":0,"event_name":"Shining Light","floor":2,"gold_loss":0,"cards_upgraded":["Strike_R","Strike_R"]},{"damage_healed":0,"gold_gain":0,"player_choice":"Lose Max HP","damage_taken":0,"relics_obtained":["Golden Idol"],"max_hp_gain":0,"max_hp_loss":6,"event_name":"Golden Idol","floor":5,"gold_loss":0},{"cards_removed":["Strike_R"],"damage_healed":0,"gold_gain":0,"player_choice":"Card Removal","damage_taken":7,"max_hp_gain":0,"max_hp_loss":0,"event_name":"Golden Wing","floor":11,"gold_loss":0},{"damage_healed":0,"gold_gain":0,"player_choice":"Fought Bandits","damage_taken":0,"max_hp_gain":0,"max_hp_loss":0,"event_name":"Masked Bandits","floor":20,"gold_loss":0},{"damage_healed":0,"gold_gain":0,"player_choice":"Gave Idol","damage_taken":0,"relics_obtained":["Bloody Idol"],"max_hp_gain":0,"max_hp_loss":0,"event_name":"Forgotten Altar","floor":22,"relics_lost":["Golden Idol"],"gold_loss":0}],"is_beta":false,"boss_relics":[{"not_picked":["Tiny House","Runic Dome"],"picked":"Cursed Key"}],"items_purged_floors":[21],"is_endless":false,"potions_floor_spawned":[1,7,18,19],"killed_by":"Gremlin Leader","ascension_level":11}