{"gold_per_floor":[111,122,133,153,172,172,189,201,201,211,211,224,238,256,256,358,408,428,447,462,479,479,494,494,508,508,508,508],"floor_reached":28,"playtime":3638,"items_purged":[],"score":251,"play_id":"9d5120f1-245c-46d8-8afd-310550f105cf","local_time":"20190806215537","is_ascension_mode":false,"campfire_choices":[{"data":"Self Repair","floor":6,"key":"SMITH"},{"data":"Rainbow","floor":15,"key":"SMITH"}],"neow_cost":"NONE","seed_source_timestamp":2254539861442528,"circlet_count":0,"master_deck":["Defend_B","Defend_B","Defend_B","Defend_B","Zap+1","Dualcast","Self Repair+1","Cold Snap","Darkness","Cold Snap","Hello World","Ball Lightning","Ball Lightning","Gash","Rainbow+1","Seek","Heatsinks","Darkness","Amplify","Ball Lightning","Reinforced Body","Gash+1","BootSequence","Skim+1","Bite","Bite","Bite","Bite","Bite","Hello World","White Noise"],"relics":["Cracked Core","Strawberry","Matryoshka","Tiny House","Blood Vial","Nunchaku"],"potions_floor_usage":[7,10,13,16,16,18,19,24,28],"damage_taken":[{"damage":5,"enemies":"Small Slimes","floor":1,"turns":3},{"damage":3,"enemies":"Cultist","floor":2,"turns":5},{"damage":1,"enemies":"Jaw Worm","floor":3,"turns":3},{"damage":8,"enemies":"2 Fungi Beasts","floor":4,"turns":4},{"damage":5,"enemies":"Large Slime","floor":5,"turns":5},{"damage":11,"enemies":"Lots of Slimes","floor":7,"turns":4},{"damage":3,"enemies":"Gremlin Gang","floor":8,"turns":5},{"damage":11,"enemies":"Exordium Wildlife","floor":10,"turns":4},{"damage":5,"enemies":"Large Slime","floor":12,"turns":6},{"damage":0,"enemies":"3 Louse","floor":13,"turns":3},{"damage":10,"enemies":"Gremlin Gang","floor":14,"turns":5},{"damage":18,"enemies":"Slime Boss","floor":16,"turns":10},{"damage":6,"enemies":"Chosen","floor":18,"turns":4},{"damage":41,"enemies":"3 Byrds","floor":19,"turns":5},{"damage":14,"enemies":"Snecko","floor":20,"turns":6},{"damage":31,"enemies":"Centurion and Healer","floor":21,"turns":7},{"damage":12,"enemies":"Chosen and Byrds","floor":23,"turns":8},{"damage":0,"enemies":"Snake Plant","floor":24,"turns":2},{"damage":49,"enemies":"Centurion and Healer","floor":25,"turns":8},{"damage":25,"enemies":"Masked Bandits","floor":28,"turns":3}],"seed_played":"-4969248639666711058","potions_obtained":[{"floor":3,"key":"LiquidBronze"},{"floor":7,"key":"Fire Potion"},{"floor":8,"key":"Weak Potion"},{"floor":12,"key":"Block Potion"},{"floor":13,"key":"SteroidPotion"},{"floor":16,"key":"Strength Potion"},{"floor":17,"key":"Regen Potion"},{"floor":20,"key":"SmokeBomb"},{"floor":23,"key":"Dexterity Potion"}],"is_trial":false,"path_per_floor":["M","M","M","M","M","R","M","M","T","M","?","M","M","M","R","B",null,"M","M","M","M","?","M","M","M","T","?","?"],"character_chosen":"DEFECT","items_purchased":[],"campfire_rested":0,"item_purchase_floors":[],"current_hp_per_floor":[77,81,82,81,82,82,81,82,82,81,81,82,82,82,82,64,87,81,62,58,37,37,47,47,20,20,10,0],"gold":508,"neow_bonus":"RANDOM_COMMON_RELIC","is_prod":false,"is_daily":false,"chose_seed":false,"campfire_upgraded":2,"win_rate":0.0,"timestamp":1565146537,"path_taken":["M","M","M","M","M","R","M","M","T","M","?","M","M","M","R","BOSS","M","M","M","M","?","M","M","M","T","?","?"],"build_version":"2019-07-17","purchased_purges":0,"victory":false,"max_hp_per_floor":[82,82,82,82,82,82,82,82,82,82,82,82,82,82,82,82,87,87,87,87,87,60,60,60,60,60,65,65],"card_choices":[{"not_picked":["Leap","Defragment"],"picked":"Self Repair","floor":1},{"not_picked":["Compile Driver","Barrage"],"picked":"Cold Snap","floor":2},{"not_picked":["Hologram","Beam Cell"],"picked":"Darkness","floor":3},{"not_picked":["Reprogram","Rebound"],"picked":"Cold Snap","floor":4},{"not_picked":["Streamline","Steam"],"picked":"Hello World","floor":5},{"not_picked":["Leap","Hologram"],"picked":"Ball Lightning","floor":7},{"not_picked":["Streamline","Stack"],"picked":"Ball Lightning","floor":8},{"not_picked":["Cold Snap","Barrage"],"picked":"Gash","floor":10},{"not_picked":["Stack","Compile Driver"],"picked":"Seek","floor":12},{"not_picked":["Rebound","Hologram"],"picked":"Heatsinks","floor":13},{"not_picked":["Steam","Hologram"],"picked":"Darkness","floor":14},{"not_picked":["Reboot","Biased Cognition"],"picked":"Amplify","floor":16},{"not_picked":["Reprogram","Steam"],"picked":"Ball Lightning","floor":17},{"not_picked":["Beam Cell","Rebound"],"picked":"Reinforced Body","floor":18},{"not_picked":["Cold Snap","Sweeping Beam"],"picked":"Gash+1","floor":19},{"not_picked":["Conserve Battery","Ball Lightning"],"picked":"BootSequence","floor":20},{"not_picked":["Leap","Barrage+1"],"picked":"Skim+1","floor":21},{"not_picked":["Go for the Eyes","Ball Lightning+1"],"picked":"Hello World","floor":23},{"not_picked":["Steam+1","Auto Shields"],"picked":"White Noise","floor":25}],"player_experience":43743,"relics_obtained":[{"floor":9,"key":"Matryoshka"},{"floor":26,"key":"Blood Vial"},{"floor":26,"key":"Nunchaku"}],"event_choices":[{"damage_healed":0,"gold_gain":0,"player_choice":"1 cards matched","damage_taken":0,"max_hp_gain":0,"max_hp_loss":0,"event_name":"Match and Keep!","floor":11,"gold_loss":0,"cards_obtained":["Rainbow"]},{"damage_healed":0,"gold_gain":0,"player_choice":"1 cards matched","damage_taken":0,"max_hp_gain":0,"max_hp_loss":0,"event_name":"Match and Keep!","floor":11,"gold_loss":0,"cards_obtained":["Rainbow"]},{"damage_healed":0,"gold_gain":0,"player_choice":"Became a vampire","damage_taken":0,"max_hp_gain":0,"max_hp_loss":27,"event_name":"Vampires","floor":22,"gold_loss":0,"cards_obtained":["Bite","Bite","Bite","Bite","Bite"]},{"damage_healed":0,"gold_gain":0,"player_choice":"Shed Blood","damage_taken":15,"max_hp_gain":5,"max_hp_loss":0,"event_name":"Forgotten Altar","floor":27,"gold_loss":0},{"damage_healed":0,"gold_gain":0,"player_choice":"Fought Bandits","damage_taken":0,"max_hp_gain":0,"max_hp_loss":0,"event_name":"Masked Bandits","floor":28,"gold_loss":0}],"is_beta":false,"boss_relics":[{"not_picked":["Fusion Hammer","Cursed Key"],"picked":"Tiny House"}],"items_purged_floors":[],"is_endless":false,"potions_floor_spawned":[3,7,8,12,13,16,20,23,24],"killed_by":"Masked Bandits","ascension_level":0}