{"gold_per_floor":[116,116,45,64,83,111,111,43,43,70,70,81,96,107,107,207,207,219,219],"floor_reached":19,"playtime":826,"items_purged":[],"score":277,"play_id":"f21f6afb-6e17-48cd-a8d8-e65f6bdd44a4","local_time":"20190326071509","is_ascension_mode":true,"campfire_choices":[{"data":"Rampage","floor":7,"key":"SMITH"},{"floor":15,"key":"REST"}],"neow_cost":"NONE","seed_source_timestamp":207657777900625,"circlet_count":0,"master_deck":["AscendersBane","Strike_R","Strike_R","Strike_R","Strike_R","Strike_R","Defend_R","Defend_R","Defend_R","Defend_R","Bash","Sword Boomerang","Feel No Pain","Sword Boomerang","Rampage+1","Pommel Strike","Evolve","Offering","Burning Pact","Decay","Corruption","Iron Wave","Pommel Strike","Barricade","Iron Wave"],"relics":["Burning Blood","NeowsBlessing","Calipers","StoneCalendar","Regal Pillow","Eternal Feather"],"potions_floor_usage":[6,10,16,16,18],"damage_taken":[{"damage":0,"enemies":"Cultist","floor":1,"turns":1},{"damage":0,"enemies":"Small Slimes","floor":4,"turns":1},{"damage":0,"enemies":"2 Louse","floor":5,"turns":1},{"damage":17,"enemies":"Gremlin Nob","floor":6,"turns":4},{"damage":36,"enemies":"3 Sentries","floor":10,"turns":4},{"damage":9,"enemies":"2 Fungi Beasts","floor":12,"turns":3},{"damage":6,"enemies":"Large Slime","floor":13,"turns":4},{"damage":21,"enemies":"Blue Slaver","floor":14,"turns":3},{"damage":26,"enemies":"Slime Boss","floor":16,"turns":8},{"damage":53,"enemies":"Shell Parasite","floor":18,"turns":5},{"damage":25,"enemies":"Spheric Guardian","floor":19,"turns":3}],"seed_played":"-215045135789804258","potions_obtained":[{"floor":4,"key":"AttackPotion"},{"floor":10,"key":"Weak Potion"},{"floor":14,"key":"PowerPotion"},{"floor":16,"key":"SteroidPotion"}],"is_trial":false,"path_per_floor":["M","?","$","M","M","E","R","$","T","E","?","M","M","M","R","B",null,"M","M"],"character_chosen":"IRONCLAD","items_purchased":["Sword Boomerang","AttackPotion","Offering"],"campfire_rested":1,"item_purchase_floors":[3,3,8],"current_hp_per_floor":[78,78,78,80,80,69,69,69,69,39,39,36,36,21,60,40,70,23,0],"gold":219,"neow_bonus":"THREE_ENEMY_KILL","is_prod":false,"is_daily":false,"chose_seed":false,"campfire_upgraded":1,"win_rate":0,"timestamp":1553609709,"path_taken":["M","?","$","?","M","E","R","?","T","E","?","M","M","M","R","BOSS","M","M"],"build_version":"2019-01-23","purchased_purges":0,"victory":false,"max_hp_per_floor":[80,80,80,80,80,80,80,80,80,80,80,80,80,80,80,80,80,80,80],"card_choices":[{"not_picked":["Clash","Body Slam"],"picked":"Sword Boomerang","floor":1},{"not_picked":["Warcry","Dual Wield"],"picked":"Rampage","floor":4},{"not_picked":["Warcry","Cleave"],"picked":"Pommel Strike","floor":5},{"not_picked":["Disarm","Heavy Blade"],"picked":"Evolve","floor":6},{"not_picked":["Sword Boomerang","Sentinel"],"picked":"Burning Pact","floor":10},{"not_picked":["Evolve","Headbutt"],"picked":"Corruption","floor":12},{"not_picked":["Anger","Infernal Blade"],"picked":"Iron Wave","floor":13},{"not_picked":["Feed","Searing Blow"],"picked":"Pommel Strike","floor":14},{"not_picked":["Demon Form","Bludgeon"],"picked":"Barricade","floor":16},{"not_picked":["Searing Blow","Clash"],"picked":"Iron Wave","floor":18}],"player_experience":548431,"relics_obtained":[{"floor":6,"key":"Calipers"},{"floor":9,"key":"StoneCalendar"},{"floor":10,"key":"Regal Pillow"}],"event_choices":[{"damage_healed":0,"gold_gain":0,"player_choice":"1 cards matched","damage_taken":0,"max_hp_gain":0,"max_hp_loss":0,"event_name":"Match and Keep!","floor":2,"gold_loss":0,"cards_obtained":["Feel No Pain"]},{"damage_healed":0,"gold_gain":0,"player_choice":"Cursed","damage_taken":0,"max_hp_gain":0,"max_hp_loss":0,"event_name":"Wheel of Change","floor":11,"gold_loss":0,"cards_obtained":["Decay"]}],"is_beta":false,"boss_relics":[{"not_picked":["Ectoplasm","Runic Dome"],"picked":"Eternal Feather"}],"items_purged_floors":[],"is_endless":false,"potions_floor_spawned":[4,10,14,16],"killed_by":"Spheric Guardian","ascension_level":11}