{"gold_per_floor":[115,190,190,190,64,64,75,86,154,170,183,200,200,210,210,306,306,306],"floor_reached":18,"playtime":1316,"items_purged":[],"score":154,"play_id":"b72ba397-cd3e-4967-876d-dbd5b017ac6b","local_time":"20190806192301","is_ascension_mode":false,"campfire_choices":[{"floor":6,"key":"REST"},{"data":"Rage","floor":15,"key":"SMITH"}],"neow_cost":"NONE","seed_source_timestamp":2247702855900555,"circlet_count":0,"master_deck":["Strike_R","Strike_R+1","Strike_R","Defend_R","Bash","Panacea+1","Intimidate","Dropkick","True Grit","Flex","Clash","Inflame","Rage+1","Metallicize","Infernal Blade","Entrench","Hemokinesis","Whirlwind","Barricade","Demon Form+1","Second Wind+1","Inflame+1"],"relics":["Burning Blood","Kunai","Astrolabe"],"potions_floor_usage":[10,12],"damage_taken":[{"damage":5,"enemies":"Jaw Worm","floor":1,"turns":4},{"damage":0,"enemies":"2 Louse","floor":7,"turns":2},{"damage":0,"enemies":"Small Slimes","floor":8,"turns":3},{"damage":3,"enemies":"Gremlin Gang","floor":10,"turns":5},{"damage":1,"enemies":"Lots of Slimes","floor":11,"turns":4},{"damage":3,"enemies":"Blue Slaver","floor":12,"turns":3},{"damage":16,"enemies":"3 Louse","floor":14,"turns":4},{"damage":61,"enemies":"The Guardian","floor":16,"turns":9},{"damage":0,"enemies":"3 Byrds","floor":18,"turns":2}],"seed_played":"4147369604407659507","potions_obtained":[{"floor":7,"key":"Block Potion"},{"floor":8,"key":"Fire Potion"},{"floor":14,"key":"BloodPotion"}],"is_trial":false,"path_per_floor":["M","?","?","?","$","R","M","M","T","M","M","M","?","M","R","B",null,"M"],"character_chosen":"IRONCLAD","items_purchased":["True Grit","Flex","Clash"],"campfire_rested":1,"item_purchase_floors":[5,5,5],"current_hp_per_floor":[80,69,53,53,53,77,80,80,80,80,80,80,80,70,70,15,80,80],"gold":306,"neow_bonus":"RANDOM_COLORLESS","is_prod":false,"is_daily":false,"chose_seed":false,"campfire_upgraded":1,"win_rate":0.0,"timestamp":1565137381,"path_taken":["M","?","?","?","$","R","M","M","T","M","M","M","?","M","R","BOSS","M"],"build_version":"2019-07-17","purchased_purges":0,"victory":false,"max_hp_per_floor":[80,80,80,80,80,80,80,80,80,80,80,80,80,80,80,80,80,80],"card_choices":[{"not_picked":["Clothesline","Body Slam"],"picked":"Intimidate","floor":1},{"not_picked":["Whirlwind","Shrug It Off"],"picked":"Inflame","floor":7},{"not_picked":["Anger","Bloodletting"],"picked":"Rage","floor":8},{"not_picked":["True Grit","Perfected Strike"],"picked":"Metallicize","floor":10},{"not_picked":["Clothesline","Headbutt"],"picked":"Infernal Blade","floor":11},{"not_picked":["Clothesline","Hemokinesis"],"picked":"Entrench","floor":12},{"not_picked":["Warcry","Clothesline"],"picked":"Whirlwind","floor":14},{"not_picked":["Bludgeon","Juggernaut"],"picked":"Barricade","floor":16}],"player_experience":37046,"relics_obtained":[{"floor":9,"key":"Kunai"}],"event_choices":[{"damage_healed":0,"gold_gain":75,"player_choice":"Gather Gold","damage_taken":11,"max_hp_gain":0,"max_hp_loss":0,"event_name":"World of Goop","floor":2,"gold_loss":0},{"damage_healed":0,"gold_gain":0,"player_choice":"Entered Light","damage_taken":16,"max_hp_gain":0,"max_hp_loss":0,"event_name":"Shining Light","floor":3,"gold_loss":0,"cards_upgraded":["Strike_R","Panacea"]},{"damage_healed":0,"gold_gain":0,"cards_transformed":["Defend_R"],"player_choice":"Change","damage_taken":0,"max_hp_gain":0,"max_hp_loss":0,"event_name":"Living Wall","floor":4,"gold_loss":0,"cards_obtained":["Dropkick"]},{"damage_healed":0,"gold_gain":0,"cards_transformed":["Defend_R"],"player_choice":"Transformed","damage_taken":0,"max_hp_gain":0,"max_hp_loss":0,"event_name":"Transmorgrifier","floor":13,"gold_loss":0,"cards_obtained":["Hemokinesis"]}],"is_beta":false,"boss_relics":[{"not_picked":["Mark of Pain","Philosopher\u0027s Stone"],"picked":"Astrolabe"}],"items_purged_floors":[],"is_endless":false,"potions_floor_spawned":[7,8,14],"killed_by":"3 Byrds","ascension_level":0}