{"gold_per_floor":[119,69,69,88,104,104,130,130,130,159,37,51,51,84,84,187,187,206,206,121,121,30,56,75,86,86,48,64,64,64,64],"floor_reached":31,"playtime":1953,"items_purged":["Strike_G"],"score":312,"play_id":"7c3746ed-9b26-4043-8e8f-56a1b75e47f5","local_time":"20190214201121","is_ascension_mode":true,"campfire_choices":[{"data":"Neutralize","floor":6,"key":"SMITH"},{"floor":8,"key":"REST"},{"data":"Deflect","floor":15,"key":"SMITH"}],"neow_cost":"NONE","seed_source_timestamp":66938542798224,"circlet_count":0,"master_deck":["Defend_G","Defend_G","Defend_G","Defend_G","Survivor","Neutralize+1","Dagger Spray","Heel Hook","Deflect+1","Deadly Poison","Deadly Poison","Unload","Doppelganger","Well Laid Plans","Purity+1","Escape Plan+1","Noxious Fumes","Deflect+1","Phantasmal Killer+1"],"relics":["Ring of the Snake","Strawberry","Unceasing Top","Gremlin Horn","Art of War","Boot","Busted Crown","Toxic Egg 2","Bottled Flame","Singing Bowl"],"potions_floor_usage":[7,10,28],"damage_taken":[{"damage":1,"enemies":"Jaw Worm","floor":1,"turns":6},{"damage":2,"enemies":"2 Louse","floor":4,"turns":3},{"damage":3,"enemies":"Small Slimes","floor":5,"turns":3},{"damage":24,"enemies":"Lagavulin","floor":7,"turns":6},{"damage":29,"enemies":"Gremlin Nob","floor":10,"turns":5},{"damage":1,"enemies":"2 Fungi Beasts","floor":12,"turns":4},{"damage":13,"enemies":"Lagavulin","floor":14,"turns":6},{"damage":27,"enemies":"Hexaghost","floor":16,"turns":10},{"damage":0,"enemies":"3 Byrds","floor":18,"turns":4},{"damage":29,"enemies":"Gremlin Leader","floor":23,"turns":5},{"damage":0,"enemies":"Chosen","floor":24,"turns":5},{"damage":5,"enemies":"Snake Plant","floor":25,"turns":4},{"damage":7,"enemies":"3 Cultists","floor":28,"turns":4},{"damage":27,"enemies":"Cultist and Chosen","floor":31,"turns":4}],"seed_played":"3217124361799405810","potions_obtained":[{"floor":4,"key":"Fire Potion"},{"floor":7,"key":"SkillPotion"},{"floor":14,"key":"FearPotion"},{"floor":16,"key":"Fire Potion"},{"floor":23,"key":"Weak Potion"}],"is_trial":false,"path_per_floor":["M","?","?","M","M","R","E","R","T","E","$","M","?","E","R","B",null,"M","?","?","?","$","E","M","M","T","$","M","?","?","M"],"character_chosen":"THE_SILENT","items_purchased":["Deadly Poison","Purity+1","Noxious Fumes"],"campfire_rested":1,"item_purchase_floors":[11,22,27],"current_hp_per_floor":[76,76,69,67,64,64,40,63,63,34,34,33,58,45,45,18,77,77,63,63,63,63,34,34,29,29,29,24,24,24,0],"gold":64,"neow_bonus":"RANDOM_COMMON_RELIC","is_prod":false,"is_daily":false,"chose_seed":false,"campfire_upgraded":2,"win_rate":0,"timestamp":1550200281,"path_taken":["M","?","?","M","M","R","E","R","T","E","$","?","?","E","R","BOSS","M","?","?","?","$","E","M","M","T","?","?","?","?","M"],"build_version":"2019-01-23","purchased_purges":1,"victory":false,"max_hp_per_floor":[77,77,77,77,77,77,77,77,77,77,77,77,77,77,77,77,77,77,82,82,82,82,82,82,82,82,82,84,84,84,84],"card_choices":[{"not_picked":["Leg Sweep","PiercingWail"],"picked":"Dagger Spray","floor":1},{"not_picked":["Underhanded Strike","Deflect","Sucker Punch"],"picked":"SKIP","floor":4},{"not_picked":["Dash","Backflip"],"picked":"Heel Hook","floor":5},{"not_picked":["Leg Sweep","Riddle With Holes"],"picked":"Deflect","floor":7},{"not_picked":["Phantasmal Killer","Finisher","Poisoned Stab"],"picked":"SKIP","floor":10},{"not_picked":["Poisoned Stab","Acrobatics"],"picked":"Deadly Poison","floor":12},{"not_picked":["Dagger Throw","Backflip"],"picked":"Unload","floor":14},{"not_picked":["A Thousand Cuts","Burst"],"picked":"Doppelganger","floor":16},{"not_picked":["Sucker Punch"],"picked":"SKIP","floor":18},{"not_picked":[],"picked":"Escape Plan+1","floor":23},{"not_picked":["Accuracy"],"picked":"SKIP","floor":24},{"not_picked":["Bane+1"],"picked":"SKIP","floor":25},{"not_picked":["Tactician+1"],"picked":"Singing Bowl","floor":28}],"player_experience":395253,"relics_obtained":[{"floor":7,"key":"Unceasing Top"},{"floor":9,"key":"Gremlin Horn"},{"floor":10,"key":"Art of War"},{"floor":14,"key":"Boot"},{"floor":23,"key":"Bottled Flame"},{"floor":26,"key":"Singing Bowl"}],"event_choices":[{"cards_removed":["Strike_G"],"damage_healed":0,"gold_gain":0,"player_choice":"Card Removal","damage_taken":0,"max_hp_gain":0,"max_hp_loss":0,"event_name":"The Cleric","floor":2,"gold_loss":50},{"cards_removed":["Defend_G"],"damage_healed":0,"gold_gain":0,"player_choice":"Card Removal","damage_taken":7,"max_hp_gain":0,"max_hp_loss":0,"event_name":"Golden Wing","floor":3,"gold_loss":0},{"damage_healed":25,"gold_gain":0,"player_choice":"Banana","damage_taken":0,"max_hp_gain":0,"max_hp_loss":0,"event_name":"Big Fish","floor":13,"gold_loss":0},{"damage_healed":0,"gold_gain":0,"player_choice":"Shed Blood","damage_taken":19,"max_hp_gain":5,"max_hp_loss":0,"event_name":"Forgotten Altar","floor":19,"gold_loss":0},{"damage_healed":0,"gold_gain":0,"player_choice":"Obtained Relic","damage_taken":0,"relics_obtained":["Toxic Egg 2"],"max_hp_gain":0,"max_hp_loss":0,"event_name":"Addict","floor":20,"gold_loss":85},{"damage_healed":0,"gold_gain":0,"player_choice":"Read","damage_taken":0,"max_hp_gain":0,"max_hp_loss":0,"event_name":"The Library","floor":21,"gold_loss":0,"cards_obtained":["Well Laid Plans"]},{"damage_healed":0,"gold_gain":0,"cards_transformed":["Strike_G","Strike_G"],"player_choice":"Became Test Subject","damage_taken":0,"max_hp_gain":0,"max_hp_loss":0,"event_name":"Drug Dealer","floor":29,"gold_loss":0,"cards_obtained":["Deflect","Phantasmal Killer"]},{"cards_removed":["Strike_G"],"damage_healed":0,"gold_gain":0,"player_choice":"Purged","damage_taken":0,"max_hp_gain":0,"max_hp_loss":0,"event_name":"Purifier","floor":30,"gold_loss":0}],"is_beta":false,"boss_relics":[{"not_picked":["Runic Dome","Coffee Dripper"],"picked":"Busted Crown"}],"items_purged_floors":[11],"is_endless":false,"potions_floor_spawned":[4,7,14,16,23],"killed_by":"Cultist and Chosen","ascension_level":3}