{"gold_per_floor":[20,35,35,49,60,91,91,104,104,138,193,222,297,310,310,410,410,422,75,75,85,97,114,114,128,152,167,182,202,202,235,247,362,374,399,425,17,0,12,32,52,86,86,86,116,116,126,138,138,138],"floor_reached":51,"playtime":7368,"items_purged":[],"score":707,"play_id":"96509223-dda3-4d81-8cd7-c7a0a38b5937","local_time":"20190812150539","is_ascension_mode":false,"campfire_choices":[{"floor":7.0,"key":"REST"},{"data":"Buffer","floor":15.0,"key":"SMITH"},{"floor":24.0,"key":"REST"},{"data":"Creative AI","floor":32.0,"key":"SMITH"},{"data":"Apotheosis","floor":44,"key":"SMITH"},{"data":"Parasite","floor":49,"key":"PURGE"}],"neow_cost":"NO_GOLD","seed_source_timestamp":0,"circlet_count":0,"master_deck":["Strike_B","Strike_B","Defend_B","Defend_B","Defend_B","Zap","Dualcast","Buffer+1","Storm","Conserve Battery","Creative AI+1","Leap","Doom and Gloom+1","Cold Snap+1","Chill","Go for the Eyes","Apotheosis+1","Genetic Algorithm","Steam+1","White Noise","Heatsinks+1","Conserve Battery","Auto Shields","Capacitor","Amplify","Aggregate","Defragment","Melter","Streamline+1","Stack","Rebound+1"],"special_seed":0,"relics":["Cracked Core","Bird Faced Urn","Regal Pillow","Blood Vial","Question Card","Ornamental Fan","Eternal Feather","Orichalcum","Calipers","Anchor","MawBank","Inserter","Frozen Eye","Whetstone","Red Mask","Peace Pipe","Bottled Lightning","Bottled Flame"],"potions_floor_usage":[41,42,50,50,50,50,50,50],"damage_taken":[{"damage":11.0,"enemies":"Jaw Worm","floor":1.0,"turns":3.0},{"damage":5.0,"enemies":"Small Slimes","floor":2.0,"turns":4.0},{"damage":0.0,"enemies":"Cultist","floor":4.0,"turns":4.0},{"damage":13.0,"enemies":"Exordium Wildlife","floor":5.0,"turns":4.0},{"damage":12.0,"enemies":"Gremlin Nob","floor":6.0,"turns":5.0},{"damage":2.0,"enemies":"Red Slaver","floor":8.0,"turns":4.0},{"damage":10.0,"enemies":"Lagavulin","floor":10.0,"turns":8.0},{"damage":24.0,"enemies":"Lagavulin Event","floor":11.0,"turns":6.0},{"damage":8.0,"enemies":"3 Sentries","floor":12.0,"turns":8.0},{"damage":6.0,"enemies":"Gremlin Gang","floor":14.0,"turns":3.0},{"damage":10.0,"enemies":"The Guardian","floor":16.0,"turns":14.0},{"damage":21.0,"enemies":"Chosen","floor":18.0,"turns":7.0},{"damage":2.0,"enemies":"Shell Parasite","floor":21.0,"turns":9.0},{"damage":48.0,"enemies":"3 Cultists","floor":22.0,"turns":6.0},{"damage":24.0,"enemies":"Shelled Parasite and Fungi","floor":23.0,"turns":7.0},{"damage":7.0,"enemies":"Snecko","floor":25.0,"turns":5.0},{"damage":15.0,"enemies":"Sentry and Sphere","floor":27.0,"turns":8.0},{"damage":19.0,"enemies":"Snake Plant","floor":28.0,"turns":6.0},{"damage":0.0,"enemies":"Snecko","floor":29.0,"turns":6.0},{"damage":9.0,"enemies":"Book of Stabbing","floor":31.0,"turns":8.0},{"damage":47.0,"enemies":"Collector","floor":33.0,"turns":8.0},{"damage":35.0,"enemies":"3 Shapes","floor":35.0,"turns":7.0},{"damage":8.0,"enemies":"Orb Walker","floor":36.0,"turns":7.0},{"damage":12.0,"enemies":"Writhing Mass","floor":39.0,"turns":12.0},{"damage":2.0,"enemies":"3 Darklings","floor":40.0,"turns":8.0},{"damage":19,"enemies":"Jaw Worm Horde","floor":41,"turns":7},{"damage":24,"enemies":"Reptomancer","floor":42,"turns":9},{"damage":8,"enemies":"Nemesis","floor":45,"turns":5},{"damage":6,"enemies":"Maw","floor":47,"turns":9},{"damage":20,"enemies":"4 Shapes","floor":48,"turns":8},{"damage":49,"enemies":"Donu and Deca","floor":50,"turns":15}],"seed_played":"5174214154526951679","potions_obtained":[{"floor":1.0,"key":"Poison Potion"},{"floor":2.0,"key":"LiquidBronze"},{"floor":8.0,"key":"EssenceOfSteel"},{"floor":10.0,"key":"SteroidPotion"},{"floor":14.0,"key":"LiquidBronze"},{"floor":21.0,"key":"Weak Potion"},{"floor":39.0,"key":"EssenceOfSteel"},{"floor":42,"key":"EntropicBrew"},{"floor":45,"key":"Explosive Potion"}],"is_trial":false,"path_per_floor":["M","M","?","M","M","E","R","M","T","E","?","E","?","M","R","B",null,"M","$","?","M","M","M","R","M","T","M","M","M","?","E","R","B",null,"M","M","$","?","M","M","M","E","T","R","E","?","M","M","R","B",null],"character_chosen":"DEFECT","items_purchased":["Orichalcum","Apotheosis","Genetic Algorithm","Frozen Eye","Melter","Whetstone"],"campfire_rested":2,"item_purchase_floors":[19,19,19,37,37,37],"current_hp_per_floor":[64,59,59,59,46,34,56,58,58,66,54,62,55,51,51,59,75,66,66,66,75,35,17,66,73,73,75,60,72,72,68,75,44,75,56,60,60,60,72,75,64,62,62,75,75,75,75,73,72,35],"gold":138,"neow_bonus":"THREE_RARE_CARDS","is_prod":false,"is_daily":false,"chose_seed":false,"campfire_upgraded":3,"win_rate":0.0,"timestamp":1565643939,"path_taken":["M","M","?","M","M","E","R","M","T","E","?","E","?","?","R","BOSS","M","$","?","?","M","M","R","M","T","M","M","?","?","E","R","BOSS","M","M","$","?","M","M","M","E","T","R","E","?","M","M","R","BOSS"],"build_version":"2019-07-17","purchased_purges":0,"victory":true,"max_hp_per_floor":[75,75,75,75,75,75,75,75,75,75,75,75,75,75,75,75,75,75,75,75,75,75,75,75,75,75,75,75,75,75,75,75,75,75,75,75,75,75,75,75,75,75,75,75,75,75,75,75,72,72],"card_choices":[{"not_picked":["Seek","Machine Learning"],"picked":"Buffer","floor":0.0},{"not_picked":["Hologram","Sweeping Beam"],"picked":"Storm","floor":1.0},{"not_picked":["Ball Lightning","Force Field"],"picked":"Conserve Battery","floor":2.0},{"not_picked":["Ball Lightning","Go for the Eyes"],"picked":"Creative AI","floor":4.0},{"not_picked":["Stack","Heatsinks"],"picked":"Leap","floor":5.0},{"not_picked":["Streamline","Hologram"],"picked":"Doom and Gloom","floor":6.0},{"not_picked":["Skim","Lockon","Stack"],"picked":"SKIP","floor":8.0},{"not_picked":["Barrage","Ball Lightning"],"picked":"Cold Snap","floor":10.0},{"not_picked":["Coolheaded","Undo"],"picked":"Chill","floor":11.0},{"not_picked":["Multi-Cast","Rainbow","Barrage","Redo"],"picked":"SKIP","floor":12.0},{"not_picked":["Leap","Compile Driver","Stack"],"picked":"Go for the Eyes","floor":14.0},{"not_picked":["Cold Snap","Streamline","Steam","Go for the Eyes+1"],"picked":"SKIP","floor":18.0},{"not_picked":["Electrodynamics","Conserve Battery","Consume"],"picked":"Steam+1","floor":21.0},{"not_picked":["Conserve Battery","Cold Snap+1","Coolheaded+1","Gash"],"picked":"SKIP","floor":22.0},{"not_picked":["Rebound","Ball Lightning","Consume","Redo"],"picked":"SKIP","floor":23.0},{"not_picked":["Beam Cell+1","Coolheaded+1","Sweeping Beam"],"picked":"White Noise","floor":25.0},{"not_picked":["Stack","Loop+1","Ball Lightning+1","Coolheaded"],"picked":"SKIP","floor":27.0},{"not_picked":["Glacier","Stack","Barrage","Cold Snap+1"],"picked":"SKIP","floor":28.0},{"not_picked":["Fission","Static Discharge+1","Cold Snap"],"picked":"Heatsinks+1","floor":29.0},{"not_picked":["Buffer","Darkness","Defragment"],"picked":"Capacitor","floor":31.0},{"not_picked":["Electrodynamics","Biased Cognition","Multi-Cast"],"picked":"Amplify","floor":33.0},{"not_picked":["Chill+1","Chaos+1","Steam"],"picked":"Aggregate","floor":35.0},{"not_picked":["Rebound+1","Streamline","Capacitor+1"],"picked":"Defragment","floor":36.0},{"not_picked":["Gash+1","Capacitor","FTL+1","Leap+1"],"picked":"SKIP","floor":39.0},{"not_picked":["Ball Lightning+1","Redo+1","Lockon"],"picked":"Streamline+1","floor":40.0},{"not_picked":["Conserve Battery+1","Scrape","Redo","Sweeping Beam+1"],"picked":"SKIP","floor":41},{"not_picked":["Hello World","Static Discharge+1","Machine Learning","Capacitor"],"picked":"SKIP","floor":42},{"not_picked":["Steam","Storm","Cold Snap","Redo"],"picked":"SKIP","floor":45},{"not_picked":["Go for the Eyes","Undo","Loop+1","Conserve Battery+1"],"picked":"SKIP","floor":47},{"not_picked":["Conserve Battery","Capacitor","Auto Shields"],"picked":"Rebound+1","floor":48}],"player_experience":58941,"relics_obtained":[{"floor":6.0,"key":"Bird Faced Urn"},{"floor":9.0,"key":"Regal Pillow"},{"floor":10.0,"key":"Blood Vial"},{"floor":11.0,"key":"Question Card"},{"floor":12.0,"key":"Ornamental Fan"},{"floor":26.0,"key":"Anchor"},{"floor":31.0,"key":"MawBank"},{"floor":42,"key":"Peace Pipe"},{"floor":43,"key":"Bottled Lightning"},{"floor":45,"key":"Bottled Flame"}],"event_choices":[{"damage_healed":0.0,"max_hp_gain":0.0,"max_hp_loss":0.0,"gold_gain":0.0,"event_name":"Golden Wing","player_choice":"Ignored","floor":3.0,"gold_loss":0.0,"damage_taken":0.0},{"damage_healed":0.0,"max_hp_gain":0.0,"max_hp_loss":0.0,"gold_gain":0.0,"event_name":"Dead Adventurer","player_choice":"Searched \u00272\u0027 times","floor":11.0,"gold_loss":0.0,"damage_taken":0.0},{"damage_healed":0.0,"max_hp_gain":0.0,"max_hp_loss":0.0,"gold_gain":75.0,"event_name":"FaceTrader","player_choice":"Touch","floor":13.0,"gold_loss":0.0,"damage_taken":7.0},{"damage_healed":0.0,"max_hp_gain":0.0,"max_hp_loss":0.0,"gold_gain":0.0,"event_name":"WeMeetAgain","player_choice":"Gave Potion","floor":20.0,"gold_loss":0.0,"damage_taken":0.0,"relics_obtained":["Calipers"]},{"damage_healed":0.0,"max_hp_gain":0.0,"max_hp_loss":0.0,"gold_gain":0.0,"cards_transformed":["Strike_B","Defend_B"],"event_name":"Drug Dealer","player_choice":"Became Test Subject","floor":30.0,"gold_loss":0.0,"damage_taken":0.0,"cards_obtained":["Conserve Battery","Auto Shields"]},{"damage_healed":0.0,"max_hp_gain":0.0,"max_hp_loss":0.0,"gold_gain":0.0,"event_name":"Tomb of Lord Red Mask","player_choice":"Paid","floor":38.0,"gold_loss":17.0,"damage_taken":0.0,"relics_obtained":["Red Mask"]},{"damage_healed":0,"gold_gain":0,"cards_transformed":["Strike_B"],"player_choice":"Transformed","damage_taken":0,"max_hp_gain":0,"max_hp_loss":0,"event_name":"Transmorgrifier","floor":46,"gold_loss":0,"cards_obtained":["Stack"]}],"is_beta":false,"boss_relics":[{"not_picked":["Ectoplasm","Astrolabe"],"picked":"Eternal Feather"},{"not_picked":["Busted Crown","Orrery"],"picked":"Inserter"}],"items_purged_floors":[],"is_endless":false,"potions_floor_spawned":[1,2,8,10,14,16,21,22,25,39,40,42,45],"ascension_level":0}