{"path_per_floor":["M","?","M","?","$","E","?","R","T","R","M","R","M","?","R","B",null,"M","$","?","?","M","R","M","R","T","?","M","M","?","?","R"],"character_chosen":"DEFECT","items_purchased":["Lee\u0027s Waffle","Scrape","Axe Kick","Juzu Bracelet"],"gold_per_floor":[119,194,211,211,21,55,55,55,82,82,92,92,110,110,110,212,242,252,22,22,22,34,34,52,52,75,108,122,134,49,49,49,49],"floor_reached":33,"campfire_rested":4,"playtime":902,"current_hp_per_floor":[43,32,26,26,96,66,63,63,70,70,70,70,66,45,75,34,91,76,76,76,54,40,73,68,101,101,97,75,56,56,56,89,0],"items_purged":[],"gold":49,"score":354,"play_id":"77c89a34-08da-46e3-9553-4dc5113f4e12","local_time":"20180511124647","is_prod":false,"is_daily":false,"chose_seed":false,"is_ascension_mode":true,"campfire_upgraded":3,"timestamp":1526035607,"path_taken":["M","?","M","?","?","E","?","R","T","R","M","R","?","?","R","BOSS","M","$","?","?","M","R","M","R","T","?","M","M","?","?","R","BOSS"],"build_version":"2018-05-10","seed_source_timestamp":2851020287832851,"purchased_purges":0,"victory":false,"master_deck":["Strike_B","Strike_B+1","Strike_B","Strike_B+1","Defend_B","Defend_B","Defend_B+1","Defend_B","Zap+1","Dualcast+1","Beam Cell+1","Beam Cell","Axe Kick+1","Scrape","Axe Kick+1","Beam Cell"],"max_hp_per_floor":[89,89,89,89,96,96,96,96,103,103,103,103,103,103,103,103,108,108,108,108,113,113,113,113,113,113,113,113,113,113,113,113,113],"relics":["Cracked Core","Lee\u0027s Waffle","Bottled Flame","Bag of Preparation","Strawberry","Tiny House","Juzu Bracelet","Blood Vial","Red Mask","DataDisk"],"card_choices":[{"not_picked":["Consume","Chill"],"picked":"Beam Cell","floor":3},{"not_picked":["Lockon","Loop"],"picked":"Beam Cell","floor":6},{"not_picked":["Cold Snap","Go for the Eyes"],"picked":"Axe Kick","floor":11},{"not_picked":["Capacitor","Sunder"],"picked":"Beam Cell","floor":22}],"player_experience":431604,"potions_floor_usage":[16,16,24,24],"damage_taken":[{"damage":2,"enemies":"2 Louse","floor":1,"turns":2},{"damage":6,"enemies":"Jaw Worm","floor":3,"turns":4},{"damage":30,"enemies":"3 Sentries","floor":6,"turns":8},{"damage":0,"enemies":"Cultist","floor":11,"turns":2},{"damage":4,"enemies":"2 Fungi Beasts","floor":13,"turns":2},{"damage":41,"enemies":"Hexaghost","floor":16,"turns":6},{"damage":15,"enemies":"2 Thieves","floor":18,"turns":3},{"damage":14,"enemies":"Shell Parasite","floor":22,"turns":3},{"damage":12,"enemies":"Chosen and Byrds","floor":24,"turns":5},{"damage":6,"enemies":"Masked Bandits","floor":27,"turns":3},{"damage":24,"enemies":"Snake Plant","floor":28,"turns":3},{"damage":21,"enemies":"3 Cultists","floor":29,"turns":5},{"damage":104,"enemies":"Champ","floor":33,"turns":8}],"event_choices":[{"event_name":"World of Goop","player_choice":"Gather Gold","floor":2,"damage_taken":0},{"event_name":"Accursed Blacksmith","player_choice":"Forge","floor":4,"damage_taken":0},{"event_name":"Scrap Ooze","player_choice":"success","floor":7,"damage_taken":3},{"event_name":"Shining Light","player_choice":"Entered Light","floor":14,"damage_taken":0},{"event_name":"Ghosts","player_choice":"Ignored","floor":20,"damage_taken":0},{"event_name":"Forgotten Altar","player_choice":"Shed Blood","floor":21,"damage_taken":0},{"event_name":"Masked Bandits","player_choice":"Fought over 75 gold","floor":27,"damage_taken":0},{"event_name":"Addict","player_choice":"Obtained Relic","floor":30,"damage_taken":0},{"event_name":"Upgrade Shrine","player_choice":"Upgraded","floor":31,"damage_taken":0}],"boss_relics":[{"not_picked":["Nuclear Battery","Eternal Feather"],"picked":"Tiny House"}],"potions_floor_spawned":[3,6,11,27,28],"seed_played":"-4824667485149747815","killed_by":"Champ","ascension_level":5,"is_trial":false}