{"gold_per_floor":[117,127,302,313,330,330,358,358,358,358,371,390,405,423,423,423],"floor_reached":16,"playtime":1062,"items_purged":[],"score":111,"play_id":"5904ba0b-6eb1-477d-b6f9-caad46e368ef","local_time":"20190706231404","is_ascension_mode":true,"campfire_choices":[{"data":"Iron Wave","floor":6,"key":"SMITH"},{"floor":8,"key":"REST"},{"floor":15,"key":"REST"}],"neow_cost":"NONE","seed_source_timestamp":770977016692158,"circlet_count":0,"master_deck":["Strike_R","Strike_R","Strike_R","Strike_R","Strike_R","Defend_R","Defend_R","Defend_R","Defend_R","Bash","Thunderclap","Doubt","Iron Wave+1","Ghostly Armor","Rage","Seeing Red","Battle Trance"],"relics":["Burning Blood","Blood Vial","Dodecahedron"],"potions_floor_usage":[7,16,16],"damage_taken":[{"damage":0,"enemies":"2 Louse","floor":1,"turns":3},{"damage":10,"enemies":"Cultist","floor":2,"turns":4},{"damage":7,"enemies":"Jaw Worm","floor":4,"turns":5},{"damage":7,"enemies":"Looter","floor":5,"turns":5},{"damage":47,"enemies":"Gremlin Nob","floor":7,"turns":6},{"damage":8,"enemies":"Red Slaver","floor":11,"turns":4},{"damage":27,"enemies":"Large Slime","floor":12,"turns":8},{"damage":0,"enemies":"Looter","floor":13,"turns":4},{"damage":12,"enemies":"3 Louse","floor":14,"turns":3},{"damage":85,"enemies":"Slime Boss","floor":16,"turns":12}],"seed_played":"-383760985543917149","potions_obtained":[{"floor":4,"key":"PowerPotion"},{"floor":5,"key":"GamblersBrew"},{"floor":7,"key":"LiquidBronze"},{"floor":11,"key":"LiquidBronze"}],"is_trial":false,"path_per_floor":["M","M","?","M","M","R","E","R","T","?","M","M","M","M","R","B"],"character_chosen":"IRONCLAD","items_purchased":[],"campfire_rested":2,"item_purchase_floors":[],"current_hp_per_floor":[88,84,84,83,82,82,41,67,67,67,67,48,56,52,78,0],"gold":423,"neow_bonus":"TEN_PERCENT_HP_BONUS","is_prod":false,"is_daily":false,"chose_seed":false,"campfire_upgraded":1,"win_rate":0,"timestamp":1562451244,"path_taken":["M","M","?","M","M","R","E","R","T","?","M","M","M","?","R","BOSS"],"build_version":"2019-07-05","purchased_purges":0,"victory":false,"max_hp_per_floor":[88,88,88,88,88,88,88,88,88,88,88,88,88,88,88,88],"card_choices":[{"not_picked":["Second Wind","Havoc"],"picked":"Thunderclap","floor":1},{"not_picked":["Havoc","True Grit","Dual Wield"],"picked":"SKIP","floor":2},{"not_picked":["Body Slam","Corruption"],"picked":"Iron Wave","floor":4},{"not_picked":["Rupture","Cleave"],"picked":"Ghostly Armor","floor":5},{"not_picked":["Sword Boomerang","Hemokinesis","Bloodletting"],"picked":"SKIP","floor":7},{"not_picked":["Dual Wield","Havoc"],"picked":"Rage","floor":11},{"not_picked":["Twin Strike","Fire Breathing","Thunderclap"],"picked":"SKIP","floor":12},{"not_picked":["Warcry","Twin Strike"],"picked":"Seeing Red","floor":13},{"not_picked":["Iron Wave","Body Slam"],"picked":"Battle Trance","floor":14}],"player_experience":47250,"relics_obtained":[{"floor":7,"key":"Blood Vial"},{"floor":9,"key":"Dodecahedron"}],"event_choices":[{"damage_healed":0,"gold_gain":175,"player_choice":"AGREE","damage_taken":0,"max_hp_gain":0,"max_hp_loss":0,"event_name":"Liars Game","floor":3,"gold_loss":0,"cards_obtained":["Doubt"]},{"damage_healed":0,"gold_gain":0,"player_choice":"Bought 0 Potions","damage_taken":0,"max_hp_gain":0,"max_hp_loss":0,"event_name":"The Woman in Blue","floor":10,"gold_loss":0}],"is_beta":false,"boss_relics":[],"items_purged_floors":[],"is_endless":false,"potions_floor_spawned":[4,5,7,11,13,14],"killed_by":"Slime Boss","ascension_level":1}