{"gold_per_floor":[115,115,290,565,583,616,641,677,677,695,695],"floor_reached":11,"playtime":499,"items_purged":[],"score":113,"play_id":"7d6ef69d-5474-4f95-b997-7c0f0b09fae9","local_time":"20181230232008","is_ascension_mode":true,"campfire_choices":[],"neow_cost":"NONE","seed_source_timestamp":49870163204468,"circlet_count":0,"master_deck":["Defend_G","Defend_G","Defend_G","Defend_G","Defend_G","Strike_G","Strike_G","Strike_G","Strike_G","Strike_G","Survivor","Neutralize","Well Laid Plans","Doubt","Regret","Acrobatics","Noxious Fumes","Blade Dance","Bullet Time"],"relics":["Ring of the Snake","NeowsBlessing","Golden Idol","Art of War","Turnip","The Courier"],"potions_floor_usage":[8,8,11],"damage_taken":[{"damage":0,"enemies":"Small Slimes","floor":1,"turns":1},{"damage":0,"enemies":"2 Louse","floor":5,"turns":1},{"damage":0,"enemies":"3 Sentries","floor":6,"turns":1},{"damage":7,"enemies":"Cultist","floor":7,"turns":4},{"damage":13,"enemies":"Lagavulin","floor":8,"turns":12},{"damage":20,"enemies":"Large Slime","floor":10,"turns":8},{"damage":20,"enemies":"Exordium Thugs","floor":11,"turns":4}],"seed_played":"8032823401069478268","potions_obtained":[{"floor":1,"key":"Dexterity Potion"},{"floor":7,"key":"EssenceOfSteel"},{"floor":10,"key":"PowerPotion"}],"is_trial":false,"path_per_floor":["M","?","?","?","M","E","M","E","T","M","M"],"character_chosen":"THE_SILENT","items_purchased":[],"campfire_rested":0,"item_purchase_floors":[],"current_hp_per_floor":[70,53,53,53,53,53,46,33,33,13,0],"gold":695,"neow_bonus":"THREE_ENEMY_KILL","is_prod":false,"is_daily":false,"chose_seed":false,"campfire_upgraded":0,"win_rate":0,"timestamp":1546237208,"path_taken":["M","?","?","?","?","E","M","E","T","M","M"],"build_version":"2018-12-20","purchased_purges":0,"victory":false,"max_hp_per_floor":[70,70,70,70,70,70,70,70,70,70,70],"card_choices":[{"not_picked":["Slice","Prepared"],"picked":"Well Laid Plans","floor":1},{"not_picked":["Backflip","Bane"],"picked":"Acrobatics","floor":5},{"not_picked":["Underhanded Strike","Predator","Quick Slash"],"picked":"SKIP","floor":6},{"not_picked":["Prepared","Sucker Punch"],"picked":"Noxious Fumes","floor":7},{"not_picked":["Sucker Punch","PiercingWail"],"picked":"Blade Dance","floor":8},{"not_picked":["Prepared","PiercingWail"],"picked":"Bullet Time","floor":10}],"player_experience":217143,"relics_obtained":[{"floor":6,"key":"Art of War"},{"floor":8,"key":"Turnip"},{"floor":9,"key":"The Courier"}],"event_choices":[{"damage_healed":0,"gold_gain":0,"player_choice":"Take Damage","damage_taken":17,"relics_obtained":["Golden Idol"],"max_hp_gain":0,"max_hp_loss":0,"event_name":"Golden Idol","floor":2,"gold_loss":0},{"damage_healed":0,"gold_gain":175,"player_choice":"AGREE","damage_taken":0,"max_hp_gain":0,"max_hp_loss":0,"event_name":"Liars Game","floor":3,"gold_loss":0,"cards_obtained":["Doubt"]},{"damage_healed":0,"gold_gain":275,"player_choice":"Desecrate","damage_taken":0,"max_hp_gain":0,"max_hp_loss":0,"event_name":"Golden Shrine","floor":4,"gold_loss":0,"cards_obtained":["Regret"]}],"is_beta":false,"boss_relics":[],"items_purged_floors":[],"is_endless":false,"potions_floor_spawned":[1,7,10],"killed_by":"Exordium Thugs","ascension_level":1}