{"gold_per_floor":[117,77,91,106,125,150,150,475,475,490,508,508,520,100,100,204,204,220,145,164,64,64,64,92,92,92,123,133,133,146,27,27,122,122,135,10,22,22,0,0,0,28,80,80,180,193,45,45,45,45,45,45,45,77,77],"floor_reached":55,"playtime":3569,"items_purged":["Strike_R","Strike_R","Strike_R"],"score":1289,"play_id":"893dce5c-cf68-4a44-aee5-e16f95a70efd","local_time":"20190228232646","is_ascension_mode":true,"campfire_choices":[{"data":"Fiend Fire","floor":7,"key":"SMITH"},{"data":"Pommel Strike","floor":15,"key":"SMITH"},{"floor":23,"key":"REST"},{"data":"Rage","floor":25,"key":"SMITH"},{"data":"Corruption","floor":32,"key":"SMITH"},{"data":"Pommel Strike","floor":40,"key":"SMITH"},{"floor":44,"key":"RECALL"},{"data":"Burning Pact","floor":49,"key":"SMITH"},{"data":"Evolve","floor":52,"key":"SMITH"}],"neow_cost":"PERCENT_DAMAGE","seed_source_timestamp":698548360737436,"circlet_count":0,"master_deck":["Strike_R","Defend_R","Defend_R","Defend_R","Defend_R","Bash","Evolve+1","Pommel Strike+1","Seeing Red","Fiend Fire+1","Pommel Strike+1","Rage+1","Shrug It Off","Burning Pact+1","Deep Breath","Juggernaut","Feel No Pain","Ghostly","Ghostly","Ghostly","Ghostly","Ghostly","Corruption+1","Deep Breath","Madness","Madness","Fire Breathing"],"relics":["Burning Blood","FossilizedHelix","Sundial","Old Coin","Thread and Needle","Mummified Hand","Black Star","Enchiridion","Ginger","Question Card","Singing Bowl","Ice Cream","Lizard Tail","Red Mask","Gremlin Horn","Juzu Bracelet","Art of War","Turnip","Bag of Preparation","Bottled Flame","Blue Candle"],"potions_floor_usage":[6,8,11,16,20,28,55,55,55],"damage_taken":[{"damage":7,"enemies":"Jaw Worm","floor":1,"turns":5},{"damage":0,"enemies":"Cultist","floor":3,"turns":3},{"damage":0,"enemies":"2 Louse","floor":4,"turns":4},{"damage":0,"enemies":"Red Slaver","floor":5,"turns":2},{"damage":8,"enemies":"Gremlin Nob","floor":6,"turns":4},{"damage":0,"enemies":"Lagavulin","floor":8,"turns":4},{"damage":0,"enemies":"Exordium Thugs","floor":10,"turns":4},{"damage":12,"enemies":"Large Slime","floor":11,"turns":5},{"damage":0,"enemies":"Looter","floor":13,"turns":2},{"damage":43,"enemies":"Hexaghost","floor":16,"turns":8},{"damage":0,"enemies":"Shell Parasite","floor":18,"turns":5},{"damage":38,"enemies":"3 Byrds","floor":20,"turns":6},{"damage":29,"enemies":"Slavers","floor":24,"turns":5},{"damage":0,"enemies":"Book of Stabbing","floor":27,"turns":4},{"damage":27,"enemies":"Sentry and Sphere","floor":28,"turns":6},{"damage":3,"enemies":"Centurion and Healer","floor":30,"turns":5},{"damage":0,"enemies":"Automaton","floor":33,"turns":4},{"damage":0,"enemies":"Orb Walker","floor":35,"turns":5},{"damage":0,"enemies":"3 Darklings","floor":37,"turns":5},{"damage":0,"enemies":"Nemesis","floor":42,"turns":5},{"damage":0,"enemies":"Mind Bloom Boss Battle","floor":45,"turns":4},{"damage":0,"enemies":"Jaw Worm Horde","floor":46,"turns":4},{"damage":0,"enemies":"Awakened One","floor":50,"turns":5},{"damage":0,"enemies":"Shield and Spear","floor":54,"turns":4},{"damage":130,"enemies":"The Heart","floor":55,"turns":8}],"seed_played":"-8985738407999769053","potions_obtained":[{"floor":2,"key":"AttackPotion"},{"floor":2,"key":"Fire Potion"},{"floor":2,"key":"Weak Potion"},{"floor":4,"key":"Regen Potion"},{"floor":8,"key":"Strength Potion"},{"floor":10,"key":"Swift Potion"},{"floor":13,"key":"Poison Potion"},{"floor":16,"key":"Fire Potion"},{"floor":18,"key":"Strength Potion"},{"floor":24,"key":"Poison Potion"},{"floor":30,"key":"BloodPotion"},{"floor":33,"key":"AttackPotion"},{"floor":37,"key":"GamblersBrew"},{"floor":45,"key":"Fire Potion"},{"floor":54,"key":"Fire Potion"}],"is_trial":false,"path_per_floor":["M","?","M","M","M","E","R","E","T","M","M","?","M","$","R","B",null,"M","?","M","$","?","R","E","R","T","E","M","?","M","$","R","B",null,"M","$","M","?","?","R","$","E","T","R","?","M","$","?","R","B",null,"R","$","E","B"],"character_chosen":"IRONCLAD","items_purchased":["Deep Breath","Mummified Hand","Corruption","Deep Breath","Bag of Preparation"],"campfire_rested":1,"item_purchase_floors":[14,14,31,31,47],"current_hp_per_floor":[50,50,56,62,68,78,78,80,80,80,74,74,80,80,80,43,71,77,77,45,45,29,53,30,30,30,38,19,19,24,24,24,32,43,48,48,50,50,50,50,50,52,52,52,54,56,56,49,49,55,56,56,56,56,0],"gold":77,"neow_bonus":"ONE_RARE_RELIC","is_prod":false,"is_daily":false,"chose_seed":false,"campfire_upgraded":7,"win_rate":0,"timestamp":1551421606,"path_taken":["M","?","M","?","M","E","R","E","T","M","M","?","?","$","R","BOSS","M","?","M","$","?","R","E","R","T","E","M","?","M","$","R","BOSS","M","$","M","?","?","R","?","E","T","R","?","M","$","?","R","BOSS","R","$","E","BOSS"],"build_version":"2019-01-23","purchased_purges":3,"victory":false,"max_hp_per_floor":[80,80,80,80,80,80,80,80,80,80,80,80,80,80,80,80,80,80,80,80,80,80,80,80,80,80,82,84,42,44,44,44,46,46,48,48,50,50,50,50,50,52,52,52,54,56,56,56,56,56,56,56,56,56,56],"card_choices":[{"not_picked":["Perfected Strike","Sword Boomerang"],"picked":"Evolve","floor":1},{"not_picked":["Armaments","Wild Strike"],"picked":"Pommel Strike","floor":3},{"not_picked":["Sword Boomerang","Warcry"],"picked":"Seeing Red","floor":4},{"not_picked":["Combust","Cleave"],"picked":"Fiend Fire","floor":5},{"not_picked":["Flame Barrier","Entrench"],"picked":"Pommel Strike","floor":6},{"not_picked":["Uppercut","Carnage"],"picked":"Rage","floor":8},{"not_picked":["Pommel Strike","Shockwave","Perfected Strike"],"picked":"SKIP","floor":10},{"not_picked":["Headbutt","Twin Strike"],"picked":"Demon Form","floor":11},{"not_picked":["Flex","Pummel"],"picked":"Burning Pact","floor":13},{"not_picked":["Double Tap","Impervious"],"picked":"Juggernaut","floor":16},{"not_picked":["Iron Wave+1","Dropkick+1","Armaments"],"picked":"SKIP","floor":18},{"not_picked":["Iron Wave+1","Dropkick+1","Armaments"],"picked":"SKIP","floor":18},{"not_picked":["Searing Blow","Pommel Strike"],"picked":"Feel No Pain","floor":20},{"not_picked":["Spot Weakness","Bloodletting","Shockwave"],"picked":"SKIP","floor":24},{"not_picked":["Sword Boomerang","Infernal Blade","Sentinel","Pommel Strike"],"picked":"Singing Bowl","floor":27},{"not_picked":["Wild Strike","Clash+1","Intimidate","Power Through+1"],"picked":"Singing Bowl","floor":28},{"not_picked":["Entrench","Intimidate","Wild Strike","Metallicize+1"],"picked":"Singing Bowl","floor":30},{"not_picked":["Exhume","Feed","Juggernaut","Bludgeon"],"picked":"Singing Bowl","floor":33},{"not_picked":["Warcry+1","Thunderclap","Flex+1","Sword Boomerang+1"],"picked":"Singing Bowl","floor":35},{"not_picked":["Burning Pact+1","Metallicize","Dual Wield","Pommel Strike"],"picked":"Singing Bowl","floor":37},{"not_picked":["Rupture+1","Immolate","Dropkick","Iron Wave+1"],"picked":"Singing Bowl","floor":42},{"not_picked":["Feel No Pain+1","Heavy Blade","Shrug It Off+1","Dropkick"],"picked":"Singing Bowl","floor":45},{"not_picked":["Twin Strike+1","Sword Boomerang+1","Infernal Blade","Shockwave+1"],"picked":"Singing Bowl","floor":46},{"not_picked":["Headbutt","Anger+1","Body Slam+1"],"picked":"Fire Breathing","floor":54}],"player_experience":445527,"relics_obtained":[{"floor":6,"key":"Sundial"},{"floor":8,"key":"Old Coin"},{"floor":9,"key":"Thread and Needle"},{"floor":22,"key":"Enchiridion"},{"floor":24,"key":"Ginger"},{"floor":24,"key":"Question Card"},{"floor":27,"key":"Singing Bowl"},{"floor":27,"key":"Ice Cream"},{"floor":42,"key":"Gremlin Horn"},{"floor":42,"key":"Juzu Bracelet"},{"floor":43,"key":"Art of War"},{"floor":45,"key":"Turnip"},{"floor":54,"key":"Bottled Flame"},{"floor":54,"key":"Blue Candle"}],"event_choices":[{"damage_healed":0,"gold_gain":0,"player_choice":"Bought 3 Potions","damage_taken":0,"max_hp_gain":0,"max_hp_loss":0,"event_name":"The Woman in Blue","floor":2,"gold_loss":0},{"damage_healed":0,"gold_gain":0,"player_choice":"1 cards matched","damage_taken":0,"max_hp_gain":0,"max_hp_loss":0,"event_name":"Match and Keep!","floor":12,"gold_loss":0,"cards_obtained":["Shrug It Off"]},{"cards_removed":["Strike_R"],"damage_healed":0,"gold_gain":0,"player_choice":"Gave Gold","damage_taken":0,"max_hp_gain":0,"max_hp_loss":0,"event_name":"Beggar","floor":19,"gold_loss":75},{"damage_healed":0,"gold_gain":0,"player_choice":"Obtained Book","damage_taken":16,"max_hp_gain":0,"max_hp_loss":0,"event_name":"Cursed Tome","floor":22,"gold_loss":0},{"damage_healed":0,"gold_gain":0,"player_choice":"Became a Ghost","damage_taken":0,"max_hp_gain":0,"max_hp_loss":42,"event_name":"Ghosts","floor":29,"gold_loss":0,"cards_obtained":["Ghostly","Ghostly","Ghostly","Ghostly","Ghostly"]},{"cards_removed":["Demon Form"],"damage_healed":0,"gold_gain":0,"player_choice":"Removed Power","damage_taken":0,"max_hp_gain":0,"max_hp_loss":0,"event_name":"Falling","floor":38,"gold_loss":0},{"damage_healed":0,"gold_gain":0,"player_choice":"Paid","damage_taken":0,"relics_obtained":["Red Mask"],"max_hp_gain":0,"max_hp_loss":0,"event_name":"Tomb of Lord Red Mask","floor":39,"gold_loss":22},{"damage_healed":0,"gold_gain":0,"player_choice":"Fight","damage_taken":0,"max_hp_gain":0,"max_hp_loss":0,"event_name":"MindBloom","floor":45,"gold_loss":0},{"damage_healed":0,"gold_gain":0,"player_choice":"Embrace Madness","damage_taken":7,"max_hp_gain":0,"max_hp_loss":0,"event_name":"Winding Halls","floor":48,"gold_loss":0,"cards_obtained":["Madness","Madness"]}],"is_beta":false,"boss_relics":[{"not_picked":["Runic Cube","Runic Dome"],"picked":"Black Star"},{"not_picked":["Tiny House","Astrolabe"],"picked":"Lizard Tail"}],"items_purged_floors":[14,21,36],"is_endless":false,"potions_floor_spawned":[4,8,10,13,16,18,24,30,33,37,45,54],"killed_by":"The Heart","ascension_level":7}