{"path_per_floor":["M","?","?","M","$","R","?","E","T","R","E","$","?","E","R","B",null,"M","?","M","$","?","R","?","$","T"],"character_chosen":"DEFECT","items_purchased":["Gash","Gash"],"gold_per_floor":[117,117,87,106,31,31,31,56,56,56,87,3,3,37,37,141,141,141,141,141,11,11,11,11,11,11,11],"floor_reached":27,"campfire_rested":0,"playtime":2040,"current_hp_per_floor":[71,71,71,70,70,70,70,55,55,55,43,43,43,37,37,17,80,68,68,57,57,57,57,57,57,57,0],"items_purged":["Strike_B","Strike_B","Strike_B"],"gold":11,"score":256,"play_id":"782c4733-5d1f-4acf-9356-37fb061fcf58","local_time":"20180508155303","is_prod":false,"is_daily":false,"chose_seed":false,"is_ascension_mode":true,"campfire_upgraded":4,"timestamp":1525787583,"path_taken":["M","?","?","M","?","R","?","E","T","R","E","$","?","E","R","BOSS","M","?","M","$","?","R","?","?","T","E"],"build_version":"2018-05-07","seed_source_timestamp":2601836415344340,"purchased_purges":3,"victory":false,"master_deck":["Defend_B","Defend_B+1","Defend_B+1","Defend_B","Zap+1","Dualcast+1","Go for the Eyes","Streamline+1","Axe Kick","Gash","Zap+1","Gash","Leap","Prime","Prime+1","Gash"],"max_hp_per_floor":[75,75,75,75,75,75,75,75,75,75,75,75,75,75,75,80,80,80,80,80,80,80,80,80,80,80,80],"relics":["Cracked Core","War Paint","Meat on the Bone","Smiling Mask","Darkstone Periapt","Ectoplasm","Lantern"],"card_choices":[{"not_picked":["Axe Kick","Impulse"],"picked":"Go for the Eyes","floor":4},{"not_picked":["Chaos","Chill"],"picked":"Streamline","floor":8},{"not_picked":["Nova","Skim"],"picked":"Axe Kick","floor":11},{"not_picked":["White Noise","Hologram"],"picked":"Leap","floor":14},{"not_picked":["Fusion","Thunder Strike"],"picked":"Prime","floor":16}],"player_experience":385046,"potions_floor_usage":[16,27],"damage_taken":[{"damage":4,"enemies":"Jaw Worm","floor":1,"turns":3},{"damage":1,"enemies":"Cultist","floor":4,"turns":3},{"damage":15,"enemies":"Lagavulin","floor":8,"turns":6},{"damage":12,"enemies":"Gremlin Nob","floor":11,"turns":3},{"damage":18,"enemies":"3 Sentries","floor":14,"turns":5},{"damage":37,"enemies":"Slime Boss","floor":16,"turns":12},{"damage":12,"enemies":"3 Byrds","floor":18,"turns":4},{"damage":11,"enemies":"Shell Parasite","floor":20,"turns":3},{"damage":67,"enemies":"Book of Stabbing","floor":27,"turns":5}],"event_choices":[{"event_name":"Bonfire Elementals","player_choice":"BASIC","floor":2,"damage_taken":0},{"event_name":"The Woman in Blue","player_choice":"Bought 2 Potions","floor":3,"damage_taken":0},{"event_name":"Upgrade Shrine","player_choice":"Upgraded","floor":7,"damage_taken":0},{"event_name":"Match and Keep!","player_choice":"2 cards matched","floor":13,"damage_taken":0},{"event_name":"Duplicator","player_choice":"One dupe","floor":19,"damage_taken":0},{"event_name":"Drug Dealer","player_choice":"Ignored","floor":22,"damage_taken":0},{"event_name":"Ghosts","player_choice":"Ignored","floor":24,"damage_taken":0}],"boss_relics":[{"not_picked":["Runic Dome","Nuclear Battery"],"picked":"Ectoplasm"}],"potions_floor_spawned":[1,4,11,14,18],"seed_played":"-2765847090023974276","killed_by":"Book of Stabbing","ascension_level":3,"is_trial":false}