{"gold_per_floor":[113,113,127,127,22,54,81,93,132,175,187,209,12,29,29,126,126,142,160,192,212,226,226,20,20,20,20,53,53,53,68,68,166,166,210,210],"floor_reached":36,"playtime":3534,"items_purged":["Strike_G"],"score":419,"play_id":"f52d89f2-ff90-43ab-b6a7-8858cb7f9010","local_time":"20181221125027","is_ascension_mode":true,"campfire_choices":[{"floor":8,"key":"REST"},{"data":"Setup","floor":11,"key":"SMITH"},{"data":"Noxious Fumes","floor":15,"key":"SMITH"},{"floor":23,"key":"REST"},{"data":"HandOfGreed","floor":29,"key":"SMITH"},{"floor":32,"key":"REST"}],"neow_cost":"NONE","seed_source_timestamp":182236145522856,"circlet_count":0,"master_deck":["Defend_G","Defend_G","Defend_G+1","Defend_G","Defend_G+1","Strike_G","Strike_G","Survivor","Neutralize+1","Backflip","Well Laid Plans","Heel Hook","Blind","Neutralize","Escape Plan","Infinite Blades","Setup+1","After Image","Heel Hook","Noxious Fumes+1","Catalyst","Night Terror","Dash","Blade Dance","Blur","Terror","HandOfGreed+1","Shame","Catalyst+1","Prepared+1","Doubt","Regret","Decay","Noxious Fumes+1"],"relics":["Ring of the Snake","MawBank","War Paint","Snake Skull","Membership Card","Lizard Tail","Red Mask","Blood Vial","Matryoshka","Frozen Egg 2","Calling Bell","Bag of Marbles","Question Card","Girya"],"potions_floor_usage":[12,16,19,22,31,33,36],"damage_taken":[{"damage":1,"enemies":"2 Louse","floor":1,"turns":2},{"damage":0,"enemies":"Cultist","floor":3,"turns":4},{"damage":51,"enemies":"Gremlin Nob","floor":6,"turns":7},{"damage":0,"enemies":"Small Slimes","floor":7,"turns":5},{"damage":2,"enemies":"Lagavulin","floor":10,"turns":12},{"damage":3,"enemies":"Gremlin Gang","floor":12,"turns":5},{"damage":9,"enemies":"Blue Slaver","floor":14,"turns":5},{"damage":14,"enemies":"The Guardian","floor":16,"turns":10},{"damage":8,"enemies":"Chosen","floor":18,"turns":7},{"damage":4,"enemies":"Shell Parasite","floor":19,"turns":6},{"damage":76,"enemies":"Masked Bandits","floor":20,"turns":7},{"damage":7,"enemies":"Shelled Parasite and Fungi","floor":21,"turns":8},{"damage":2,"enemies":"Snake Plant","floor":22,"turns":8},{"damage":0,"enemies":"Centurion and Healer","floor":28,"turns":10},{"damage":1,"enemies":"3 Cultists","floor":31,"turns":6},{"damage":12,"enemies":"Champ","floor":33,"turns":10},{"damage":41,"enemies":"Orb Walker","floor":35,"turns":6},{"damage":45,"enemies":"2 Orb Walkers","floor":36,"turns":3}],"seed_played":"1356288472444942884","potions_obtained":[{"floor":7,"key":"Explosive Potion"},{"floor":12,"key":"Swift Potion"},{"floor":16,"key":"Block Potion"},{"floor":20,"key":"SpeedPotion"},{"floor":21,"key":"Fire Potion"},{"floor":28,"key":"Poison Potion"},{"floor":31,"key":"AttackPotion"}],"is_trial":false,"path_per_floor":["M","?","M","?","$","E","M","R","T","E","R","M","$","M","R","B",null,"M","M","?","M","M","R","$","?","T","?","M","R","?","M","R","B",null,"M","?"],"character_chosen":"THE_SILENT","items_purchased":["Infinite Blades","Setup","Membership Card","HandOfGreed","Blood Vial"],"campfire_rested":3,"item_purchase_floors":[5,5,13,24,24],"current_hp_per_floor":[69,69,69,69,69,18,18,39,39,37,37,34,34,25,25,11,70,62,58,17,10,8,29,29,16,16,16,18,18,18,19,41,31,75,34,0],"gold":210,"neow_bonus":"UPGRADE_CARD","is_prod":false,"is_daily":false,"chose_seed":false,"campfire_upgraded":3,"win_rate":0,"timestamp":1545421827,"path_taken":["M","?","?","?","$","E","M","R","T","E","R","?","$","M","R","BOSS","M","M","?","M","M","R","$","?","T","?","M","R","?","?","R","BOSS","M","?"],"build_version":"2018-12-20","purchased_purges":1,"victory":false,"max_hp_per_floor":[70,70,70,70,70,70,70,70,70,70,70,70,70,70,70,70,70,70,70,70,70,70,70,70,75,75,75,75,75,75,75,75,75,75,75,75],"card_choices":[{"not_picked":["Bane","Masterful Stab"],"picked":"Backflip","floor":1},{"not_picked":["Predator","Outmaneuver"],"picked":"Heel Hook","floor":3},{"not_picked":["Acrobatics","Storm of Steel"],"picked":"After Image","floor":6},{"not_picked":["Deflect","Footwork"],"picked":"Heel Hook","floor":7},{"not_picked":["Dodge and Roll","Leg Sweep","Dagger Throw"],"picked":"SKIP","floor":10},{"not_picked":["Skewer","Infinite Blades"],"picked":"Noxious Fumes","floor":12},{"not_picked":["Prepared","Deflect"],"picked":"Catalyst","floor":14},{"not_picked":["Venomology","Malaise"],"picked":"Night Terror","floor":16},{"not_picked":["Acrobatics","Endless Agony"],"picked":"Dash","floor":18},{"not_picked":["Flying Knee","PiercingWail+1","Dagger Spray"],"picked":"SKIP","floor":19},{"not_picked":["Cloak And Dagger","Crippling Poison"],"picked":"Blade Dance","floor":20},{"not_picked":["Choke","Tactician"],"picked":"Blur","floor":21},{"not_picked":["Leg Sweep","Dash"],"picked":"Terror","floor":22},{"not_picked":["Quick Slash+1","All Out Attack"],"picked":"Catalyst+1","floor":28},{"not_picked":["Cloak And Dagger","Backflip"],"picked":"Prepared+1","floor":31},{"not_picked":["Slice","Accuracy+1","Cloak And Dagger+1"],"picked":"Noxious Fumes+1","floor":35}],"player_experience":170189,"relics_obtained":[{"floor":6,"key":"MawBank"},{"floor":9,"key":"War Paint"},{"floor":10,"key":"Snake Skull"},{"floor":20,"key":"Red Mask"},{"floor":26,"key":"Matryoshka"},{"floor":34,"key":"Bag of Marbles"},{"floor":34,"key":"Question Card"},{"floor":34,"key":"Girya"}],"event_choices":[{"damage_healed":0,"gold_gain":0,"cards_transformed":["Strike_G"],"player_choice":"Transformed","damage_taken":0,"max_hp_gain":0,"max_hp_loss":0,"event_name":"Transmorgrifier","floor":2,"gold_loss":0,"cards_obtained":["Well Laid Plans"]},{"damage_healed":0,"gold_gain":0,"player_choice":"3 cards matched","damage_taken":0,"max_hp_gain":0,"max_hp_loss":0,"event_name":"Match and Keep!","floor":4,"gold_loss":0,"cards_obtained":["Blind","Neutralize","Escape Plan"]},{"damage_healed":0,"gold_gain":0,"player_choice":"Fought Bandits","damage_taken":0,"max_hp_gain":0,"max_hp_loss":0,"event_name":"Masked Bandits","floor":20,"gold_loss":0},{"damage_healed":0,"gold_gain":0,"player_choice":"Shed Blood","damage_taken":18,"max_hp_gain":5,"max_hp_loss":0,"event_name":"Forgotten Altar","floor":25,"gold_loss":0},{"damage_healed":0,"gold_gain":0,"player_choice":"Stole Relic","damage_taken":0,"relics_obtained":["Frozen Egg 2"],"max_hp_gain":0,"max_hp_loss":0,"event_name":"Addict","floor":27,"gold_loss":0,"cards_obtained":["Shame"]},{"cards_removed":["Strike_G"],"damage_healed":0,"gold_gain":0,"player_choice":"Purged","damage_taken":0,"max_hp_gain":0,"max_hp_loss":0,"event_name":"Purifier","floor":30,"gold_loss":0},{"damage_healed":0,"gold_gain":0,"player_choice":"Fight","damage_taken":0,"max_hp_gain":0,"max_hp_loss":0,"event_name":"Mysterious Sphere","floor":36,"gold_loss":0}],"is_beta":false,"boss_relics":[{"not_picked":["Runic Pyramid","Snecko Eye"],"picked":"Lizard Tail"},{"not_picked":["Pandora\u0027s Box","Fusion Hammer"],"picked":"Calling Bell"}],"items_purged_floors":[24],"is_endless":false,"potions_floor_spawned":[7,12,16,20,21,28,31],"killed_by":"2 Orb Walkers","ascension_level":1}