{"gold_per_floor":[113,132,151,166,12,12,42,42,42,42,52,67,67],"floor_reached":13,"playtime":560,"items_purged":["Strike_R"],"score":104,"play_id":"f46eb6df-59ae-48a9-a369-3a58a1bdb530","local_time":"20181231000355","is_ascension_mode":true,"campfire_choices":[{"data":"Rage","floor":6,"key":"SMITH"}],"neow_cost":"NONE","seed_source_timestamp":52436530228635,"circlet_count":0,"master_deck":["Strike_R","Strike_R","Strike_R","Strike_R","Defend_R","Defend_R","Defend_R","Defend_R","Bash","Whirlwind","Rage+1","True Grit+1","Berserk"],"relics":["Burning Blood","Bottled Flame","Dodecahedron","Toxic Egg 2"],"potions_floor_usage":[13],"damage_taken":[{"damage":13,"enemies":"2 Louse","floor":1,"turns":3},{"damage":3,"enemies":"Small Slimes","floor":2,"turns":4},{"damage":6,"enemies":"Cultist","floor":3,"turns":3},{"damage":26,"enemies":"Exordium Wildlife","floor":4,"turns":6},{"damage":40,"enemies":"Gremlin Nob","floor":7,"turns":5},{"damage":3,"enemies":"3 Louse","floor":11,"turns":3},{"damage":0,"enemies":"2 Fungi Beasts","floor":12,"turns":4},{"damage":31,"enemies":"The Mushroom Lair","floor":13,"turns":3}],"seed_played":"4106445725733731913","potions_obtained":[{"floor":4,"key":"SpeedPotion"},{"floor":7,"key":"Weak Potion"}],"is_trial":false,"path_per_floor":["M","M","M","M","$","R","E","?","T","?","M","M","?"],"character_chosen":"IRONCLAD","items_purchased":["Rage"],"campfire_rested":0,"item_purchase_floors":[5],"current_hp_per_floor":[81,84,84,64,64,64,30,18,18,18,21,27,0],"gold":67,"neow_bonus":"TEN_PERCENT_HP_BONUS","is_prod":false,"is_daily":false,"chose_seed":false,"campfire_upgraded":1,"win_rate":0,"timestamp":1546239835,"path_taken":["M","M","M","M","$","R","E","?","T","?","M","M","?"],"build_version":"2018-12-20","purchased_purges":1,"victory":false,"max_hp_per_floor":[88,88,88,88,88,88,88,88,88,88,88,88,88],"card_choices":[{"not_picked":["Iron Wave","Warcry","Power Through"],"picked":"SKIP","floor":1},{"not_picked":["Sword Boomerang","Clash","Headbutt"],"picked":"SKIP","floor":2},{"not_picked":["Heavy Blade","Twin Strike","Fire Breathing"],"picked":"SKIP","floor":3},{"not_picked":["Armaments","Iron Wave"],"picked":"Whirlwind","floor":4},{"not_picked":["Second Wind","Whirlwind","Body Slam"],"picked":"SKIP","floor":7},{"not_picked":["Havoc+1","Iron Wave"],"picked":"True Grit+1","floor":11},{"not_picked":["Sever Soul","Body Slam"],"picked":"Berserk","floor":12}],"player_experience":219690,"relics_obtained":[{"floor":7,"key":"Bottled Flame"},{"floor":9,"key":"Toxic Egg 2"}],"event_choices":[{"damage_healed":0,"gold_gain":0,"player_choice":"Success","damage_taken":12,"relics_obtained":["Dodecahedron"],"max_hp_gain":0,"max_hp_loss":0,"event_name":"Scrap Ooze","floor":8,"gold_loss":0},{"damage_healed":0,"gold_gain":0,"player_choice":"Searched \u00270\u0027 times","damage_taken":0,"max_hp_gain":0,"max_hp_loss":0,"event_name":"Dead Adventurer","floor":10,"gold_loss":0},{"damage_healed":0,"gold_gain":0,"player_choice":"Fought Mushrooms","damage_taken":0,"max_hp_gain":0,"max_hp_loss":0,"event_name":"Mushrooms","floor":13,"gold_loss":0}],"is_beta":false,"boss_relics":[],"items_purged_floors":[5],"is_endless":false,"potions_floor_spawned":[4,7],"killed_by":"The Mushroom Lair","ascension_level":4}