{"gold_per_floor":[119,119,129,129,129,129,164,164,210,65,76,101,101,201,201,298,298,316,75,93,107,124,124,155,155,155,172,172,172,198,210,210,306,306,323,323,343,356,61,94,94,94],"floor_reached":42,"playtime":2798,"items_purged":["Strike_R"],"score":593,"play_id":"2282c633-3725-4ac3-812a-d27b08b01f3a","local_time":"20190712213811","is_ascension_mode":true,"campfire_choices":[{"data":"Defend_R","floor":6,"key":"SMITH"},{"floor":8,"key":"REST"},{"floor":13,"key":"REST"},{"floor":15,"key":"REST"},{"floor":23,"key":"REST"},{"floor":25,"key":"REST"},{"floor":32,"key":"REST"},{"floor":41,"key":"REST"}],"neow_cost":"NONE","seed_source_timestamp":24785329189766,"circlet_count":0,"master_deck":["Strike_R+1","Strike_R+1","Strike_R+1","Defend_R+1","Defend_R+1","Defend_R+1","Bash","Impervious","Uppercut+1","Rampage+1","Sword Boomerang","Enlightenment","Bludgeon","Shrug It Off","Pommel Strike+1","Inflame","Feel No Pain+1","Disarm+1","Headbutt+1","Blood for Blood","Headbutt","Brutality","Barricade","Reaper","Shame","Injury","Decay","Clothesline+1","Pommel Strike","Warcry+1","Metallicize","Pummel","Burning Pact"],"relics":["Burning Blood","Ancient Tea Set","Oddly Smooth Stone","Velvet Choker","Lantern","Blood Vial","Whetstone","Nloth\u0027s Gift","Orichalcum","Calling Bell","Bag of Preparation","Mummified Hand","Ice Cream","Lee\u0027s Waffle","Frozen Egg 2"],"potions_floor_usage":[7,20,20,22,30,33,40,40],"damage_taken":[{"damage":7,"enemies":"Jaw Worm","floor":1,"turns":4},{"damage":3,"enemies":"Cultist","floor":3,"turns":4},{"damage":37,"enemies":"3 Sentries","floor":7,"turns":9},{"damage":0,"enemies":"2 Louse","floor":11,"turns":2},{"damage":44,"enemies":"Gremlin Nob","floor":12,"turns":5},{"damage":36,"enemies":"Slime Boss","floor":16,"turns":9},{"damage":14,"enemies":"2 Thieves","floor":18,"turns":4},{"damage":0,"enemies":"Spheric Guardian","floor":20,"turns":1},{"damage":28,"enemies":"Cultist and Chosen","floor":21,"turns":6},{"damage":3,"enemies":"Centurion and Healer","floor":22,"turns":4},{"damage":29,"enemies":"Slavers","floor":24,"turns":7},{"damage":9,"enemies":"Snecko","floor":27,"turns":3},{"damage":41,"enemies":"Gremlin Leader","floor":30,"turns":5},{"damage":11,"enemies":"Snake Plant","floor":31,"turns":3},{"damage":58,"enemies":"Champ","floor":33,"turns":10},{"damage":0,"enemies":"Orb Walker","floor":35,"turns":4},{"damage":0,"enemies":"3 Shapes","floor":37,"turns":3},{"damage":29,"enemies":"Transient","floor":38,"turns":5},{"damage":80,"enemies":"Giant Head","floor":40,"turns":9},{"damage":44,"enemies":"Reptomancer","floor":42,"turns":3}],"seed_played":"-4859808913695229943","potions_obtained":[{"floor":1,"key":"Weak Potion"},{"floor":7,"key":"SteroidPotion"},{"floor":18,"key":"GamblersBrew"},{"floor":20,"key":"Strength Potion"},{"floor":21,"key":"Fire Potion"},{"floor":31,"key":"PowerPotion"},{"floor":35,"key":"Poison Potion"},{"floor":37,"key":"PowerPotion"}],"is_trial":false,"path_per_floor":["M","?","M","?","?","R","E","R","T","$","M","E","R","?","R","B",null,"M","$","M","M","M","R","E","R","T","M","?","?","E","M","R","B",null,"M","?","M","M","$","E","R","E"],"character_chosen":"IRONCLAD","items_purchased":["Enlightenment","Lantern","Pommel Strike","Inflame","Lee\u0027s Waffle","Metallicize","Pummel"],"campfire_rested":7,"item_purchase_floors":[10,19,19,19,39,39,39],"current_hp_per_floor":[79,79,80,64,64,64,33,57,57,57,63,25,49,49,73,43,71,63,63,69,47,50,74,51,75,75,74,74,74,41,38,62,12,63,71,71,80,57,87,13,39,0],"gold":94,"neow_bonus":"ONE_RANDOM_RARE_CARD","is_prod":false,"is_daily":false,"chose_seed":false,"campfire_upgraded":1,"win_rate":0,"timestamp":1562963891,"path_taken":["M","?","?","?","?","R","E","R","T","$","M","E","R","?","R","BOSS","M","$","M","?","M","R","E","R","T","M","?","?","E","M","R","BOSS","M","?","M","M","$","E","R","E"],"build_version":"2019-07-05","purchased_purges":1,"victory":false,"max_hp_per_floor":[80,80,80,80,80,80,80,80,80,80,80,80,80,80,80,80,80,80,80,80,80,80,80,80,80,80,80,80,80,80,80,80,80,80,80,80,80,80,87,87,87,87],"card_choices":[{"not_picked":["Twin Strike","Thunderclap"],"picked":"Uppercut","floor":1},{"not_picked":["Clash","Heavy Blade"],"picked":"Rampage","floor":3},{"not_picked":["Anger","Thunderclap"],"picked":"Sword Boomerang","floor":7},{"not_picked":["Anger","Armaments","Hemokinesis"],"picked":"SKIP","floor":11},{"not_picked":["Havoc","Anger","Juggernaut"],"picked":"SKIP","floor":12},{"not_picked":["Berserk","Fiend Fire"],"picked":"Bludgeon","floor":16},{"not_picked":["Flex+1","Heavy Blade+1"],"picked":"Shrug It Off","floor":18},{"not_picked":["Perfected Strike","Bloodletting"],"picked":"Feel No Pain+1","floor":20},{"not_picked":["Infernal Blade","Fire Breathing"],"picked":"Disarm+1","floor":21},{"not_picked":["Impervious","Sever Soul"],"picked":"Headbutt","floor":22},{"not_picked":["Hemokinesis","Heavy Blade"],"picked":"Blood for Blood","floor":24},{"not_picked":["Rage","Flex+1"],"picked":"Headbutt","floor":27},{"not_picked":["Dual Wield","Armaments"],"picked":"Brutality","floor":30},{"not_picked":["Shrug It Off+1","Warcry"],"picked":"Barricade","floor":31},{"not_picked":["Dark Embrace","Immolate"],"picked":"Reaper","floor":33},{"not_picked":["Flex+1","Sword Boomerang"],"picked":"Clothesline+1","floor":35},{"not_picked":["Immolate","Havoc+1"],"picked":"Pommel Strike","floor":37},{"not_picked":["Iron Wave+1","Headbutt+1"],"picked":"Warcry+1","floor":38},{"not_picked":["Thunderclap+1","Barricade"],"picked":"Burning Pact","floor":40}],"player_experience":109372,"relics_obtained":[{"floor":7,"key":"Ancient Tea Set"},{"floor":9,"key":"MawBank"},{"floor":12,"key":"Oddly Smooth Stone"},{"floor":24,"key":"Blood Vial"},{"floor":26,"key":"Whetstone"},{"floor":30,"key":"Orichalcum"},{"floor":34,"key":"Bag of Preparation"},{"floor":34,"key":"Mummified Hand"},{"floor":34,"key":"Ice Cream"},{"floor":40,"key":"Frozen Egg 2"}],"event_choices":[{"cards_removed":["Strike_R"],"damage_healed":0,"gold_gain":0,"player_choice":"Purged","damage_taken":0,"max_hp_gain":0,"max_hp_loss":0,"event_name":"Purifier","floor":2,"gold_loss":0},{"damage_healed":0,"gold_gain":0,"player_choice":"Entered Light","damage_taken":16,"max_hp_gain":0,"max_hp_loss":0,"event_name":"Shining Light","floor":4,"gold_loss":0,"cards_upgraded":["Uppercut","Strike_R"]},{"damage_healed":0,"gold_gain":0,"player_choice":"Grow","damage_taken":0,"max_hp_gain":0,"max_hp_loss":0,"event_name":"Living Wall","floor":5,"gold_loss":0,"cards_upgraded":["Rampage"]},{"damage_healed":0,"gold_gain":100,"player_choice":"Pray","damage_taken":0,"max_hp_gain":0,"max_hp_loss":0,"event_name":"Golden Shrine","floor":14,"gold_loss":0},{"damage_healed":0,"gold_gain":0,"player_choice":"Simplicity","damage_taken":0,"max_hp_gain":0,"max_hp_loss":0,"event_name":"Back to Basics","floor":28,"gold_loss":0,"cards_upgraded":["Strike_R","Strike_R","Defend_R","Defend_R","Defend_R"]},{"damage_healed":0,"gold_gain":0,"player_choice":"Traded Relic","damage_taken":0,"relics_obtained":["Nloth\u0027s Gift"],"max_hp_gain":0,"max_hp_loss":0,"event_name":"N\u0027loth","floor":29,"relics_lost":["MawBank"],"gold_loss":0},{"cards_removed":["Defend_R"],"damage_healed":0,"gold_gain":0,"player_choice":"Removed Skill","damage_taken":0,"max_hp_gain":0,"max_hp_loss":0,"event_name":"Falling","floor":36,"gold_loss":0}],"is_beta":false,"boss_relics":[{"not_picked":["Philosopher\u0027s Stone","Mark of Pain"],"picked":"Velvet Choker"},{"not_picked":["Eternal Feather","Black Blood"],"picked":"Calling Bell"}],"items_purged_floors":[10],"is_endless":false,"potions_floor_spawned":[1,7,18,20,21,31,35,37],"killed_by":"Reptomancer","ascension_level":5}