{"path_per_floor":["M","?","M","?","$","R","E","M","T","E","T","?","$","M","R","B",null,"M","$","M","M","?"],"character_chosen":"DEFECT","items_purchased":["Flash of Steel","Go for the Eyes","Ornamental Fan","Go for the Eyes"],"gold_per_floor":[112,287,302,302,73,73,104,119,119,148,175,205,9,19,19,122,122,142,25,41,51,1,1],"floor_reached":23,"campfire_rested":0,"playtime":820,"current_hp_per_floor":[71,71,71,56,56,56,54,54,54,33,33,33,33,29,29,35,65,39,39,28,18,18,0],"items_purged":["Doubt","Normality"],"gold":1,"score":249,"play_id":"cafa3965-eb5d-40ef-8038-deca6033d99c","local_time":"20180512181003","is_prod":false,"is_daily":false,"chose_seed":false,"is_ascension_mode":true,"campfire_upgraded":2,"timestamp":1526141403,"path_taken":["M","?","M","?","$","R","E","M","T","E","?","?","$","?","R","BOSS","M","$","M","?","?","E"],"build_version":"2018-05-11","seed_source_timestamp":2956902270929453,"purchased_purges":2,"victory":false,"master_deck":["Strike_B","Strike_B","Strike_B","Strike_B","Defend_B","Defend_B","Defend_B+1","Defend_B+1","Zap+1","Dualcast+1","Axe Kick","Beam Cell+1","Flash of Steel","Go for the Eyes","Axe Kick","Machine Learning+1","Beam Cell","Pain","Clumsy","Go for the Eyes+1","Axe Kick+1"],"max_hp_per_floor":[75,75,75,75,75,75,75,75,75,75,75,75,75,75,75,75,75,75,75,75,75,75,75],"relics":["Cracked Core","Letter Opener","The Courier","Pantograph","Pen Nib","War Paint","Ornamental Fan","Calling Bell","Potion Belt","Molten Egg 2","Dead Branch"],"card_choices":[{"not_picked":["Leap","Turbo"],"picked":"Axe Kick","floor":1},{"not_picked":["Turbo","Go for the Eyes"],"picked":"Beam Cell","floor":3},{"not_picked":["Defragment","Aggregate"],"picked":"Axe Kick","floor":7},{"not_picked":["Recycle","Rebound","Capacitor"],"picked":"SKIP","floor":8},{"not_picked":["Cold Snap","Aggregate"],"picked":"Machine Learning","floor":10},{"not_picked":["Lockon","Ball Lightning"],"picked":"Beam Cell","floor":14},{"not_picked":["Barrage+1","Sweeping Beam+1","Tempest"],"picked":"SKIP","floor":18},{"not_picked":["Turbo","Impulse","Electrodynamics"],"picked":"SKIP","floor":20},{"not_picked":["Ball Lightning+1","Coolheaded"],"picked":"Axe Kick+1","floor":21}],"player_experience":440974,"potions_floor_usage":[20,21,21],"damage_taken":[{"damage":4,"enemies":"Jaw Worm","floor":1,"turns":4},{"damage":0,"enemies":"2 Louse","floor":3,"turns":2},{"damage":2,"enemies":"Gremlin Nob","floor":7,"turns":3},{"damage":0,"enemies":"Cultist","floor":8,"turns":2},{"damage":21,"enemies":"Lagavulin","floor":10,"turns":7},{"damage":4,"enemies":"Looter","floor":14,"turns":2},{"damage":19,"enemies":"Slime Boss","floor":16,"turns":8},{"damage":26,"enemies":"Spheric Guardian","floor":18,"turns":5},{"damage":11,"enemies":"Chosen","floor":20,"turns":4},{"damage":10,"enemies":"Snake Plant","floor":21,"turns":4},{"damage":22,"enemies":"Gremlin Leader","floor":23,"turns":7}],"event_choices":[{"event_name":"Liars Game","player_choice":"agreed","floor":2,"damage_taken":0},{"event_name":"Shining Light","player_choice":"Entered Light","floor":4,"damage_taken":0},{"event_name":"Dead Adventurer","player_choice":"Searched \u00273\u0027 times","floor":12,"damage_taken":0},{"event_name":"The Joust","player_choice":"Bet on Owner","floor":22,"damage_taken":0}],"boss_relics":[{"not_picked":["Velvet Choker","Philosopher\u0027s Stone"],"picked":"Calling Bell"}],"potions_floor_spawned":[3,7,14,18],"seed_played":"3595532321113785206","killed_by":"Gremlin Leader","ascension_level":5,"is_trial":false}