{"gold_per_floor":[114,114,33,53,73,73,102,112,112,127,127,138,165,177,177,277,277,258,258,277,3,17,42,42,58,109,109,129,2,2,15,15,118,118,134,151,79,179,190,190,220,220,220,220,220,245,272,283,283,283],"floor_reached":51,"playtime":4158,"items_purged":[],"score":942,"play_id":"2376261e-5c22-4987-9ff2-a197be4de33c","local_time":"20190813162844","is_ascension_mode":true,"campfire_choices":[{"data":"Noxious Fumes","floor":6,"key":"SMITH"},{"data":"After Image","floor":11,"key":"SMITH"},{"floor":15,"key":"REST"},{"floor":27,"key":"REST"},{"floor":30,"key":"REST"},{"data":"Flash of Steel","floor":32,"key":"SMITH"},{"floor":40,"key":"REST"},{"floor":42,"key":"REST"},{"floor":45,"key":"REST"},{"data":"Neutralize","floor":49,"key":"SMITH"}],"neow_cost":"CURSE","seed_source_timestamp":69672034894788,"circlet_count":0,"master_deck":["Survivor+1","Neutralize+1","After Image+1","Cloak And Dagger+1","Neutralize+1","Noxious Fumes+1","Acrobatics","Deadly Poison","Acrobatics","Deflect+1","Backflip+1","Die Die Die","Apotheosis+1","Flash of Steel+1","Slice+1","Outmaneuver+1","Concentrate+1","Noxious Fumes+1","Concentrate+1","Outmaneuver+1","Acrobatics+1","Doppelganger+1","Prepared+1","Envenom","Heel Hook","Poisoned Stab","Dodge and Roll+1","Flechettes","All Out Attack","Dash","Eviscerate","Dagger Spray","Slice","Doppelganger+1","Acrobatics+1","Deflect+1","Tactician+1","Backflip+1"],"relics":["Ring of the Snake","Regal Pillow","Orichalcum","Toxic Egg 2","Runic Pyramid","Boot","Whetstone","Pandora\u0027s Box","Calipers","Mercury Hourglass","Darkstone Periapt","War Paint","PreservedInsect"],"potions_floor_usage":[7,13,13,31,33,33,33,33,36,38,39,41,48],"damage_taken":[{"damage":1,"enemies":"Jaw Worm","floor":1,"turns":5},{"damage":0,"enemies":"Cultist","floor":4,"turns":4},{"damage":1,"enemies":"Small Slimes","floor":5,"turns":4},{"damage":7,"enemies":"Lagavulin","floor":7,"turns":8},{"damage":1,"enemies":"Red Slaver","floor":8,"turns":5},{"damage":0,"enemies":"2 Fungi Beasts","floor":10,"turns":4},{"damage":5,"enemies":"Exordium Thugs","floor":12,"turns":6},{"damage":28,"enemies":"Gremlin Nob","floor":13,"turns":5},{"damage":0,"enemies":"Blue Slaver","floor":14,"turns":5},{"damage":33,"enemies":"Slime Boss","floor":16,"turns":13},{"damage":15,"enemies":"2 Thieves","floor":18,"turns":4},{"damage":9,"enemies":"Chosen","floor":20,"turns":7},{"damage":1,"enemies":"Snake Plant","floor":22,"turns":6},{"damage":22,"enemies":"Book of Stabbing","floor":23,"turns":8},{"damage":0,"enemies":"Centurion and Healer","floor":25,"turns":6},{"damage":7,"enemies":"Cultist and Chosen","floor":28,"turns":8},{"damage":1,"enemies":"Shelled Parasite and Fungi","floor":31,"turns":5},{"damage":22,"enemies":"Champ","floor":33,"turns":10},{"damage":0,"enemies":"Orb Walker","floor":35,"turns":3},{"damage":6,"enemies":"3 Darklings","floor":36,"turns":4},{"damage":11,"enemies":"Mind Bloom Boss Battle","floor":38,"turns":7},{"damage":0,"enemies":"Spire Growth","floor":39,"turns":4},{"damage":45,"enemies":"Reptomancer","floor":41,"turns":5},{"damage":28,"enemies":"4 Shapes","floor":44,"turns":4},{"damage":1,"enemies":"Transient","floor":48,"turns":5},{"damage":30,"enemies":"Time Eater","floor":50,"turns":11}],"seed_played":"-4621626383215187674","potions_obtained":[{"floor":5,"key":"Poison Potion"},{"floor":7,"key":"LiquidBronze"},{"floor":8,"key":"SteroidPotion"},{"floor":10,"key":"Fire Potion"},{"floor":20,"key":"Swift Potion"},{"floor":23,"key":"Block Potion"},{"floor":25,"key":"EntropicBrew"},{"floor":31,"key":"Strength Potion"},{"floor":35,"key":"Block Potion"},{"floor":38,"key":"Energy Potion"},{"floor":39,"key":"Poison Potion"}],"is_trial":false,"path_per_floor":["M","?","$","M","M","R","E","M","T","M","R","M","E","M","R","B",null,"M","?","M","$","M","E","?","M","T","R","M","$","R","M","R","B",null,"M","M","$","?","M","R","E","R","T","M","R","T","T","M","R","B",null],"character_chosen":"THE_SILENT","items_purchased":["Noxious Fumes","Apotheosis+1","Flash of Steel","Concentrate+1","Outmaneuver+1","Doppelganger+1"],"campfire_rested":6,"item_purchase_floors":[3,21,21,29,29,37],"current_hp_per_floor":[62,62,62,62,61,61,54,53,53,53,53,48,20,20,56,23,58,43,43,34,34,33,11,11,11,11,47,40,40,70,69,69,47,64,64,58,58,47,47,70,25,61,61,33,69,69,69,68,68,38],"gold":283,"neow_bonus":"THREE_RARE_CARDS","is_prod":false,"is_daily":false,"chose_seed":false,"campfire_upgraded":4,"win_rate":0,"timestamp":1565728124,"path_taken":["M","?","$","?","M","R","E","M","T","M","R","M","E","M","R","BOSS","M","?","?","$","M","E","?","M","T","R","M","?","R","M","R","BOSS","M","M","$","?","M","R","E","R","T","M","R","?","?","?","R","BOSS"],"build_version":"2019-07-17","purchased_purges":0,"victory":true,"max_hp_per_floor":[70,70,70,70,70,70,70,70,70,70,70,70,70,70,70,70,70,70,70,70,70,70,70,70,70,70,70,70,70,70,70,70,70,70,70,70,70,70,70,70,70,70,70,70,70,70,70,70,70,70],"card_choices":[{"not_picked":["Die Die Die","Glass Knife"],"picked":"After Image","floor":0},{"not_picked":["Flying Knee","Dash","Flechettes"],"picked":"SKIP","floor":1},{"not_picked":["Sucker Punch","Distraction","Prepared"],"picked":"SKIP","floor":4},{"not_picked":["Sucker Punch","Underhanded Strike","Predator"],"picked":"SKIP","floor":5},{"not_picked":["Flechettes","Predator","Eviscerate"],"picked":"SKIP","floor":7},{"not_picked":["Terror","Blade Dance"],"picked":"Acrobatics","floor":8},{"not_picked":["Flechettes","Dagger Spray"],"picked":"Deadly Poison","floor":10},{"not_picked":["Concentrate","Flying Knee"],"picked":"Acrobatics","floor":12},{"not_picked":["Predator","Slice"],"picked":"Deflect","floor":13},{"not_picked":["Deadly Poison+1","Endless Agony"],"picked":"Backflip+1","floor":14},{"not_picked":["Unload","Envenom"],"picked":"Die Die Die","floor":16},{"not_picked":["Sucker Punch","Infinite Blades+1","Bane"],"picked":"SKIP","floor":18},{"not_picked":["Well Laid Plans+1","Acrobatics+1","Bane"],"picked":"SKIP","floor":20},{"not_picked":["Quick Slash","Backflip+1"],"picked":"Slice+1","floor":22},{"not_picked":["Expertise+1","Accuracy"],"picked":"Outmaneuver+1","floor":23},{"not_picked":["Flying Knee","Poisoned Stab+1"],"picked":"Concentrate+1","floor":25},{"not_picked":["Dagger Throw","Prepared+1"],"picked":"Noxious Fumes+1","floor":28},{"not_picked":["Deflect+1","Prepared+1"],"picked":"Acrobatics+1","floor":31},{"not_picked":["Venomology+1","Malaise+1"],"picked":"Doppelganger+1","floor":33},{"not_picked":["Dagger Throw","Backstab"],"picked":"Slice","floor":35},{"not_picked":["Prepared+1","Deadly Poison+1","Riddle With Holes+1"],"picked":"SKIP","floor":36},{"not_picked":["Deadly Poison+1","Cloak And Dagger+1"],"picked":"Acrobatics+1","floor":38},{"not_picked":["Bane+1","Poisoned Stab+1"],"picked":"Deflect+1","floor":39},{"not_picked":["Leg Sweep+1","Dagger Throw+1"],"picked":"Tactician+1","floor":41},{"not_picked":["Cloak And Dagger+1","Flechettes","Distraction+1"],"picked":"SKIP","floor":44},{"not_picked":["Wraith Form v2","Outmaneuver+1"],"picked":"Backflip+1","floor":48}],"player_experience":185000,"relics_obtained":[{"floor":7,"key":"Regal Pillow"},{"floor":9,"key":"Orichalcum"},{"floor":13,"key":"Toxic Egg 2"},{"floor":23,"key":"Boot"},{"floor":26,"key":"Whetstone"},{"floor":38,"key":"Calipers"},{"floor":41,"key":"Mercury Hourglass"},{"floor":43,"key":"Darkstone Periapt"},{"floor":46,"key":"War Paint"},{"floor":47,"key":"PreservedInsect"}],"event_choices":[{"damage_healed":0,"gold_gain":0,"player_choice":"2 cards matched","damage_taken":0,"max_hp_gain":0,"max_hp_loss":0,"event_name":"Match and Keep!","floor":2,"gold_loss":0,"cards_obtained":["Cloak And Dagger","Neutralize"]},{"cards_removed":["Writhe"],"damage_healed":0,"gold_gain":0,"player_choice":"Purged","damage_taken":0,"max_hp_gain":0,"max_hp_loss":0,"event_name":"Purifier","floor":19,"gold_loss":0},{"damage_healed":0,"gold_gain":0,"player_choice":"Forge","damage_taken":0,"max_hp_gain":0,"max_hp_loss":0,"event_name":"Accursed Blacksmith","floor":24,"gold_loss":0,"cards_upgraded":["Neutralize"]},{"damage_healed":0,"gold_gain":0,"player_choice":"Fight","damage_taken":0,"max_hp_gain":0,"max_hp_loss":0,"event_name":"MindBloom","floor":38,"gold_loss":0}],"is_beta":false,"boss_relics":[{"not_picked":["Snecko Eye","HoveringKite"],"picked":"Runic Pyramid"},{"not_picked":["Fusion Hammer","Calling Bell"],"picked":"Pandora\u0027s Box"}],"items_purged_floors":[],"is_endless":false,"potions_floor_spawned":[5,7,8,10,12,20,23,25,31,35,38,39],"ascension_level":6}