{"gold_per_floor":[118,83,83,49,67,67,92,92,92,92,92,106,119,84,84,181,231,248,248,248,258,272,272,187,187,187,187],"floor_reached":27,"playtime":1973,"items_purged":[],"score":314,"play_id":"feb2ac4f-8250-4a15-b7b9-80db45471ca7","local_time":"20190324195459","is_ascension_mode":true,"campfire_choices":[{"data":"Uppercut","floor":6,"key":"SMITH"},{"floor":8,"key":"REST"},{"data":"Armaments","floor":11,"key":"SMITH"},{"data":"Entrench","floor":15,"key":"SMITH"},{"floor":23,"key":"REST"},{"data":"True Grit","floor":25,"key":"SMITH"}],"neow_cost":"PERCENT_DAMAGE","seed_source_timestamp":79290420071036,"circlet_count":0,"master_deck":["AscendersBane","Strike_R","Strike_R","Strike_R","Defend_R","Defend_R","Defend_R","Bash","Burning Pact+1","Feel No Pain","Uppercut+1","Armaments+1","Iron Wave","Entrench+1","Offering+1","Iron Wave","Flame Barrier+1","RitualDagger","Whirlwind","True Grit+1"],"relics":["Burning Blood","Mummified Hand","Bottled Flame","Tiny House","War Paint","Bottled Lightning"],"potions_floor_usage":[16,18,27],"damage_taken":[{"damage":7,"enemies":"Jaw Worm","floor":1,"turns":3},{"damage":14,"enemies":"Cultist","floor":5,"turns":5},{"damage":41,"enemies":"Lagavulin","floor":7,"turns":8},{"damage":3,"enemies":"2 Louse","floor":12,"turns":3},{"damage":9,"enemies":"Exordium Thugs","floor":13,"turns":5},{"damage":38,"enemies":"The Guardian","floor":16,"turns":17},{"damage":22,"enemies":"2 Thieves","floor":18,"turns":5},{"damage":11,"enemies":"Shell Parasite","floor":21,"turns":9},{"damage":35,"enemies":"Shelled Parasite and Fungi","floor":22,"turns":14},{"damage":47,"enemies":"Gremlin Leader","floor":27,"turns":4}],"seed_played":"2288818217585476029","potions_obtained":[{"floor":7,"key":"Swift Potion"},{"floor":12,"key":"SteroidPotion"},{"floor":13,"key":"BloodPotion"},{"floor":17,"key":"Explosive Potion"},{"floor":18,"key":"Poison Potion"},{"floor":22,"key":"FearPotion"}],"is_trial":false,"path_per_floor":["M","$","?","$","M","R","E","R","T","?","R","M","M","?","R","B",null,"M","?","?","M","M","R","?","R","T","E"],"character_chosen":"IRONCLAD","items_purchased":["Feel No Pain","Uppercut"],"campfire_rested":2,"item_purchase_floors":[2,4],"current_hp_per_floor":[50,50,50,50,42,42,7,31,31,31,31,34,31,51,51,19,70,54,48,48,43,14,39,39,39,39,0],"gold":187,"neow_bonus":"REMOVE_TWO","is_prod":false,"is_daily":false,"chose_seed":false,"campfire_upgraded":4,"win_rate":0,"timestamp":1553482499,"path_taken":["M","$","?","$","?","R","E","R","T","?","R","M","M","?","R","BOSS","M","?","?","M","M","R","?","R","T","E"],"build_version":"2019-01-23","purchased_purges":0,"victory":false,"max_hp_per_floor":[80,80,80,80,80,80,80,80,80,80,80,80,80,80,80,80,85,85,85,85,85,85,85,85,85,85,85],"card_choices":[{"not_picked":["Body Slam","Twin Strike"],"picked":"Burning Pact","floor":1},{"not_picked":["Thunderclap","Iron Wave","Anger"],"picked":"SKIP","floor":5},{"not_picked":["Feel No Pain","Carnage"],"picked":"Armaments","floor":7},{"not_picked":["Heavy Blade","Sword Boomerang"],"picked":"Iron Wave","floor":12},{"not_picked":["Clothesline","Heavy Blade"],"picked":"Entrench","floor":13},{"not_picked":["Fiend Fire","Berserk"],"picked":"Offering","floor":16},{"not_picked":["Battle Trance","Warcry"],"picked":"Iron Wave","floor":17},{"not_picked":["Searing Blow","Carnage+1"],"picked":"Flame Barrier","floor":18},{"not_picked":["Armaments","Fire Breathing"],"picked":"Whirlwind","floor":21},{"not_picked":["Bloodletting","Clothesline"],"picked":"True Grit","floor":22}],"player_experience":524692,"relics_obtained":[{"floor":7,"key":"Mummified Hand"},{"floor":9,"key":"Bottled Flame"},{"floor":26,"key":"Bottled Lightning"}],"event_choices":[{"cards_removed":["Strike_R"],"damage_healed":0,"gold_gain":0,"player_choice":"Purged","damage_taken":0,"max_hp_gain":0,"max_hp_loss":0,"event_name":"Purifier","floor":3,"gold_loss":0},{"damage_healed":0,"gold_gain":0,"player_choice":"Ignored","damage_taken":0,"max_hp_gain":0,"max_hp_loss":0,"event_name":"Liars Game","floor":10,"gold_loss":0},{"damage_healed":20,"gold_gain":0,"player_choice":"Healed","damage_taken":0,"max_hp_gain":0,"max_hp_loss":0,"event_name":"The Cleric","floor":14,"gold_loss":35},{"damage_healed":0,"gold_gain":0,"player_choice":"Joined the Cult","damage_taken":6,"max_hp_gain":0,"max_hp_loss":0,"event_name":"Nest","floor":19,"gold_loss":0,"cards_obtained":["RitualDagger"]},{"damage_healed":0,"gold_gain":0,"player_choice":"Ignored","damage_taken":0,"max_hp_gain":0,"max_hp_loss":0,"event_name":"The Mausoleum","floor":20,"gold_loss":0},{"damage_healed":0,"gold_gain":0,"player_choice":"Obtained Relic","damage_taken":0,"relics_obtained":["War Paint"],"max_hp_gain":0,"max_hp_loss":0,"event_name":"Addict","floor":24,"gold_loss":85}],"is_beta":false,"boss_relics":[{"not_picked":["Runic Dome","Calling Bell"],"picked":"Tiny House"}],"items_purged_floors":[],"is_endless":false,"potions_floor_spawned":[7,12,13,18,22],"killed_by":"Gremlin Leader","ascension_level":10}