{"gold_per_floor":[113,16,16,26,36,66,79,79,103,115,144,156,195,382,394,501,513,540,571,583],"floor_reached":20,"playtime":1596,"items_purged":[],"score":184,"play_id":"a19c8586-015b-4517-a360-66e1c616825a","local_time":"20181213233031","is_ascension_mode":false,"campfire_choices":[{"data":"Neutralize","floor":8,"key":"SMITH"},{"data":"Deadly Poison","floor":12,"key":"SMITH"},{"data":"Purity","floor":15,"key":"SMITH"}],"neow_cost":"NONE","seed_source_timestamp":158002824815915,"circlet_count":0,"master_deck":["Defend_G+1","Defend_G","Defend_G","Defend_G+1","Defend_G","Strike_G","Strike_G","Strike_G","Strike_G","Strike_G","Survivor","Neutralize+1","Purity+1","Prepared","Tools of the Trade","Terror","Deadly Poison+1","Doubt","Night Terror","Noxious Fumes"],"relics":["Ring of the Snake","NeowsBlessing","Pen Nib","MawBank","Happy Flower","HoveringKite"],"potions_floor_usage":[6,7,7,11,16,18],"damage_taken":[{"damage":0,"enemies":"Jaw Worm","floor":1,"turns":1},{"damage":0,"enemies":"Cultist","floor":4,"turns":1},{"damage":0,"enemies":"2 Louse","floor":5,"turns":1},{"damage":19,"enemies":"3 Sentries","floor":6,"turns":12},{"damage":0,"enemies":"2 Fungi Beasts","floor":7,"turns":4},{"damage":0,"enemies":"Blue Slaver","floor":11,"turns":5},{"damage":7,"enemies":"Lagavulin","floor":13,"turns":7},{"damage":6,"enemies":"Hexaghost","floor":16,"turns":10},{"damage":33,"enemies":"3 Byrds","floor":18,"turns":9},{"damage":20,"enemies":"Spheric Guardian","floor":19,"turns":6},{"damage":28,"enemies":"Snecko","floor":20,"turns":4}],"seed_played":"525429606389549041","potions_obtained":[{"floor":3,"key":"Block Potion"},{"floor":3,"key":"Fire Potion"},{"floor":3,"key":"LiquidBronze"},{"floor":4,"key":"EntropicBrew"},{"floor":7,"key":"Block Potion"},{"floor":16,"key":"SmokeBomb"},{"floor":19,"key":"SteroidPotion"}],"is_trial":false,"path_per_floor":["M","$","?","M","M","E","M","R","T","?","M","R","E","?","R","B",null,"M","M","M"],"character_chosen":"THE_SILENT","items_purchased":["Purity"],"campfire_rested":0,"item_purchase_floors":[2],"current_hp_per_floor":[70,70,70,70,70,51,51,51,51,37,37,37,30,30,30,24,70,37,17,0],"gold":583,"neow_bonus":"THREE_ENEMY_KILL","is_prod":false,"is_daily":false,"chose_seed":false,"campfire_upgraded":3,"win_rate":0.0,"timestamp":1544769031,"path_taken":["M","$","?","?","M","E","?","R","T","?","M","R","E","?","R","BOSS","M","M","M"],"build_version":"2018-12-13","purchased_purges":0,"victory":false,"max_hp_per_floor":[70,70,70,70,70,70,70,70,70,70,70,70,70,70,70,70,70,70,70,70],"card_choices":[{"not_picked":["Slice","PiercingWail","Cloak And Dagger"],"picked":"SKIP","floor":1},{"not_picked":["Riddle With Holes","Choke"],"picked":"Prepared","floor":4},{"not_picked":["Blade Dance","Underhanded Strike","Sucker Punch"],"picked":"SKIP","floor":5},{"not_picked":["Quick Slash","Prepared"],"picked":"Tools of the Trade","floor":6},{"not_picked":["Dagger Throw","Accuracy"],"picked":"Terror","floor":7},{"not_picked":["Masterful Stab","Acrobatics"],"picked":"Deadly Poison","floor":11},{"not_picked":["Dagger Spray","Outmaneuver","Slice"],"picked":"SKIP","floor":13},{"not_picked":["Corpse Explosion","Adrenaline"],"picked":"Night Terror","floor":16},{"not_picked":["Dagger Throw","Riddle With Holes","Terror"],"picked":"SKIP","floor":18},{"not_picked":["Prepared","Deadly Poison+1"],"picked":"Noxious Fumes","floor":19}],"player_experience":95784,"relics_obtained":[{"floor":6,"key":"Pen Nib"},{"floor":9,"key":"MawBank"},{"floor":13,"key":"Happy Flower"}],"event_choices":[{"damage_healed":0,"gold_gain":0,"player_choice":"Got Potions","damage_taken":0,"max_hp_gain":0,"max_hp_loss":0,"event_name":"Lab","floor":3,"gold_loss":0},{"damage_healed":0,"gold_gain":0,"player_choice":"Entered Light","damage_taken":14,"max_hp_gain":0,"max_hp_loss":0,"event_name":"Shining Light","floor":10,"gold_loss":0,"cards_upgraded":["Defend_G","Defend_G"]},{"damage_healed":0,"gold_gain":175,"player_choice":"AGREE","damage_taken":0,"max_hp_gain":0,"max_hp_loss":0,"event_name":"Liars Game","floor":14,"gold_loss":0,"cards_obtained":["Doubt"]}],"is_beta":false,"boss_relics":[{"not_picked":["Empty Cage","Philosopher\u0027s Stone"],"picked":"HoveringKite"}],"items_purged_floors":[],"is_endless":false,"potions_floor_spawned":[4,7,16,19],"killed_by":"Snecko","ascension_level":0}