{"gold_per_floor":[118,129,129,129,143,174,62,62,62,62,73,85,102,116,116,116],"floor_reached":16,"playtime":798,"items_purged":["Strike_R"],"score":104,"play_id":"45da358f-b01f-47d2-9512-646db3ab7726","local_time":"20190205204443","is_ascension_mode":false,"campfire_choices":[{"data":"Second Wind","floor":8,"key":"SMITH"},{"data":"Bash","floor":10,"key":"SMITH"},{"data":"Whirlwind","floor":15,"key":"SMITH"}],"neow_cost":"NONE","seed_source_timestamp":751927247596863,"circlet_count":0,"master_deck":["Strike_R","Strike_R","Strike_R","Strike_R","Defend_R","Defend_R","Defend_R","Defend_R","Bash+1","True Grit","Second Wind+1","Inflame","Whirlwind+1"],"relics":["Burning Blood","Pantograph","Omamori"],"potions_floor_usage":[6,16],"damage_taken":[{"damage":6,"enemies":"Jaw Worm","floor":1,"turns":3},{"damage":5,"enemies":"Small Slimes","floor":2,"turns":6},{"damage":6,"enemies":"Cultist","floor":5,"turns":4},{"damage":43,"enemies":"Gremlin Nob","floor":6,"turns":5},{"damage":12,"enemies":"Exordium Wildlife","floor":11,"turns":4},{"damage":25,"enemies":"Lots of Slimes","floor":12,"turns":7},{"damage":8,"enemies":"Red Slaver","floor":13,"turns":3},{"damage":7,"enemies":"Blue Slaver","floor":14,"turns":4},{"damage":57,"enemies":"Hexaghost","floor":16,"turns":10}],"seed_played":"1447646206543105448","potions_obtained":[{"floor":1,"key":"Explosive Potion"},{"floor":12,"key":"Explosive Potion"},{"floor":13,"key":"SkillPotion"}],"is_trial":false,"path_per_floor":["M","M","?","?","M","E","$","R","T","R","M","M","M","M","R","B"],"character_chosen":"IRONCLAD","items_purchased":["Inflame"],"campfire_rested":0,"item_purchase_floors":[7],"current_hp_per_floor":[88,88,88,93,93,56,56,56,56,56,50,31,29,28,28,0],"gold":116,"neow_bonus":"TEN_PERCENT_HP_BONUS","is_prod":false,"is_daily":false,"chose_seed":false,"campfire_upgraded":3,"win_rate":0,"timestamp":1549424683,"path_taken":["M","M","?","?","M","E","?","R","T","R","M","M","?","M","R","BOSS"],"build_version":"2019-01-23","purchased_purges":1,"victory":false,"max_hp_per_floor":[88,88,88,93,93,93,93,93,93,93,93,93,93,93,93,93],"card_choices":[{"not_picked":["Flame Barrier","Infernal Blade","Flex"],"picked":"SKIP","floor":1},{"not_picked":["Havoc","Iron Wave"],"picked":"True Grit","floor":2},{"not_picked":["Sword Boomerang","Iron Wave","Fire Breathing"],"picked":"SKIP","floor":5},{"not_picked":["Sentinel","Twin Strike"],"picked":"Second Wind","floor":6},{"not_picked":["Havoc","Shockwave","Infernal Blade"],"picked":"SKIP","floor":11},{"not_picked":["Reckless Charge","Thunderclap","Flex"],"picked":"SKIP","floor":12},{"not_picked":["Armaments","Rupture","Demon Form"],"picked":"SKIP","floor":13},{"not_picked":["Perfected Strike","Warcry"],"picked":"Whirlwind","floor":14}],"player_experience":364600,"relics_obtained":[{"floor":6,"key":"Pantograph"},{"floor":9,"key":"Omamori"}],"event_choices":[{"damage_healed":0,"gold_gain":0,"player_choice":"Ignored","damage_taken":0,"max_hp_gain":0,"max_hp_loss":0,"event_name":"Liars Game","floor":3,"gold_loss":0},{"damage_healed":0,"gold_gain":0,"player_choice":"Donut","damage_taken":0,"max_hp_gain":5,"max_hp_loss":0,"event_name":"Big Fish","floor":4,"gold_loss":0}],"is_beta":false,"boss_relics":[],"items_purged_floors":[7],"is_endless":false,"potions_floor_spawned":[1,12,13],"killed_by":"Hexaghost","ascension_level":0}