{"gold_per_floor":[18,93,112,112,129,129,163,163,163,198,208,224,224],"floor_reached":13,"playtime":522,"items_purged":[],"score":119,"play_id":"d18eb14b-fc7d-4021-932d-7ddfb77a65bf","local_time":"20190110001309","is_ascension_mode":true,"campfire_choices":[{"data":"Rampage","floor":6,"key":"SMITH"}],"neow_cost":"NO_GOLD","seed_source_timestamp":19564214822094,"circlet_count":0,"master_deck":["Strike_R","Strike_R","Strike_R","Strike_R","Strike_R","Defend_R","Defend_R","Bash","Pommel Strike","Rampage+1","Demon Form","Pain","Barricade","Entrench","Ghostly Armor"],"relics":["Burning Blood","Kunai","WarpedTongs","Prayer Wheel"],"potions_floor_usage":[10,11,13,13,13],"damage_taken":[{"damage":12,"enemies":"Jaw Worm","floor":1,"turns":3},{"damage":0,"enemies":"2 Louse","floor":3,"turns":3},{"damage":1,"enemies":"Cultist","floor":5,"turns":3},{"damage":32,"enemies":"Gremlin Nob","floor":7,"turns":4},{"damage":29,"enemies":"Lagavulin","floor":10,"turns":5},{"damage":14,"enemies":"3 Louse","floor":11,"turns":3},{"damage":8,"enemies":"2 Fungi Beasts","floor":12,"turns":3},{"damage":21,"enemies":"Lagavulin Event","floor":13,"turns":6}],"seed_played":"-4722984895164805178","potions_obtained":[{"floor":1,"key":"Weak Potion"},{"floor":3,"key":"EntropicBrew"},{"floor":11,"key":"PowerPotion"}],"is_trial":false,"path_per_floor":["M","?","M","?","M","R","E","?","T","E","M","M","?"],"character_chosen":"IRONCLAD","items_purchased":[],"campfire_rested":0,"item_purchase_floors":[],"current_hp_per_floor":[74,63,69,74,79,79,53,53,53,30,22,20,0],"gold":224,"neow_bonus":"REMOVE_TWO","is_prod":false,"is_daily":false,"chose_seed":false,"campfire_upgraded":1,"win_rate":0,"timestamp":1547104389,"path_taken":["M","?","M","?","?","R","E","?","T","E","?","M","?"],"build_version":"2019-01-03v4","purchased_purges":0,"victory":false,"max_hp_per_floor":[80,80,80,85,85,85,85,85,85,85,85,85,85],"card_choices":[{"not_picked":["Second Wind","Wild Strike"],"picked":"Pommel Strike","floor":1},{"not_picked":["Warcry","Headbutt"],"picked":"Rampage","floor":3},{"not_picked":["Disarm","Bloodletting","Perfected Strike"],"picked":"SKIP","floor":5},{"not_picked":["Pommel Strike","Clash"],"picked":"Demon Form","floor":7},{"not_picked":["Evolve","Havoc","Seeing Red"],"picked":"SKIP","floor":10},{"not_picked":["Heavy Blade","Clothesline"],"picked":"Barricade","floor":11},{"not_picked":["Inflame","Wild Strike"],"picked":"Entrench","floor":11},{"not_picked":["Perfected Strike","Clothesline"],"picked":"Ghostly Armor","floor":12},{"not_picked":["Perfected Strike","Clash","Disarm"],"picked":"SKIP","floor":12}],"player_experience":282754,"relics_obtained":[{"floor":7,"key":"Kunai"},{"floor":10,"key":"Prayer Wheel"}],"event_choices":[{"damage_healed":0,"gold_gain":75,"player_choice":"Gather Gold","damage_taken":11,"max_hp_gain":0,"max_hp_loss":0,"event_name":"World of Goop","floor":2,"gold_loss":0},{"damage_healed":0,"gold_gain":0,"player_choice":"Donut","damage_taken":0,"max_hp_gain":5,"max_hp_loss":0,"event_name":"Big Fish","floor":4,"gold_loss":0},{"damage_healed":0,"gold_gain":0,"player_choice":"Rummage","damage_taken":0,"relics_obtained":["WarpedTongs"],"max_hp_gain":0,"max_hp_loss":0,"event_name":"Accursed Blacksmith","floor":8,"gold_loss":0,"cards_obtained":["Pain"]},{"damage_healed":0,"gold_gain":0,"player_choice":"Searched \u00271\u0027 times","damage_taken":0,"max_hp_gain":0,"max_hp_loss":0,"event_name":"Dead Adventurer","floor":13,"gold_loss":0}],"is_beta":false,"boss_relics":[],"items_purged_floors":[],"is_endless":false,"potions_floor_spawned":[1,3,11,12],"killed_by":"Lagavulin Event","ascension_level":5}