{"gold_per_floor":[116,127,87,101,119,144,69,69,69,84,100,100,100],"floor_reached":13,"playtime":596,"items_purged":["Defend_R"],"score":104,"play_id":"f0a08a1b-c27d-4e89-87ba-727359eebcc3","local_time":"20181230225951","is_ascension_mode":true,"campfire_choices":[{"data":"Offering","floor":8,"key":"SMITH"}],"neow_cost":"NONE","seed_source_timestamp":48556587952622,"circlet_count":0,"master_deck":["Strike_R","Strike_R","Strike_R","Strike_R","Strike_R","Defend_R","Defend_R","Defend_R","Bash","Dual Wield","Thunderclap","True Grit+1","Offering+1","Cleave"],"relics":["Burning Blood","Boot"],"potions_floor_usage":[10],"damage_taken":[{"damage":9,"enemies":"Cultist","floor":1,"turns":5},{"damage":9,"enemies":"2 Louse","floor":2,"turns":2},{"damage":13,"enemies":"Jaw Worm","floor":4,"turns":4},{"damage":12,"enemies":"Lots of Slimes","floor":5,"turns":2},{"damage":46,"enemies":"Gremlin Nob","floor":6,"turns":5},{"damage":14,"enemies":"Red Slaver","floor":10,"turns":4},{"damage":29,"enemies":"Exordium Thugs","floor":11,"turns":5},{"damage":16,"enemies":"3 Sentries","floor":13,"turns":3}],"seed_played":"-542621992919828621","potions_obtained":[{"floor":1,"key":"FairyPotion"},{"floor":2,"key":"Swift Potion"},{"floor":3,"key":"EssenceOfSteel"},{"floor":3,"key":"FearPotion"},{"floor":5,"key":"FearPotion"},{"floor":6,"key":"BloodPotion"}],"is_trial":false,"path_per_floor":["M","M","?","M","M","E","$","R","T","M","M","?","E"],"character_chosen":"IRONCLAD","items_purchased":[],"campfire_rested":0,"item_purchase_floors":[],"current_hp_per_floor":[85,82,82,75,69,29,29,29,29,29,14,14,0],"gold":100,"neow_bonus":"TEN_PERCENT_HP_BONUS","is_prod":false,"is_daily":false,"chose_seed":false,"campfire_upgraded":1,"win_rate":0,"timestamp":1546235991,"path_taken":["M","?","?","?","M","E","$","R","T","?","M","?","E"],"build_version":"2018-12-20","purchased_purges":1,"victory":false,"max_hp_per_floor":[88,88,88,88,88,88,88,88,88,88,88,88,88],"card_choices":[{"not_picked":["Reckless Charge","Evolve"],"picked":"Dual Wield","floor":1},{"not_picked":["Body Slam","Rage"],"picked":"Thunderclap","floor":2},{"not_picked":["Clash","Iron Wave"],"picked":"True Grit","floor":4},{"not_picked":["Perfected Strike","Anger"],"picked":"Offering","floor":5},{"not_picked":["Body Slam","Dropkick","Flame Barrier"],"picked":"SKIP","floor":6},{"not_picked":["Clothesline","Pommel Strike","Bloodletting"],"picked":"SKIP","floor":10},{"not_picked":["Iron Wave","Havoc"],"picked":"Cleave","floor":11}],"player_experience":215860,"relics_obtained":[{"floor":6,"key":"Boot"}],"event_choices":[{"damage_healed":0,"gold_gain":0,"player_choice":"Bought 3 Potions","damage_taken":0,"max_hp_gain":0,"max_hp_loss":0,"event_name":"The Woman in Blue","floor":3,"gold_loss":0},{"damage_healed":0,"gold_gain":0,"player_choice":"Grow","damage_taken":0,"max_hp_gain":0,"max_hp_loss":0,"event_name":"Living Wall","floor":12,"gold_loss":0,"cards_upgraded":["True Grit"]}],"is_beta":false,"boss_relics":[],"items_purged_floors":[7],"is_endless":false,"potions_floor_spawned":[1,2,5,6],"killed_by":"3 Sentries","ascension_level":4}