{"gold_per_floor":[114,130,149,149,168,168,243,243,243,243,243,193,193,212,212,309,309,234,252,252,252,269,269,281,316,316,69,83,83,95,111,111,111],"floor_reached":33,"playtime":4186,"items_purged":["Defend_B"],"score":257,"play_id":"a7011037-d4ed-4054-ba08-9b9e888b2894","local_time":"20190813131622","is_ascension_mode":false,"campfire_choices":[{"data":"Fission","floor":6,"key":"SMITH"},{"floor":8,"key":"REST"},{"data":"Glacier","floor":11,"key":"SMITH"},{"data":"Leap","floor":13,"key":"SMITH"},{"data":"Rainbow","floor":15,"key":"SMITH"},{"data":"Hologram","floor":23,"key":"SMITH"},{"floor":29,"key":"REST"},{"data":"Darkness","floor":32,"key":"SMITH"}],"neow_cost":"PERCENT_DAMAGE","seed_source_timestamp":154344451627900,"circlet_count":0,"master_deck":["Strike_B","Defend_B","Zap","Dualcast","Rainbow+1","Reprogram","Genetic Algorithm","Glacier+1","Leap+1","Fission+1","Compile Driver","All For One","Redo+1","Gash","Glacier+1","Hologram+1","Go for the Eyes","Scrape","Storm+1","Darkness+1","Barrage+1","Steam+1","Barrage+1"],"relics":["Cracked Core","Pantograph","Eternal Feather","Nunchaku","Frozen Egg 2"],"potions_floor_usage":[25,28,31,33,33],"damage_taken":[{"damage":1,"enemies":"Jaw Worm","floor":1,"turns":3},{"damage":6,"enemies":"2 Louse","floor":2,"turns":4},{"damage":0,"enemies":"Small Slimes","floor":3,"turns":4},{"damage":0,"enemies":"2 Fungi Beasts","floor":5,"turns":3},{"damage":0,"enemies":"Gremlin Gang","floor":14,"turns":5},{"damage":15,"enemies":"The Guardian","floor":16,"turns":14},{"damage":0,"enemies":"2 Thieves","floor":18,"turns":5},{"damage":3,"enemies":"Chosen","floor":19,"turns":4},{"damage":0,"enemies":"Snecko","floor":22,"turns":6},{"damage":9,"enemies":"Shelled Parasite and Fungi","floor":24,"turns":12},{"damage":16,"enemies":"Book of Stabbing","floor":25,"turns":9},{"damage":11,"enemies":"Snake Plant","floor":28,"turns":4},{"damage":39,"enemies":"Chosen and Byrds","floor":30,"turns":10},{"damage":0,"enemies":"Snecko","floor":31,"turns":5},{"damage":83,"enemies":"Collector","floor":33,"turns":12}],"seed_played":"6348617118355919020","potions_obtained":[{"floor":3,"key":"AttackPotion"},{"floor":25,"key":"FearPotion"},{"floor":28,"key":"SneckoOil"},{"floor":30,"key":"Block Potion"},{"floor":31,"key":"GamblersBrew"}],"is_trial":false,"path_per_floor":["M","M","M","?","M","R","?","R","T","?","R","?","R","M","R","B",null,"M","M","?","?","M","R","M","E","T","$","M","R","M","M","R","B"],"character_chosen":"DEFECT","items_purchased":["Weak Potion","Storm+1","Darkness"],"campfire_rested":2,"item_purchase_floors":[27,27,27],"current_hp_per_floor":[53,47,47,47,47,47,36,58,58,58,58,58,58,58,58,60,75,75,72,72,72,72,75,66,50,50,50,39,73,34,34,46,0],"gold":111,"neow_bonus":"TRANSFORM_TWO_CARDS","is_prod":false,"is_daily":false,"chose_seed":false,"campfire_upgraded":6,"win_rate":0.0,"timestamp":1565716582,"path_taken":["M","M","M","?","M","R","?","R","T","?","R","?","R","M","R","BOSS","M","M","?","?","M","R","M","E","T","$","?","R","M","M","R","BOSS"],"build_version":"2019-07-17","purchased_purges":1,"victory":false,"max_hp_per_floor":[75,75,75,75,75,75,75,75,75,75,75,75,75,75,75,75,75,75,75,75,75,75,75,75,75,75,75,75,75,75,75,75,75],"card_choices":[{"not_picked":["Go for the Eyes","Sweeping Beam"],"picked":"Genetic Algorithm","floor":1},{"not_picked":["Gash","Streamline"],"picked":"Glacier","floor":2},{"not_picked":["Redo","Steam"],"picked":"Leap","floor":3},{"not_picked":["Capacitor","Steam"],"picked":"Fission","floor":5},{"not_picked":["Leap","Darkness"],"picked":"Compile Driver","floor":14},{"not_picked":["Multi-Cast","Machine Learning"],"picked":"All For One","floor":16},{"not_picked":["Streamline","Gash"],"picked":"Redo+1","floor":18},{"not_picked":["Redo","Cold Snap"],"picked":"Gash","floor":19},{"not_picked":["Darkness","Hello World"],"picked":"Hologram","floor":22},{"not_picked":["Steam","Consume"],"picked":"Go for the Eyes","floor":24},{"not_picked":["Static Discharge","Machine Learning"],"picked":"Scrape","floor":25},{"not_picked":["Streamline+1","Redo"],"picked":"Barrage+1","floor":28},{"not_picked":["Ball Lightning","Streamline"],"picked":"Steam+1","floor":30},{"not_picked":["Hello World+1","Reinforced Body"],"picked":"Barrage+1","floor":31}],"player_experience":20539,"relics_obtained":[{"floor":9,"key":"Pantograph"},{"floor":25,"key":"Nunchaku"},{"floor":26,"key":"Frozen Egg 2"}],"event_choices":[{"cards_removed":["Strike_B"],"damage_healed":0,"gold_gain":0,"player_choice":"Forget","damage_taken":0,"max_hp_gain":0,"max_hp_loss":0,"event_name":"Living Wall","floor":4,"gold_loss":0},{"damage_healed":0,"gold_gain":75,"player_choice":"Gather Gold","damage_taken":11,"max_hp_gain":0,"max_hp_loss":0,"event_name":"World of Goop","floor":7,"gold_loss":0},{"damage_healed":0,"gold_gain":0,"player_choice":"Ignored","damage_taken":0,"max_hp_gain":0,"max_hp_loss":0,"event_name":"Liars Game","floor":10,"gold_loss":0},{"cards_removed":["Defend_B"],"damage_healed":0,"gold_gain":0,"player_choice":"Card Removal","damage_taken":0,"max_hp_gain":0,"max_hp_loss":0,"event_name":"The Cleric","floor":12,"gold_loss":50},{"cards_removed":["Strike_B"],"damage_healed":0,"gold_gain":0,"player_choice":"Elegance","damage_taken":0,"max_hp_gain":0,"max_hp_loss":0,"event_name":"Back to Basics","floor":20,"gold_loss":0},{"damage_healed":0,"gold_gain":0,"player_choice":"Copied","damage_taken":0,"max_hp_gain":0,"max_hp_loss":0,"event_name":"Duplicator","floor":21,"gold_loss":0,"cards_obtained":["Glacier"]}],"is_beta":false,"boss_relics":[{"not_picked":["Calling Bell","White Beast Statue"],"picked":"Eternal Feather"}],"items_purged_floors":[27],"is_endless":false,"potions_floor_spawned":[3,25,28,30,31],"killed_by":"Collector","ascension_level":0}