{"gold_per_floor":[118,43,62,73,73,73,105,116,190,219,238,138,138,108,108,211,211,230,145,20,20,20,20,54,54,81,96,112,137,137,43,43,141,141,160,123,139,139,6,20,49,68,68,97,97,0,35,35],"floor_reached":48,"playtime":3052,"items_purged":["Strike_B","Strike_B","Strike_B"],"score":706,"play_id":"b6dba659-d0a3-4b98-84c6-2a87723dea7a","local_time":"20181230215827","is_ascension_mode":true,"campfire_choices":[{"data":"Gash","floor":6,"key":"SMITH"},{"data":"Hologram","floor":13,"key":"SMITH"},{"data":"Hologram","floor":15,"key":"SMITH"},{"data":"Machine Learning","floor":23,"key":"SMITH"},{"data":"Dualcast","floor":25,"key":"SMITH"},{"data":"Zap","floor":30,"key":"SMITH"},{"floor":32,"key":"REST"},{"floor":45,"key":"REST"}],"neow_cost":"NONE","seed_source_timestamp":42415468723610,"circlet_count":0,"master_deck":["Strike_B","Defend_B","Defend_B","Defend_B","Defend_B","Zap+1","Dualcast+1","Hologram+1","Gash+1","Hologram+1","Gash","Hologram+1","Conserve Battery+1","Machine Learning+1","Gash","Skim+1","J.A.X.+1","Amplify+1","Genetic Algorithm+1","Reboot+1","Panacea+1","Machine Learning","Capacitor","Redo+1","Pain","Bandage Up+1","Redo+1","BootSequence+1","Parasite","Beam Cell","Capacitor+1","Self Repair"],"relics":["FrozenCore","Turnip","Potion Belt","Toxic Egg 2","Anchor","Philosopher\u0027s Stone","Bronze Scales","Letter Opener","Oddly Smooth Stone","Bag of Preparation","WarpedTongs","Incense Burner","Shuriken","Bag of Marbles","Red Mask","Vajra"],"potions_floor_usage":[7,10,16,16,16,24,27,33,42,44,44,44,44],"damage_taken":[{"damage":0,"enemies":"2 Louse","floor":1,"turns":3},{"damage":1,"enemies":"Cultist","floor":3,"turns":4},{"damage":2,"enemies":"Small Slimes","floor":4,"turns":4},{"damage":22,"enemies":"Lagavulin","floor":7,"turns":4},{"damage":14,"enemies":"Exordium Thugs","floor":8,"turns":4},{"damage":5,"enemies":"Gremlin Nob","floor":10,"turns":3},{"damage":1,"enemies":"3 Louse","floor":11,"turns":3},{"damage":21,"enemies":"Slime Boss","floor":16,"turns":9},{"damage":9,"enemies":"Spheric Guardian","floor":18,"turns":4},{"damage":27,"enemies":"Book of Stabbing","floor":24,"turns":4},{"damage":0,"enemies":"3 Byrds","floor":27,"turns":2},{"damage":6,"enemies":"Snake Plant","floor":28,"turns":3},{"damage":20,"enemies":"Gremlin Leader","floor":29,"turns":6},{"damage":9,"enemies":"Collector","floor":33,"turns":4},{"damage":0,"enemies":"3 Shapes","floor":35,"turns":2},{"damage":5,"enemies":"Orb Walker","floor":37,"turns":4},{"damage":38,"enemies":"3 Darklings","floor":40,"turns":5},{"damage":24,"enemies":"Nemesis","floor":41,"turns":7},{"damage":15,"enemies":"Writhing Mass","floor":42,"turns":6},{"damage":6,"enemies":"Reptomancer","floor":44,"turns":4},{"damage":35,"enemies":"Nemesis","floor":47,"turns":9},{"damage":20,"enemies":"Maw","floor":48,"turns":7}],"seed_played":"-3863973195554243714","potions_obtained":[{"floor":0,"key":"AttackPotion"},{"floor":0,"key":"Swift Potion"},{"floor":0,"key":"SmokeBomb"},{"floor":3,"key":"LiquidBronze"},{"floor":7,"key":"EssenceOfSteel"},{"floor":8,"key":"AttackPotion"},{"floor":11,"key":"SkillPotion"},{"floor":14,"key":"SkillPotion"},{"floor":14,"key":"Block Potion"},{"floor":27,"key":"LiquidBronze"},{"floor":28,"key":"Energy Potion"},{"floor":29,"key":"Explosive Potion"},{"floor":40,"key":"SteroidPotion"},{"floor":41,"key":"SpeedPotion"},{"floor":42,"key":"PowerPotion"},{"floor":47,"key":"Strength Potion"}],"is_trial":false,"path_per_floor":["M","$","M","M","?","R","E","M","T","E","M","$","R","?","R","B",null,"M","?","$","?","?","R","E","R","T","M","M","E","R","$","R","B",null,"M","$","M","?","$","M","E","M","T","E","R","?","E","M"],"character_chosen":"DEFECT","items_purchased":["Panacea+1","Capacitor","Bandage Up+1","Redo+1"],"campfire_rested":2,"item_purchase_floors":[31,36,39,39],"current_hp_per_floor":[75,75,74,72,72,72,50,36,36,31,30,30,30,30,30,9,75,66,66,66,66,66,66,39,39,39,39,33,13,13,13,35,26,75,75,75,70,70,70,38,20,11,11,17,39,39,10,0],"gold":35,"neow_bonus":"THREE_SMALL_POTIONS","is_prod":false,"is_daily":false,"chose_seed":false,"campfire_upgraded":6,"win_rate":0,"timestamp":1546232307,"path_taken":["M","$","M","M","?","R","E","M","T","E","?","?","R","?","R","BOSS","M","?","$","?","?","R","E","R","T","M","M","E","R","$","R","BOSS","M","$","M","?","?","M","E","M","T","E","R","?","E","M"],"build_version":"2018-12-20","purchased_purges":3,"victory":false,"max_hp_per_floor":[75,75,75,75,75,75,75,75,75,75,75,75,75,75,75,75,75,75,75,75,75,75,75,75,75,75,75,75,75,75,75,75,75,75,75,75,75,75,75,75,75,75,75,75,75,75,75,75],"card_choices":[{"not_picked":["Beam Cell","Melter"],"picked":"Hologram","floor":1},{"not_picked":["Darkness","BootSequence"],"picked":"Gash","floor":3},{"not_picked":["Reinforced Body","Go for the Eyes"],"picked":"Hologram","floor":4},{"not_picked":["Leap","Turbo"],"picked":"Gash","floor":7},{"not_picked":["Rebound","Steam","Steam Power"],"picked":"SKIP","floor":8},{"not_picked":["Barrage","Hyperbeam"],"picked":"Hologram+1","floor":10},{"not_picked":["Loop","Hello World"],"picked":"Conserve Battery+1","floor":11},{"not_picked":["All For One","Amplify+1"],"picked":"Machine Learning","floor":16},{"not_picked":["Cold Snap","Storm"],"picked":"Gash","floor":18},{"not_picked":["Chaos+1","Biased Cognition"],"picked":"Amplify+1","floor":24},{"not_picked":["Rebound+1","Turbo+1"],"picked":"Genetic Algorithm+1","floor":27},{"not_picked":["Tempest+1","Lockon+1","Rip and Tear+1"],"picked":"SKIP","floor":28},{"not_picked":["Capacitor","Beam Cell"],"picked":"Reboot+1","floor":29},{"not_picked":["Fission+1","Echo Form"],"picked":"Machine Learning","floor":33},{"not_picked":["Streamline","Double Energy+1","Go for the Eyes"],"picked":"SKIP","floor":35},{"not_picked":["Double Energy+1","Stack+1"],"picked":"Redo+1","floor":37},{"not_picked":["Barrage+1","Aggregate+1","Steam Power+1"],"picked":"SKIP","floor":40},{"not_picked":["Reinforced Body+1","Consume+1"],"picked":"BootSequence+1","floor":41},{"not_picked":["Loop+1","Storm"],"picked":"Beam Cell","floor":42},{"not_picked":["Cold Snap+1","Rebound"],"picked":"Capacitor+1","floor":44},{"not_picked":["Fission+1","Compile Driver+1"],"picked":"Self Repair","floor":47}],"player_experience":210767,"relics_obtained":[{"floor":7,"key":"Potion Belt"},{"floor":9,"key":"Toxic Egg 2"},{"floor":10,"key":"Anchor"},{"floor":24,"key":"Letter Opener"},{"floor":26,"key":"Oddly Smooth Stone"},{"floor":29,"key":"Bag of Preparation"},{"floor":41,"key":"Incense Burner"},{"floor":43,"key":"Shuriken"},{"floor":44,"key":"Bag of Marbles"},{"floor":47,"key":"Vajra"}],"event_choices":[{"damage_healed":0,"gold_gain":0,"player_choice":"Gave Potion","damage_taken":0,"relics_obtained":["Turnip"],"max_hp_gain":0,"max_hp_loss":0,"event_name":"WeMeetAgain","floor":5,"gold_loss":0},{"damage_healed":0,"gold_gain":0,"player_choice":"Bought 2 Potions","damage_taken":0,"max_hp_gain":0,"max_hp_loss":0,"event_name":"The Woman in Blue","floor":14,"gold_loss":0},{"damage_healed":0,"gold_gain":0,"player_choice":"Obtained Relic","damage_taken":0,"relics_obtained":["Bronze Scales"],"max_hp_gain":0,"max_hp_loss":0,"event_name":"Addict","floor":19,"gold_loss":85},{"damage_healed":0,"gold_gain":0,"player_choice":"Read","damage_taken":0,"max_hp_gain":0,"max_hp_loss":0,"event_name":"The Library","floor":21,"gold_loss":0,"cards_obtained":["Skim"]},{"damage_healed":0,"gold_gain":0,"player_choice":"Obtain J.A.X.","damage_taken":0,"max_hp_gain":0,"max_hp_loss":0,"event_name":"Drug Dealer","floor":22,"gold_loss":0,"cards_obtained":["J.A.X."]},{"damage_healed":0,"gold_gain":0,"player_choice":"Rummage","damage_taken":0,"relics_obtained":["WarpedTongs"],"max_hp_gain":0,"max_hp_loss":0,"event_name":"Accursed Blacksmith","floor":38,"gold_loss":0,"cards_obtained":["Pain"]},{"damage_healed":0,"gold_gain":0,"player_choice":"Paid","damage_taken":0,"relics_obtained":["Red Mask"],"max_hp_gain":0,"max_hp_loss":0,"event_name":"Tomb of Lord Red Mask","floor":46,"gold_loss":97}],"is_beta":false,"boss_relics":[{"not_picked":["Orrery","Runic Pyramid"],"picked":"Philosopher\u0027s Stone"},{"not_picked":["White Beast Statue","Runic Dome"],"picked":"FrozenCore"}],"items_purged_floors":[2,12,20],"is_endless":false,"potions_floor_spawned":[3,7,8,11,27,28,29,40,41,42,47],"killed_by":"Maw","ascension_level":3}