{"gold_per_floor":[109,109,125,135,154,188,188,204,228,33,33,47,65,79,79,179,179,193,193,204,221,146,146,179,179,179,179,79,79,96,110,110,207,207,221,321,338,338,338,338,355,26,72,72,82,82,115,131,131,131],"floor_reached":51,"playtime":3679,"items_purged":["Strike_R","Defend_R","Parasite"],"score":1031,"play_id":"51f627d0-42ef-4781-8311-a73e9496188d","local_time":"20190811200247","is_ascension_mode":true,"campfire_choices":[{"floor":7,"key":"REST"},{"data":"Inflame","floor":11,"key":"SMITH"},{"data":"Inflame","floor":15,"key":"SMITH"},{"floor":23,"key":"REST"},{"data":"Shrug It Off","floor":27,"key":"SMITH"},{"data":"Shockwave","floor":29,"key":"SMITH"},{"floor":32,"key":"REST"},{"data":"Seeing Red","floor":40,"key":"SMITH"},{"data":"True Grit","floor":44,"key":"SMITH"},{"data":"Offering","floor":46,"key":"SMITH"},{"floor":49,"key":"REST"}],"neow_cost":"NONE","seed_source_timestamp":85021552359224,"circlet_count":0,"master_deck":["Strike_R","Strike_R","Strike_R","Strike_R","Defend_R","Defend_R","Defend_R","Bash","Pummel","Shrug It Off+1","Inflame+1","Seeing Red+1","Pommel Strike","Blood for Blood","Inflame+1","Sword Boomerang","Sword Boomerang","Limit Break","True Grit+1","Headbutt","Heavy Blade+1","Bloodletting","Pommel Strike+1","Shockwave+1","Limit Break","Rage+1","Offering+1","Shrug It Off+1","Inflame+1","Armaments+1","Heavy Blade+1","Pummel+1","Spot Weakness+1","Spot Weakness+1","Whirlwind+1"],"relics":["Burning Blood","Paper Frog","PreservedInsect","Chemical X","Velvet Choker","Dream Catcher","Potion Belt","Pen Nib","Lizard Tail","Thread and Needle","Lee\u0027s Waffle","Strawberry","Omamori"],"potions_floor_usage":[6,6,8,13,18,24,33,35,37,37],"damage_taken":[{"damage":5,"enemies":"Small Slimes","floor":1,"turns":3},{"damage":1,"enemies":"Cultist","floor":3,"turns":4},{"damage":8,"enemies":"2 Louse","floor":4,"turns":4},{"damage":15,"enemies":"Looter","floor":5,"turns":4},{"damage":40,"enemies":"3 Sentries","floor":6,"turns":8},{"damage":12,"enemies":"Large Slime","floor":8,"turns":5},{"damage":3,"enemies":"3 Louse","floor":12,"turns":4},{"damage":0,"enemies":"Exordium Wildlife","floor":13,"turns":2},{"damage":3,"enemies":"Looter","floor":14,"turns":2},{"damage":20,"enemies":"Slime Boss","floor":16,"turns":7},{"damage":0,"enemies":"Spheric Guardian","floor":18,"turns":1},{"damage":25,"enemies":"Shell Parasite","floor":20,"turns":4},{"damage":19,"enemies":"Snake Plant","floor":21,"turns":4},{"damage":0,"enemies":"Gremlin Leader","floor":24,"turns":4},{"damage":26,"enemies":"Sentry and Sphere","floor":30,"turns":5},{"damage":9,"enemies":"Shelled Parasite and Fungi","floor":31,"turns":3},{"damage":78,"enemies":"Collector","floor":33,"turns":7},{"damage":24,"enemies":"Orb Walker","floor":35,"turns":3},{"damage":0,"enemies":"Mind Bloom Boss Battle","floor":36,"turns":3},{"damage":32,"enemies":"3 Darklings","floor":37,"turns":5},{"damage":17,"enemies":"Writhing Mass","floor":41,"turns":6},{"damage":0,"enemies":"Spire Growth","floor":45,"turns":3},{"damage":59,"enemies":"Nemesis","floor":47,"turns":5},{"damage":17,"enemies":"Jaw Worm Horde","floor":48,"turns":3},{"damage":71,"enemies":"Awakened One","floor":50,"turns":4}],"seed_played":"-3266977891054845313","potions_obtained":[{"floor":1,"key":"Poison Potion"},{"floor":3,"key":"Fire Potion"},{"floor":5,"key":"AttackPotion"},{"floor":6,"key":"Weak Potion"},{"floor":12,"key":"SteroidPotion"},{"floor":18,"key":"Poison Potion"},{"floor":30,"key":"FearPotion"},{"floor":33,"key":"Regen Potion"},{"floor":35,"key":"BloodPotion"},{"floor":36,"key":"Fire Potion"},{"floor":41,"key":"FairyPotion"}],"is_trial":false,"path_per_floor":["M","?","M","M","M","E","R","M","T","$","R","M","M","M","R","B",null,"M","?","M","M","$","R","E","?","T","R","$","R","M","M","R","B",null,"M","?","M","$","?","R","M","$","T","R","M","R","E","M","R","B",null],"character_chosen":"IRONCLAD","items_purchased":["Chemical X","Lee\u0027s Waffle"],"campfire_rested":4,"item_purchase_floors":[10,42],"current_hp_per_floor":[81,88,88,86,77,43,69,63,63,63,63,66,72,75,75,61,81,87,87,68,55,55,81,87,87,87,87,87,87,67,64,88,16,70,61,67,63,63,63,63,52,92,99,99,99,99,46,35,64,15],"gold":131,"neow_bonus":"TEN_PERCENT_HP_BONUS","is_prod":false,"is_daily":false,"chose_seed":false,"campfire_upgraded":7,"win_rate":0,"timestamp":1565550167,"path_taken":["M","?","M","M","?","E","R","M","T","?","R","M","M","M","R","BOSS","M","?","M","M","$","R","E","?","T","R","$","R","M","M","R","BOSS","M","?","M","$","?","R","M","?","T","R","M","R","E","M","R","BOSS"],"build_version":"2019-07-17","purchased_purges":3,"victory":true,"max_hp_per_floor":[88,88,88,88,88,88,88,88,88,88,88,88,88,88,88,88,88,88,88,88,88,88,88,88,88,88,88,88,88,88,88,88,88,88,88,88,88,88,88,88,88,92,99,99,99,99,99,99,99,99],"card_choices":[{"not_picked":["Hemokinesis","Pommel Strike"],"picked":"Pummel","floor":1},{"not_picked":["Dropkick","Iron Wave"],"picked":"Shrug It Off","floor":3},{"not_picked":["Dropkick","Hemokinesis"],"picked":"Inflame","floor":4},{"not_picked":["Rampage","Perfected Strike"],"picked":"Seeing Red","floor":5},{"not_picked":["Cleave","Wild Strike"],"picked":"Pommel Strike","floor":6},{"not_picked":["Reckless Charge","Thunderclap"],"picked":"Blood for Blood","floor":8},{"not_picked":["Dark Embrace","Rupture"],"picked":"Inflame","floor":12},{"not_picked":["Iron Wave","Evolve"],"picked":"Sword Boomerang","floor":13},{"not_picked":["Sever Soul","Evolve"],"picked":"Sword Boomerang","floor":14},{"not_picked":["Berserk","Impervious"],"picked":"Limit Break","floor":16},{"not_picked":["Clash","Armaments"],"picked":"True Grit","floor":18},{"not_picked":["Warcry","Clash"],"picked":"Headbutt","floor":20},{"not_picked":["Pummel","Rage"],"picked":"Heavy Blade+1","floor":21},{"not_picked":["Headbutt","Dark Embrace"],"picked":"Bloodletting","floor":23},{"not_picked":["Headbutt","Anger"],"picked":"Pommel Strike+1","floor":24},{"not_picked":["Perfected Strike","Rage","Cleave"],"picked":"SKIP","floor":30},{"not_picked":["Cleave+1","Perfected Strike"],"picked":"Limit Break","floor":31},{"not_picked":["Clothesline","Bloodletting"],"picked":"Rage+1","floor":32},{"not_picked":["Dark Embrace","Impervious"],"picked":"Offering","floor":33},{"not_picked":["Feel No Pain","Sword Boomerang"],"picked":"Shrug It Off+1","floor":35},{"not_picked":["Perfected Strike+1","Power Through"],"picked":"Inflame+1","floor":36},{"not_picked":["Headbutt","Second Wind+1"],"picked":"Armaments+1","floor":37},{"not_picked":["Clothesline","Pommel Strike"],"picked":"Heavy Blade+1","floor":41},{"not_picked":["Evolve+1","True Grit+1"],"picked":"Pummel+1","floor":45},{"not_picked":["Warcry+1","Perfected Strike+1"],"picked":"Spot Weakness+1","floor":47},{"not_picked":["Disarm","Armaments"],"picked":"Spot Weakness+1","floor":48},{"not_picked":["Clash","Armaments"],"picked":"Whirlwind+1","floor":49}],"player_experience":188063,"relics_obtained":[{"floor":6,"key":"Paper Frog"},{"floor":9,"key":"PreservedInsect"},{"floor":24,"key":"Potion Belt"},{"floor":26,"key":"Pen Nib"},{"floor":36,"key":"Thread and Needle"},{"floor":43,"key":"Strawberry"},{"floor":47,"key":"Omamori"}],"event_choices":[{"damage_healed":7,"gold_gain":0,"player_choice":"Full Heal","damage_taken":0,"max_hp_gain":0,"max_hp_loss":0,"event_name":"Wheel of Change","floor":2,"gold_loss":0},{"damage_healed":0,"gold_gain":0,"player_choice":"Opened","damage_taken":0,"relics_obtained":["Dream Catcher"],"max_hp_gain":0,"max_hp_loss":0,"event_name":"The Mausoleum","floor":19,"gold_loss":0},{"damage_healed":0,"gold_gain":0,"player_choice":"Read","damage_taken":0,"max_hp_gain":0,"max_hp_loss":0,"event_name":"The Library","floor":25,"gold_loss":0,"cards_obtained":["Shockwave"]},{"damage_healed":0,"gold_gain":0,"player_choice":"Fight","damage_taken":0,"max_hp_gain":0,"max_hp_loss":0,"event_name":"MindBloom","floor":36,"gold_loss":0},{"damage_healed":0,"gold_gain":0,"player_choice":"Ignored","damage_taken":0,"max_hp_gain":0,"max_hp_loss":0,"event_name":"Mysterious Sphere","floor":39,"gold_loss":0}],"is_beta":false,"boss_relics":[{"not_picked":["Cursed Key","Empty Cage"],"picked":"Velvet Choker"},{"not_picked":["Sozu","Philosopher\u0027s Stone"],"picked":"Lizard Tail"}],"items_purged_floors":[22,28,42],"is_endless":false,"potions_floor_spawned":[1,3,5,6,12,18,30,33,35,36,41],"ascension_level":8}