{"gold_per_floor":[119,135,15,28,28,54,54,82,82,82,95,17,36,71,71,172,172,182,182],"floor_reached":19,"playtime":1228,"items_purged":[],"score":324,"play_id":"c6bc759f-f2ba-457e-8574-f034b8ed6f21","local_time":"20190411183707","is_ascension_mode":true,"campfire_choices":[{"data":"True Grit","floor":7,"key":"SMITH"},{"floor":10,"key":"REST"},{"data":"Body Slam","floor":15,"key":"SMITH"}],"neow_cost":"PERCENT_DAMAGE","seed_source_timestamp":115643293436031,"circlet_count":0,"master_deck":["AscendersBane","Strike_R","Strike_R","Strike_R","Strike_R","Strike_R","Defend_R","Defend_R","Defend_R","Defend_R","Bash","Second Wind","True Grit+1","Power Through","Headbutt","Sword Boomerang","Dropkick","Battle Trance","Sentinel","Inflame","Body Slam+1","Demon Form","True Grit"],"relics":["Black Blood","Ice Cream","Bottled Lightning","Meat on the Bone","Oddly Smooth Stone"],"potions_floor_usage":[6,13,16],"damage_taken":[{"damage":1,"enemies":"Cultist","floor":1,"turns":4},{"damage":6,"enemies":"Small Slimes","floor":2,"turns":5},{"damage":6,"enemies":"2 Louse","floor":4,"turns":4},{"damage":35,"enemies":"Lagavulin","floor":6,"turns":8},{"damage":38,"enemies":"3 Sentries","floor":8,"turns":15},{"damage":5,"enemies":"2 Fungi Beasts","floor":11,"turns":5},{"damage":11,"enemies":"3 Louse","floor":13,"turns":5},{"damage":31,"enemies":"Gremlin Nob","floor":14,"turns":5},{"damage":53,"enemies":"Slime Boss","floor":16,"turns":12},{"damage":22,"enemies":"Spheric Guardian","floor":18,"turns":6},{"damage":77,"enemies":"Masked Bandits","floor":19,"turns":4}],"seed_played":"3084363111249974883","potions_obtained":[{"floor":2,"key":"Strength Potion"},{"floor":4,"key":"BloodPotion"},{"floor":11,"key":"Fire Potion"},{"floor":13,"key":"Fruit Juice"}],"is_trial":false,"path_per_floor":["M","M","$","M","?","E","R","E","T","R","M","$","M","E","R","B",null,"M","?"],"character_chosen":"IRONCLAD","items_purchased":["Power Through","Headbutt","Sentinel"],"campfire_rested":1,"item_purchase_floors":[3,3,12],"current_hp_per_floor":[72,72,72,72,77,48,48,16,16,46,59,59,71,58,58,23,85,73,0],"gold":182,"neow_bonus":"TWENTY_PERCENT_HP_BONUS","is_prod":false,"is_daily":false,"chose_seed":false,"campfire_upgraded":2,"win_rate":0,"timestamp":1555033027,"path_taken":["M","M","$","?","?","E","R","E","T","R","M","$","M","E","R","BOSS","M","?"],"build_version":"2019-01-23","purchased_purges":0,"victory":false,"max_hp_per_floor":[96,96,96,96,101,101,101,101,101,101,101,101,106,106,106,106,106,106,106],"card_choices":[{"not_picked":["Perfected Strike","Clash"],"picked":"Second Wind","floor":1},{"not_picked":["Heavy Blade","Clothesline"],"picked":"True Grit","floor":2},{"not_picked":["Shrug It Off","Anger"],"picked":"Sword Boomerang","floor":4},{"not_picked":["Twin Strike","Reaper"],"picked":"Dropkick","floor":6},{"not_picked":["Dual Wield","Combust"],"picked":"Battle Trance","floor":8},{"not_picked":["Cleave","Iron Wave","Sever Soul"],"picked":"SKIP","floor":11},{"not_picked":["Heavy Blade","Flame Barrier"],"picked":"Inflame","floor":13},{"not_picked":["Clash","Intimidate"],"picked":"Body Slam","floor":14},{"not_picked":["Dark Embrace","Brutality"],"picked":"Demon Form","floor":16},{"not_picked":["Flame Barrier","Clash"],"picked":"True Grit","floor":18}],"player_experience":661781,"relics_obtained":[{"floor":6,"key":"Ice Cream"},{"floor":8,"key":"Bottled Lightning"},{"floor":9,"key":"Meat on the Bone"},{"floor":14,"key":"Oddly Smooth Stone"}],"event_choices":[{"damage_healed":0,"gold_gain":0,"player_choice":"Donut","damage_taken":0,"max_hp_gain":5,"max_hp_loss":0,"event_name":"Big Fish","floor":5,"gold_loss":0},{"damage_healed":0,"gold_gain":0,"player_choice":"Fought Bandits","damage_taken":0,"max_hp_gain":0,"max_hp_loss":0,"event_name":"Masked Bandits","floor":19,"gold_loss":0}],"is_beta":false,"boss_relics":[{"not_picked":["Tiny House","Runic Cube"],"picked":"Black Blood"}],"items_purged_floors":[],"is_endless":false,"potions_floor_spawned":[2,4,11,13],"killed_by":"Masked Bandits","ascension_level":12}