{"gold_per_floor":[116,116,116,127,143,174,174,349,375,420,452,475,563,77,77,182,182,195,170,170,188,388,388,408,408,408,425,80,80,80],"floor_reached":30,"playtime":2211,"items_purged":["Doubt","Defend_R"],"score":264,"play_id":"b0f3a1a5-a678-4e1f-9fd7-1126d267ed48","local_time":"20190709200631","is_ascension_mode":true,"campfire_choices":[{"floor":7,"key":"REST"},{"data":"Armaments","floor":15,"key":"SMITH"},{"floor":23,"key":"REST"},{"data":"Body Slam","floor":25,"key":"SMITH"},{"floor":29,"key":"REST"}],"neow_cost":"NONE","seed_source_timestamp":839894140731451,"circlet_count":0,"master_deck":["Strike_R","Strike_R","Strike_R","Defend_R","Defend_R","Defend_R","Bash","Barricade","Shrug It Off","Corruption","Metallicize","Metallicize","Immolate","Dual Wield","Armaments+1","Impervious","Entrench","Clothesline","Infernal Blade","Shockwave","Headbutt","Rupture","Whirlwind","Metallicize","Body Slam+1","Body Slam","Headbutt","Shrug It Off","Anger"],"relics":["Burning Blood","Orichalcum","Incense Burner","Pen Nib","MawBank","Vajra","Dream Catcher","Singing Bowl","Orrery","Bottled Lightning","Anchor"],"potions_floor_usage":[21],"damage_taken":[{"damage":9,"enemies":"Jaw Worm","floor":1,"turns":3},{"damage":1,"enemies":"2 Louse","floor":4,"turns":4},{"damage":4,"enemies":"Small Slimes","floor":5,"turns":5},{"damage":17,"enemies":"Gremlin Nob","floor":6,"turns":7},{"damage":10,"enemies":"Lagavulin","floor":10,"turns":12},{"damage":0,"enemies":"Looter","floor":11,"turns":4},{"damage":5,"enemies":"Red Slaver","floor":12,"turns":4},{"damage":14,"enemies":"The Guardian","floor":16,"turns":9},{"damage":4,"enemies":"Chosen","floor":18,"turns":9},{"damage":35,"enemies":"2 Thieves","floor":19,"turns":5},{"damage":7,"enemies":"Chosen and Byrds","floor":21,"turns":6},{"damage":1,"enemies":"Snecko","floor":24,"turns":4},{"damage":19,"enemies":"Cultist and Chosen","floor":27,"turns":10},{"damage":91,"enemies":"Gremlin Leader","floor":30,"turns":4}],"seed_played":"256894416393235626","potions_obtained":[{"floor":6,"key":"Strength Potion"},{"floor":10,"key":"Swift Potion"},{"floor":18,"key":"Strength Potion"},{"floor":21,"key":"Swift Potion"}],"is_trial":false,"path_per_floor":["M","?","T","M","M","E","R","?","T","E","M","M","?","$","R","B",null,"M","M","?","M","?","R","M","R","T","M","$","R","E"],"character_chosen":"IRONCLAD","items_purchased":["Dream Catcher","Singing Bowl","Armaments","Anchor","Headbutt","Shrug It Off"],"campfire_rested":3,"item_purchase_floors":[14,14,14,28,28,28],"current_hp_per_floor":[77,65,65,70,72,61,80,80,80,76,80,80,80,80,80,72,84,84,55,55,54,54,79,86,86,86,73,73,86,0],"gold":80,"neow_bonus":"ONE_RANDOM_RARE_CARD","is_prod":false,"is_daily":false,"chose_seed":false,"campfire_upgraded":2,"win_rate":0,"timestamp":1562699191,"path_taken":["M","?","?","M","M","E","R","?","T","E","M","?","?","$","R","BOSS","M","M","?","M","?","R","?","R","T","M","$","R","E"],"build_version":"2019-07-05","purchased_purges":2,"victory":false,"max_hp_per_floor":[80,80,80,80,80,80,80,80,80,80,80,80,80,80,80,80,84,84,84,84,84,84,84,86,86,86,86,86,86,86],"card_choices":[{"not_picked":["Sword Boomerang","Warcry"],"picked":"Shrug It Off","floor":1},{"not_picked":["Clash","Reckless Charge"],"picked":"Corruption","floor":4},{"not_picked":["Offering","Clash"],"picked":"Metallicize","floor":5},{"not_picked":["Brutality","Reckless Charge"],"picked":"Metallicize","floor":6},{"not_picked":["Warcry","Reckless Charge","Wild Strike"],"picked":"SKIP","floor":10},{"not_picked":["Anger","Iron Wave"],"picked":"Immolate","floor":11},{"not_picked":["Perfected Strike","Burning Pact"],"picked":"Dual Wield","floor":12},{"not_picked":["Immolate","Offering"],"picked":"Impervious","floor":16},{"not_picked":["Seeing Red","Immolate"],"picked":"Entrench","floor":17},{"not_picked":["Pommel Strike","Twin Strike"],"picked":"Clothesline","floor":17},{"not_picked":["Shrug It Off","Ghostly Armor"],"picked":"Infernal Blade","floor":17},{"not_picked":["Flex","Intimidate","Second Wind"],"picked":"Singing Bowl","floor":17},{"not_picked":["Thunderclap","Hemokinesis","Heavy Blade"],"picked":"Singing Bowl","floor":17},{"not_picked":["Sword Boomerang","Pommel Strike"],"picked":"Shockwave","floor":18},{"not_picked":["Perfected Strike","Dark Embrace"],"picked":"Headbutt","floor":19},{"not_picked":["Combust","Corruption+1"],"picked":"Metallicize","floor":21},{"not_picked":["Armaments","Feel No Pain+1"],"picked":"Body Slam","floor":23},{"not_picked":["Twin Strike","Feel No Pain+1","Dark Embrace"],"picked":"Singing Bowl","floor":24},{"not_picked":["Heavy Blade","Havoc+1"],"picked":"Body Slam","floor":27},{"not_picked":["Thunderclap","Body Slam"],"picked":"Anger","floor":29}],"player_experience":82130,"relics_obtained":[{"floor":3,"key":"Incense Burner"},{"floor":6,"key":"Pen Nib"},{"floor":9,"key":"MawBank"},{"floor":10,"key":"Vajra"},{"floor":26,"key":"Bottled Lightning"}],"event_choices":[{"damage_healed":0,"gold_gain":0,"player_choice":"Success","damage_taken":12,"relics_obtained":["Orichalcum"],"max_hp_gain":0,"max_hp_loss":0,"event_name":"Scrap Ooze","floor":2,"gold_loss":0},{"damage_healed":0,"gold_gain":175,"player_choice":"AGREE","damage_taken":0,"max_hp_gain":0,"max_hp_loss":0,"event_name":"Liars Game","floor":8,"gold_loss":0,"cards_obtained":["Doubt"]},{"damage_healed":0,"gold_gain":76,"player_choice":"Gained Gold","damage_taken":0,"max_hp_gain":0,"max_hp_loss":0,"event_name":"Golden Wing","floor":13,"gold_loss":0},{"damage_healed":0,"gold_gain":0,"cards_transformed":["Strike_R","Strike_R"],"player_choice":"Became Test Subject","damage_taken":0,"max_hp_gain":0,"max_hp_loss":0,"event_name":"Drug Dealer","floor":20,"gold_loss":0,"cards_obtained":["Rupture","Whirlwind"]},{"damage_healed":0,"gold_gain":250,"player_choice":"Bet on Owner","damage_taken":0,"max_hp_gain":0,"max_hp_loss":0,"event_name":"The Joust","floor":22,"gold_loss":50}],"is_beta":false,"boss_relics":[{"not_picked":["Astrolabe","Runic Dome"],"picked":"Orrery"}],"items_purged_floors":[14,28],"is_endless":false,"potions_floor_spawned":[6,10,18,19,21],"killed_by":"Gremlin Leader","ascension_level":2}