{"gold_per_floor":[118,131,150,163,238,269,269,302,302,302,317,327,32,32,32,130,130,150,32,27,38,38,38,65,77,77,77,91,108,108],"floor_reached":30,"playtime":1731,"items_purged":["Strike_R"],"score":340,"play_id":"2afc1dca-673f-4f78-a256-1a52e7001c6d","local_time":"20190813141057","is_ascension_mode":true,"campfire_choices":[{"floor":7,"key":"REST"},{"floor":10,"key":"REST"},{"floor":15,"key":"REST"},{"floor":23,"key":"REST"},{"floor":27,"key":"REST"}],"neow_cost":"NONE","seed_source_timestamp":308076330565894,"circlet_count":0,"master_deck":["Strike_R","Strike_R","Strike_R","Defend_R","Defend_R","Defend_R","Bash","Shrug It Off","Iron Wave","Demon Form","Twin Strike","Dual Wield","Disarm","Whirlwind","Clothesline","Feed","Heavy Blade","Iron Wave","Pummel","Whirlwind","Iron Wave","Feed","Armaments+1","Shrug It Off+1"],"relics":["Burning Blood","Strawberry","Pear","The Courier","Velvet Choker","Kunai","Bottled Lightning"],"potions_floor_usage":[4,8,11,12,20,24,28,29],"damage_taken":[{"damage":0,"enemies":"Cultist","floor":1,"turns":4},{"damage":6,"enemies":"Small Slimes","floor":2,"turns":8},{"damage":4,"enemies":"2 Louse","floor":3,"turns":3},{"damage":3,"enemies":"Exordium Thugs","floor":4,"turns":6},{"damage":38,"enemies":"Gremlin Nob","floor":6,"turns":5},{"damage":44,"enemies":"3 Sentries","floor":8,"turns":9},{"damage":36,"enemies":"Lots of Slimes","floor":11,"turns":4},{"damage":11,"enemies":"3 Louse","floor":12,"turns":3},{"damage":39,"enemies":"Slime Boss","floor":16,"turns":10},{"damage":40,"enemies":"Spheric Guardian","floor":18,"turns":6},{"damage":23,"enemies":"2 Thieves","floor":20,"turns":4},{"damage":43,"enemies":"Shelled Parasite and Fungi","floor":21,"turns":6},{"damage":35,"enemies":"Gremlin Leader","floor":24,"turns":7},{"damage":29,"enemies":"Centurion and Healer","floor":25,"turns":7},{"damage":19,"enemies":"Chosen and Byrds","floor":28,"turns":6},{"damage":30,"enemies":"Snake Plant","floor":29,"turns":5},{"damage":29,"enemies":"Slavers","floor":30,"turns":1}],"seed_played":"-2511877515464201177","potions_obtained":[{"floor":1,"key":"Poison Potion"},{"floor":2,"key":"LiquidBronze"},{"floor":6,"key":"FearPotion"},{"floor":8,"key":"Strength Potion"},{"floor":21,"key":"Fire Potion"},{"floor":24,"key":"Explosive Potion"},{"floor":25,"key":"Energy Potion"}],"is_trial":false,"path_per_floor":["M","M","M","M","?","E","R","E","T","R","M","M","$","?","R","B",null,"M","$","M","M","?","R","E","M","T","R","M","M","E"],"character_chosen":"IRONCLAD","items_purchased":["Feed","Heavy Blade","Iron Wave","Pummel","Whirlwind","Iron Wave","Regen Potion"],"campfire_rested":5,"item_purchase_floors":[13,13,13,13,13,13,19],"current_hp_per_floor":[88,88,88,88,77,52,80,52,52,83,53,48,48,48,79,46,105,71,71,68,34,34,66,37,17,17,50,37,16,0],"gold":108,"neow_bonus":"TEN_PERCENT_HP_BONUS","is_prod":false,"is_daily":false,"chose_seed":false,"campfire_upgraded":0,"win_rate":0,"timestamp":1565719857,"path_taken":["M","M","M","M","?","E","R","E","T","R","M","M","$","?","R","BOSS","M","$","?","?","?","R","E","M","T","R","M","M","E"],"build_version":"2019-07-17","purchased_purges":1,"victory":false,"max_hp_per_floor":[88,88,88,88,88,95,95,105,105,105,105,105,105,105,105,105,105,105,105,105,108,108,108,108,111,111,111,111,114,114],"card_choices":[{"not_picked":["Fire Breathing","Pommel Strike"],"picked":"Shrug It Off","floor":1},{"not_picked":["Clash","True Grit"],"picked":"Iron Wave","floor":2},{"not_picked":["Carnage","Infernal Blade"],"picked":"Demon Form","floor":3},{"not_picked":["Pommel Strike","Flex"],"picked":"Twin Strike","floor":4},{"not_picked":["Intimidate","Barricade"],"picked":"Dual Wield","floor":6},{"not_picked":["Anger","Sword Boomerang"],"picked":"Disarm","floor":8},{"not_picked":["Wild Strike","Inflame"],"picked":"Whirlwind","floor":11},{"not_picked":["Warcry","Dropkick"],"picked":"Clothesline","floor":12},{"not_picked":["Double Tap","Brutality"],"picked":"Feed","floor":16},{"not_picked":["Power Through","Havoc","Fire Breathing"],"picked":"SKIP","floor":18},{"not_picked":["Sentinel","Metallicize+1"],"picked":"Armaments+1","floor":20},{"not_picked":["Wild Strike+1","Inflame","Armaments"],"picked":"SKIP","floor":21},{"not_picked":["Reckless Charge","Spot Weakness","Rage"],"picked":"SKIP","floor":24},{"not_picked":["Flex","Sever Soul","Dual Wield+1"],"picked":"SKIP","floor":25},{"not_picked":["Thunderclap","Iron Wave+1"],"picked":"Shrug It Off+1","floor":28},{"not_picked":["Heavy Blade","Power Through+1","Fire Breathing"],"picked":"SKIP","floor":29}],"player_experience":100741,"relics_obtained":[{"floor":6,"key":"Strawberry"},{"floor":8,"key":"Pear"},{"floor":9,"key":"The Courier"},{"floor":24,"key":"Kunai"},{"floor":26,"key":"Bottled Lightning"}],"event_choices":[{"damage_healed":0,"gold_gain":75,"player_choice":"Gather Gold","damage_taken":11,"max_hp_gain":0,"max_hp_loss":0,"event_name":"World of Goop","floor":5,"gold_loss":0},{"cards_removed":["Defend_R"],"damage_healed":0,"gold_gain":0,"player_choice":"Purged","damage_taken":0,"max_hp_gain":0,"max_hp_loss":0,"event_name":"Purifier","floor":14,"gold_loss":0},{"cards_removed":["Strike_R"],"damage_healed":0,"gold_gain":0,"player_choice":"Card Removal","damage_taken":0,"max_hp_gain":0,"max_hp_loss":0,"event_name":"Wheel of Change","floor":22,"gold_loss":0}],"is_beta":false,"boss_relics":[{"not_picked":["Empty Cage","Mark of Pain"],"picked":"Velvet Choker"}],"items_purged_floors":[19],"is_endless":false,"potions_floor_spawned":[1,2,6,8,21,24,25],"killed_by":"Slavers","ascension_level":2}