{"gold_per_floor":[117,61,76,88,88,88,120,120,120,150,160,189,189,205,205,282,282,302,320,337,337,337,337,368,383,409,421,451,491,12,27,27,101,101,117,117,217,231,250,250,261,261,261,65,65,79,3,3,3,3],"floor_reached":51,"playtime":4968,"items_purged":["Strike_G","Strike_G"],"score":1115,"play_id":"d6e6982a-2eeb-45b4-93df-1c57c6336dcf","local_time":"20190121180340","is_ascension_mode":true,"campfire_choices":[{"data":"Dagger Spray","floor":6,"key":"SMITH"},{"data":"Neutralize","floor":8,"key":"SMITH"},{"floor":15,"key":"REST"},{"floor":23,"key":"REST"},{"floor":27,"key":"REST"},{"data":"Bouncing Flask","floor":32,"key":"SMITH"},{"floor":40,"key":"REST"},{"floor":42,"key":"REST"},{"floor":45,"key":"REST"},{"floor":49,"key":"REST"}],"neow_cost":"NONE","seed_source_timestamp":949918382750278,"circlet_count":0,"master_deck":["AscendersBane","Defend_G","Defend_G","Defend_G","Defend_G","Defend_G","Strike_G","Survivor","Neutralize+1","Quick Slash","Dagger Spray+1","Infinite Blades","Leg Sweep","Adrenaline","Footwork+1","Cloak And Dagger","PiercingWail","Adrenaline","Dash","Bouncing Flask+1","Flechettes+1","Dodge and Roll","Well Laid Plans","Noxious Fumes","Deadly Poison","Thinking Ahead","Envenom","Terror+1","Catalyst","Blur","Bane+1","Cloak And Dagger+1"],"relics":["Ring of the Snake","Letter Opener","Bottled Lightning","Pantograph","Blood Vial","Sozu","MutagenicStrength","Red Mask","MawBank","Bag of Marbles","Membership Card","Darkstone Periapt","Fusion Hammer","WingedGreaves","Gambling Chip","Incense Burner","Oddly Smooth Stone"],"potions_floor_usage":[7,10,12,14],"damage_taken":[{"damage":0,"enemies":"2 Louse","floor":1,"turns":5},{"damage":0,"enemies":"Jaw Worm","floor":3,"turns":4},{"damage":0,"enemies":"Cultist","floor":4,"turns":4},{"damage":23,"enemies":"Gremlin Nob","floor":7,"turns":5},{"damage":14,"enemies":"Lagavulin","floor":10,"turns":10},{"damage":1,"enemies":"Blue Slaver","floor":11,"turns":4},{"damage":16,"enemies":"Gremlin Nob","floor":12,"turns":5},{"damage":8,"enemies":"Gremlin Gang","floor":14,"turns":4},{"damage":27,"enemies":"The Guardian","floor":16,"turns":21},{"damage":3,"enemies":"2 Thieves","floor":18,"turns":4},{"damage":0,"enemies":"3 Byrds","floor":19,"turns":4},{"damage":31,"enemies":"Centurion and Healer","floor":20,"turns":9},{"damage":0,"enemies":"Colosseum Slavers","floor":21,"turns":5},{"damage":11,"enemies":"Masked Bandits","floor":24,"turns":4},{"damage":0,"enemies":"Snake Plant","floor":25,"turns":6},{"damage":6,"enemies":"Sentry and Sphere","floor":28,"turns":5},{"damage":19,"enemies":"Slavers","floor":29,"turns":6},{"damage":9,"enemies":"Snecko","floor":31,"turns":5},{"damage":19,"enemies":"Automaton","floor":33,"turns":11},{"damage":0,"enemies":"3 Darklings","floor":35,"turns":5},{"damage":38,"enemies":"Mind Bloom Boss Battle","floor":37,"turns":6},{"damage":0,"enemies":"Orb Walker","floor":38,"turns":3},{"damage":7,"enemies":"4 Shapes","floor":39,"turns":8},{"damage":26,"enemies":"Spire Growth","floor":41,"turns":5},{"damage":12,"enemies":"Maw","floor":46,"turns":7},{"damage":26,"enemies":"Awakened One","floor":50,"turns":18}],"seed_played":"-1110669589054903749","potions_obtained":[{"floor":4,"key":"Energy Potion"},{"floor":7,"key":"Strength Potion"},{"floor":10,"key":"GamblersBrew"},{"floor":11,"key":"Poison Potion"}],"is_trial":false,"path_per_floor":["M","?","M","M","?","R","E","R","T","E","M","E","?","M","R","B",null,"M","M","M","?","?","R","?","M","T","R","M","E","$","M","R","B",null,"M","?","?","M","M","R","M","R","T","$","R","M","$","?","R","B",null],"character_chosen":"THE_SILENT","items_purchased":["Membership Card","Noxious Fumes","Deadly Poison","Thinking Ahead","Darkstone Periapt","Incense Burner","Oddly Smooth Stone"],"campfire_rested":7,"item_purchase_floors":[30,30,30,30,30,44,47],"current_hp_per_floor":[65,65,65,65,65,65,42,42,42,28,27,11,11,5,26,26,61,60,62,33,35,35,56,47,49,49,70,66,49,49,42,42,50,67,69,69,34,36,31,52,28,49,49,49,70,60,60,60,68,42],"gold":3,"neow_bonus":"TEN_PERCENT_HP_BONUS","is_prod":false,"is_daily":false,"chose_seed":false,"campfire_upgraded":3,"win_rate":0,"timestamp":1548111820,"path_taken":["M","?","M","M","?","R","E","R","T","E","?","E","?","M","R","BOSS","M","?","M","?","?","R","?","M","T","R","M","E","$","?","R","BOSS","M","?","?","M","M","R","M","R","T","$","R","M","$","?","R","BOSS"],"build_version":"2019-01-17v2","purchased_purges":2,"victory":true,"max_hp_per_floor":[72,72,72,72,72,72,72,72,72,72,72,72,72,72,72,72,72,72,72,72,72,72,72,72,72,72,72,72,72,72,72,72,72,72,72,72,72,72,72,72,72,72,72,72,72,72,72,68,68,68],"card_choices":[{"not_picked":["Backflip","Footwork"],"picked":"Quick Slash","floor":1},{"not_picked":["Prepared","Acrobatics"],"picked":"Dagger Spray","floor":3},{"not_picked":["Bane","Reflex","Acrobatics"],"picked":"SKIP","floor":4},{"not_picked":["Dagger Spray","PiercingWail"],"picked":"Leg Sweep","floor":7},{"not_picked":["Reflex","Bane"],"picked":"Adrenaline","floor":10},{"not_picked":["Blade Dance","Crippling Poison"],"picked":"Footwork","floor":11},{"not_picked":["Footwork","Outmaneuver"],"picked":"Cloak And Dagger","floor":12},{"not_picked":["Outmaneuver","Skewer"],"picked":"PiercingWail","floor":14},{"not_picked":["Storm of Steel","Grand Finale"],"picked":"Adrenaline","floor":16},{"not_picked":["Flying Knee","Deadly Poison","Outmaneuver"],"picked":"SKIP","floor":18},{"not_picked":["Distraction","Calculated Gamble+1"],"picked":"Dash","floor":19},{"not_picked":["Slice","Outmaneuver"],"picked":"Bouncing Flask","floor":20},{"not_picked":["Deadly Poison","Infinite Blades+1"],"picked":"Flechettes+1","floor":24},{"not_picked":["Bane","Finisher"],"picked":"Dodge and Roll","floor":25},{"not_picked":["Deflect","Concentrate"],"picked":"Well Laid Plans","floor":28},{"not_picked":["Distraction","Prepared","Accuracy"],"picked":"SKIP","floor":29},{"not_picked":["Underhanded Strike","Poisoned Stab","Masterful Stab"],"picked":"SKIP","floor":31},{"not_picked":["Bullet Time","Doppelganger"],"picked":"Envenom","floor":33},{"not_picked":["Endless Agony","Flying Knee"],"picked":"Terror+1","floor":35},{"not_picked":["Blur","Choke"],"picked":"Catalyst","floor":37},{"not_picked":["Deadly Poison+1","Heel Hook"],"picked":"Blur","floor":38},{"not_picked":["Choke","Terror"],"picked":"Bane+1","floor":39},{"not_picked":["Prepared+1","Deadly Poison"],"picked":"Cloak And Dagger+1","floor":41},{"not_picked":["Outmaneuver+1","Deflect","Masterful Stab"],"picked":"SKIP","floor":46}],"player_experience":479347,"relics_obtained":[{"floor":7,"key":"Letter Opener"},{"floor":9,"key":"Bottled Lightning"},{"floor":10,"key":"Pantograph"},{"floor":12,"key":"Blood Vial"},{"floor":24,"key":"Red Mask"},{"floor":26,"key":"MawBank"},{"floor":29,"key":"Bag of Marbles"},{"floor":37,"key":"WingedGreaves"},{"floor":43,"key":"Gambling Chip"}],"event_choices":[{"damage_healed":0,"gold_gain":0,"player_choice":"Left Gold","damage_taken":0,"max_hp_gain":0,"max_hp_loss":0,"event_name":"World of Goop","floor":2,"gold_loss":56},{"damage_healed":0,"gold_gain":0,"cards_transformed":["Strike_G"],"player_choice":"Transformed","damage_taken":0,"max_hp_gain":0,"max_hp_loss":0,"event_name":"Transmorgrifier","floor":5,"gold_loss":0,"cards_obtained":["Infinite Blades"]},{"damage_healed":0,"gold_gain":0,"player_choice":"Upgraded","damage_taken":0,"max_hp_gain":0,"max_hp_loss":0,"event_name":"Upgrade Shrine","floor":13,"gold_loss":0,"cards_upgraded":["Footwork"]},{"damage_healed":0,"gold_gain":0,"player_choice":"Fight","damage_taken":0,"max_hp_gain":0,"max_hp_loss":0,"event_name":"Colosseum","floor":21,"gold_loss":0},{"damage_healed":0,"gold_gain":0,"player_choice":"Fled From Nobs","damage_taken":0,"max_hp_gain":0,"max_hp_loss":0,"event_name":"Colosseum","floor":21,"gold_loss":0},{"damage_healed":0,"gold_gain":0,"player_choice":"Inject Mutagens","damage_taken":0,"relics_obtained":["MutagenicStrength"],"max_hp_gain":0,"max_hp_loss":0,"event_name":"Drug Dealer","floor":22,"gold_loss":0},{"damage_healed":0,"gold_gain":0,"player_choice":"Fought Bandits","damage_taken":0,"max_hp_gain":0,"max_hp_loss":0,"event_name":"Masked Bandits","floor":24,"gold_loss":0},{"cards_removed":["Strike_G"],"damage_healed":0,"gold_gain":0,"player_choice":"Removed Attack","damage_taken":0,"max_hp_gain":0,"max_hp_loss":0,"event_name":"Falling","floor":36,"gold_loss":0},{"damage_healed":0,"gold_gain":0,"player_choice":"Fight","damage_taken":0,"max_hp_gain":0,"max_hp_loss":0,"event_name":"MindBloom","floor":37,"gold_loss":0},{"damage_healed":0,"gold_gain":0,"player_choice":"Max HP","damage_taken":0,"max_hp_gain":0,"max_hp_loss":4,"event_name":"Winding Halls","floor":48,"gold_loss":0}],"is_beta":false,"boss_relics":[{"not_picked":["Eternal Feather","WristBlade"],"picked":"Sozu"},{"not_picked":["HoveringKite","White Beast Statue"],"picked":"Fusion Hammer"}],"items_purged_floors":[30,44],"is_endless":false,"potions_floor_spawned":[4,7,10,11,19,20,29,33,38,39],"ascension_level":15}