{"gold_per_floor":[110,110,210,14,30,62,62,95,149,149,74,92,92],"floor_reached":13,"playtime":1807,"items_purged":["Strike_B"],"score":118,"play_id":"7c24b312-917c-44ca-a653-4f8c2d35ff30","local_time":"20190106064005","is_ascension_mode":true,"campfire_choices":[{"data":"Jack Of All Trades","floor":7,"key":"SMITH"},{"floor":10,"key":"REST"}],"neow_cost":"PERCENT_DAMAGE","seed_source_timestamp":1244705071577618,"circlet_count":0,"master_deck":["Strike_B","Strike_B+1","Strike_B+1","Defend_B","Defend_B","Defend_B","Defend_B","Zap","Dualcast","Jack Of All Trades+1","Secret Weapon","Darkness","Auto Shields"],"relics":["Cracked Core","Lee\u0027s Waffle","Omamori","Art of War","Potion Belt"],"potions_floor_usage":[],"damage_taken":[{"damage":3,"enemies":"Small Slimes","floor":1,"turns":3},{"damage":0,"enemies":"2 Louse","floor":5,"turns":2},{"damage":35,"enemies":"Gremlin Nob","floor":6,"turns":4},{"damage":40,"enemies":"3 Sentries","floor":8,"turns":7},{"damage":0,"enemies":"Cultist","floor":12,"turns":4},{"damage":32,"enemies":"Gremlin Gang","floor":13,"turns":3}],"seed_played":"3921012370443268134","potions_obtained":[{"floor":5,"key":"AttackPotion"},{"floor":6,"key":"EssenceOfSteel"},{"floor":12,"key":"PowerPotion"}],"is_trial":false,"path_per_floor":["M","?","?","$","M","E","R","E","T","R","$","M","M"],"character_chosen":"DEFECT","items_purchased":["Lee\u0027s Waffle"],"campfire_rested":1,"item_purchase_floors":[4],"current_hp_per_floor":[47,32,32,82,82,47,47,7,7,31,31,31,0],"gold":92,"neow_bonus":"RANDOM_COLORLESS_2","is_prod":false,"is_daily":false,"chose_seed":false,"campfire_upgraded":1,"win_rate":0,"timestamp":1546778405,"path_taken":["M","?","?","$","?","E","R","E","T","R","$","M","M"],"build_version":"2019-01-03v4","purchased_purges":1,"victory":false,"max_hp_per_floor":[75,75,75,82,82,82,82,82,82,82,82,82,82],"card_choices":[{"not_picked":["Compile Driver","Gash","Sweeping Beam"],"picked":"SKIP","floor":1},{"not_picked":["Leap","Redo"],"picked":"Darkness","floor":5},{"not_picked":["Blizzard","Skim","Barrage"],"picked":"SKIP","floor":6},{"not_picked":["Conserve Battery","Chaos"],"picked":"Auto Shields","floor":8},{"not_picked":["Compile Driver","Auto Shields","Turbo"],"picked":"SKIP","floor":12}],"player_experience":497247,"relics_obtained":[{"floor":6,"key":"Omamori"},{"floor":8,"key":"Art of War"},{"floor":9,"key":"Potion Belt"}],"event_choices":[{"damage_healed":0,"gold_gain":0,"player_choice":"Entered Light","damage_taken":15,"max_hp_gain":0,"max_hp_loss":0,"event_name":"Shining Light","floor":2,"gold_loss":0,"cards_upgraded":["Strike_B","Strike_B"]},{"damage_healed":0,"gold_gain":100,"player_choice":"Pray","damage_taken":0,"max_hp_gain":0,"max_hp_loss":0,"event_name":"Golden Shrine","floor":3,"gold_loss":0}],"is_beta":false,"boss_relics":[],"items_purged_floors":[11],"is_endless":false,"potions_floor_spawned":[5,6,12],"killed_by":"Gremlin Gang","ascension_level":6}