{"gold_per_floor":[113,129,144,160,177,177,196,215,215,235,235,310,320,337,337,438,438,456,469,484,500,500,500,511,511,583,594,594,187,187,200,200,296,296,306,110,110,0,0,0,10,21,21,36,46,46,46,46],"floor_reached":48,"playtime":4422,"items_purged":["Defend_G"],"score":481,"play_id":"fa0a4429-d918-4818-b25a-0cad08599965","local_time":"20190225172539","is_ascension_mode":true,"campfire_choices":[{"data":"Dash","floor":6,"key":"SMITH"},{"data":"Predator","floor":11,"key":"SMITH"},{"data":"Leg Sweep","floor":15,"key":"SMITH"},{"floor":23,"key":"REST"},{"floor":25,"key":"REST"},{"data":"Chrysalis","floor":32,"key":"SMITH"},{"data":"Madness","floor":40,"key":"SMITH"},{"floor":46,"key":"REST"}],"neow_cost":"NONE","seed_source_timestamp":261352357632636,"circlet_count":0,"master_deck":["Defend_G","Defend_G","Defend_G","Survivor","Neutralize","Cloak And Dagger","Dash+1","Predator+1","All Out Attack","Underhanded Strike","Leg Sweep+1","Tactician","Corpse Explosion","Bouncing Flask+1","Underhanded Strike+1","Footwork+1","Footwork","Tactician","Dagger Spray","Bane+1","Dash","Bite","Bite+1","Bite","Bite","Bite","Chrysalis+1","Night Terror","Dash","Dodge and Roll+1","Flying Knee+1","Sadistic Nature","Madness+1"],"relics":["White Beast Statue","FossilizedHelix","Mercury Hourglass","Whetstone","Nloth\u0027s Gift","Orrery","OrangePellets","Red Mask","Bottled Lightning"],"potions_floor_usage":[4,4,7,8,13,16,16,16,18,20,24,27,27,33,35,41,44,45,45,48,48],"damage_taken":[{"damage":1,"enemies":"Cultist","floor":1,"turns":5},{"damage":0,"enemies":"Small Slimes","floor":2,"turns":5},{"damage":0,"enemies":"Jaw Worm","floor":3,"turns":4},{"damage":7,"enemies":"Large Slime","floor":4,"turns":7},{"damage":2,"enemies":"Red Slaver","floor":5,"turns":4},{"damage":0,"enemies":"Exordium Wildlife","floor":7,"turns":4},{"damage":0,"enemies":"Large Slime","floor":8,"turns":4},{"damage":2,"enemies":"Blue Slaver","floor":10,"turns":4},{"damage":0,"enemies":"Lots of Slimes","floor":13,"turns":1},{"damage":0,"enemies":"3 Louse","floor":14,"turns":2},{"damage":26,"enemies":"The Guardian","floor":16,"turns":12},{"damage":0,"enemies":"2 Thieves","floor":18,"turns":4},{"damage":0,"enemies":"Chosen","floor":19,"turns":4},{"damage":0,"enemies":"3 Cultists","floor":20,"turns":3},{"damage":22,"enemies":"Centurion and Healer","floor":21,"turns":8},{"damage":30,"enemies":"Sentry and Sphere","floor":24,"turns":5},{"damage":0,"enemies":"Chosen and Byrds","floor":27,"turns":6},{"damage":2,"enemies":"Snecko","floor":31,"turns":4},{"damage":84,"enemies":"Champ","floor":33,"turns":21},{"damage":9,"enemies":"3 Shapes","floor":35,"turns":5},{"damage":11,"enemies":"Orb Walker","floor":41,"turns":4},{"damage":0,"enemies":"Spire Growth","floor":42,"turns":7},{"damage":0,"enemies":"Jaw Worm Horde","floor":44,"turns":2},{"damage":17,"enemies":"4 Shapes","floor":45,"turns":4},{"damage":52,"enemies":"Transient","floor":48,"turns":5}],"seed_played":"2808903640777251016","potions_obtained":[{"floor":1,"key":"Weak Potion"},{"floor":2,"key":"LiquidBronze"},{"floor":3,"key":"SkillPotion"},{"floor":4,"key":"Explosive Potion"},{"floor":5,"key":"FearPotion"},{"floor":7,"key":"Strength Potion"},{"floor":8,"key":"PowerPotion"},{"floor":13,"key":"Block Potion"},{"floor":16,"key":"Poison Potion"},{"floor":18,"key":"EssenceOfSteel"},{"floor":19,"key":"FairyPotion"},{"floor":20,"key":"SpeedPotion"},{"floor":21,"key":"LiquidBronze"},{"floor":24,"key":"Poison Potion"},{"floor":27,"key":"Swift Potion"},{"floor":31,"key":"GamblersBrew"},{"floor":33,"key":"Strength Potion"},{"floor":35,"key":"SkillPotion"},{"floor":41,"key":"Swift Potion"},{"floor":42,"key":"Explosive Potion"},{"floor":44,"key":"SneckoOil"},{"floor":45,"key":"AttackPotion"}],"is_trial":false,"path_per_floor":["M","M","M","M","M","R","M","M","T","M","R","?","M","M","R","B",null,"M","M","M","M","?","R","M","R","T","M","?","$","?","M","R","B",null,"M","$","?","?","?","R","M","M","T","M","M","R","$","M"],"character_chosen":"THE_SILENT","items_purchased":["Whetstone","Chrysalis","OrangePellets"],"campfire_rested":3,"item_purchase_floors":[29,29,36],"current_hp_per_floor":[69,69,69,62,60,60,60,60,60,58,58,47,47,47,47,21,70,70,70,70,48,35,57,27,49,49,49,49,49,49,52,52,4,52,45,45,35,35,35,35,29,31,31,31,19,34,34,0],"gold":46,"neow_bonus":"BOSS_RELIC","is_prod":false,"is_daily":false,"chose_seed":false,"campfire_upgraded":5,"win_rate":0,"timestamp":1551133539,"path_taken":["M","M","M","M","M","R","M","M","T","M","R","?","M","M","R","BOSS","M","M","M","M","?","R","M","R","T","M","?","$","?","M","R","BOSS","M","$","?","?","?","R","M","M","T","M","M","R","?","M"],"build_version":"2019-01-23","purchased_purges":1,"victory":false,"max_hp_per_floor":[70,70,70,70,70,70,70,70,70,70,70,70,70,70,70,70,70,70,70,70,70,75,75,75,75,75,75,52,52,52,52,52,52,52,52,52,52,52,52,52,52,52,52,52,52,52,52,52],"card_choices":[{"not_picked":["Skewer","Underhanded Strike"],"picked":"Cloak And Dagger","floor":1},{"not_picked":["Prepared","Masterful Stab","Slice"],"picked":"SKIP","floor":2},{"not_picked":["Deadly Poison","Dagger Spray"],"picked":"Dash","floor":3},{"not_picked":["Slice","Tactician"],"picked":"Predator","floor":4},{"not_picked":["Slice","Dagger Spray","Acrobatics"],"picked":"SKIP","floor":5},{"not_picked":["Blade Dance","Backflip"],"picked":"All Out Attack","floor":7},{"not_picked":["Bane","Backflip","Flying Knee"],"picked":"SKIP","floor":8},{"not_picked":["Heel Hook","Calculated Gamble"],"picked":"Underhanded Strike","floor":10},{"not_picked":["Outmaneuver","Dagger Spray"],"picked":"Leg Sweep","floor":13},{"not_picked":["PiercingWail","Burst"],"picked":"Tactician","floor":14},{"not_picked":["Storm of Steel","Wraith Form v2"],"picked":"Corpse Explosion","floor":16},{"not_picked":["Masterful Stab","Cloak And Dagger"],"picked":"Footwork","floor":18},{"not_picked":["Backstab+1","Poisoned Stab"],"picked":"Tactician","floor":19},{"not_picked":["Dagger Spray","Sucker Punch","Skewer+1"],"picked":"SKIP","floor":20},{"not_picked":["Sucker Punch","Skewer+1"],"picked":"Dagger Spray","floor":20},{"not_picked":["Prepared","Finisher"],"picked":"Bane","floor":21},{"not_picked":["Deflect","Blade Dance","Choke+1"],"picked":"SKIP","floor":24},{"not_picked":["Escape Plan+1","Skewer"],"picked":"Dash","floor":27},{"not_picked":["Blur","Acrobatics","Quick Slash"],"picked":"SKIP","floor":31},{"not_picked":["Malaise","Tools of the Trade"],"picked":"Night Terror","floor":33},{"not_picked":["Accuracy","Bane"],"picked":"Dash","floor":34},{"not_picked":["Deadly Poison","Sucker Punch"],"picked":"Dodge and Roll+1","floor":34},{"not_picked":["Night Terror","Riddle With Holes"],"picked":"Flying Knee+1","floor":35},{"not_picked":["Sadistic Nature","Swift Strike"],"picked":"Discovery","floor":37},{"not_picked":["Jack Of All Trades","Purity"],"picked":"Sadistic Nature","floor":37},{"not_picked":["Master of Strategy","Finesse"],"picked":"Madness","floor":37},{"not_picked":["PiercingWail+1","All Out Attack+1","Riddle With Holes"],"picked":"SKIP","floor":41},{"not_picked":["Underhanded Strike","Skewer+1","Acrobatics"],"picked":"SKIP","floor":42},{"not_picked":["Acrobatics+1","Slice","Expertise+1"],"picked":"SKIP","floor":44},{"not_picked":["Slice+1","Deadly Poison","Dodge and Roll+1"],"picked":"SKIP","floor":45}],"player_experience":219641,"relics_obtained":[{"floor":9,"key":"FossilizedHelix"},{"floor":26,"key":"Mercury Hourglass"},{"floor":43,"key":"Bottled Lightning"}],"event_choices":[{"damage_healed":0,"gold_gain":75,"player_choice":"Gather Gold","damage_taken":11,"max_hp_gain":0,"max_hp_loss":0,"event_name":"World of Goop","floor":12,"gold_loss":0},{"damage_healed":0,"gold_gain":0,"player_choice":"Shed Blood","damage_taken":18,"max_hp_gain":5,"max_hp_loss":0,"event_name":"Forgotten Altar","floor":22,"gold_loss":0},{"damage_healed":0,"gold_gain":0,"player_choice":"Became a vampire","damage_taken":0,"max_hp_gain":0,"max_hp_loss":23,"event_name":"Vampires","floor":28,"gold_loss":0,"cards_obtained":["Bite","Bite","Bite","Bite","Bite"]},{"damage_healed":0,"gold_gain":0,"player_choice":"Traded Relic","damage_taken":0,"relics_obtained":["Nloth\u0027s Gift"],"max_hp_gain":0,"max_hp_loss":0,"event_name":"N\u0027loth","floor":30,"relics_lost":["Astrolabe"],"gold_loss":0},{"damage_healed":0,"gold_gain":0,"player_choice":"Memory 3","damage_taken":10,"max_hp_gain":0,"max_hp_loss":0,"event_name":"SensoryStone","floor":37,"gold_loss":0},{"damage_healed":0,"gold_gain":0,"player_choice":"Paid","damage_taken":0,"relics_obtained":["Red Mask"],"max_hp_gain":0,"max_hp_loss":0,"event_name":"Tomb of Lord Red Mask","floor":38,"gold_loss":110},{"cards_removed":["Discovery"],"damage_healed":0,"gold_gain":0,"player_choice":"Removed Skill","damage_taken":0,"max_hp_gain":0,"max_hp_loss":0,"event_name":"Falling","floor":39,"gold_loss":0}],"is_beta":false,"boss_relics":[{"not_picked":["Lizard Tail","Calling Bell"],"picked":"Astrolabe"},{"not_picked":["Pandora\u0027s Box","Cursed Key"],"picked":"Orrery"}],"items_purged_floors":[29],"is_endless":false,"potions_floor_spawned":[1,2,3,4,5,7,8,10,13,14,16,18,19,20,21,24,27,31,33,35,41,42,44,45],"killed_by":"Transient","ascension_level":1}