{"gold_per_floor":[119,119,119,132,147,147,147,164,164,184,184,219,234,234,234,336,336,353,268,268,288,288,288,321,321],"floor_reached":25,"playtime":3484,"items_purged":[],"score":312,"play_id":"ff780f4d-e809-4a0b-8a88-6c7eaeaa4909","local_time":"20190106075117","is_ascension_mode":true,"campfire_choices":[{"data":"Zap","floor":6.0,"key":"SMITH"},{"data":"Dualcast","floor":11.0,"key":"SMITH"},{"data":"Go for the Eyes","floor":15.0,"key":"SMITH"},{"data":"Rip and Tear","floor":23.0,"key":"SMITH"}],"neow_cost":"NONE","seed_source_timestamp":1246522314373142,"circlet_count":0,"master_deck":["Defend_B","Defend_B","Defend_B","Defend_B","Zap+1","Dualcast+1","Rebound","Cold Snap","Conserve Battery","Go for the Eyes+1","Rip and Tear+1","Go for the Eyes+1","Bite","Bite","Bite","Bite","Bite","Consume"],"special_seed":0,"relics":["Cracked Core","Strawberry","Regal Pillow","Symbiotic Virus","Dead Branch","Coffee Dripper","Dodecahedron","Nilry\u0027s Codex","Oddly Smooth Stone"],"potions_floor_usage":[],"damage_taken":[{"damage":1.0,"enemies":"Cultist","floor":1.0,"turns":3.0},{"damage":12.0,"enemies":"Small Slimes","floor":4.0,"turns":3.0},{"damage":2.0,"enemies":"Jaw Worm","floor":5.0,"turns":3.0},{"damage":1.0,"enemies":"3 Louse","floor":8.0,"turns":2.0},{"damage":0.0,"enemies":"Looter","floor":10.0,"turns":2.0},{"damage":14.0,"enemies":"Lagavulin","floor":12.0,"turns":7.0},{"damage":13.0,"enemies":"Large Slime","floor":13.0,"turns":4.0},{"damage":24.0,"enemies":"Hexaghost","floor":16.0,"turns":12.0},{"damage":11.0,"enemies":"3 Byrds","floor":18.0,"turns":4.0},{"damage":0.0,"enemies":"Spheric Guardian","floor":21.0,"turns":2.0},{"damage":56.0,"enemies":"Slavers","floor":24.0,"turns":6.0},{"damage":16,"enemies":"Snake Plant","floor":25,"turns":2}],"seed_played":"-4527580464447144628","potions_obtained":[{"floor":1.0,"key":"Fire Potion"},{"floor":8.0,"key":"FairyPotion"},{"floor":12.0,"key":"Dexterity Potion"},{"floor":16.0,"key":"Fire Potion"},{"floor":18.0,"key":"GamblersBrew"}],"is_trial":false,"path_per_floor":["M","T","?","M","M","R","?","M","T","M","R","E","M","?","R","B",null,"M","?","?","M","?","R","E","M"],"character_chosen":"DEFECT","items_purchased":[],"campfire_rested":0,"item_purchase_floors":[],"current_hp_per_floor":[74,81,81,69,67,67,67,66,66,66,66,52,39,39,39,15,71,60,60,44,44,44,44,5,0],"gold":321,"neow_bonus":"TEN_PERCENT_HP_BONUS","is_prod":false,"is_daily":false,"chose_seed":false,"campfire_upgraded":4,"win_rate":0,"timestamp":1546782677,"path_taken":["M","?","?","?","M","R","?","M","T","M","R","E","M","?","R","BOSS","M","?","?","M","?","R","E","?"],"build_version":"2019-01-03v4","purchased_purges":0,"victory":false,"max_hp_per_floor":[82,89,89,89,89,89,89,89,89,89,89,89,89,89,89,89,89,89,89,89,89,62,62,62,62],"card_choices":[{"not_picked":["Tempest","Turbo"],"picked":"Rebound","floor":1.0},{"not_picked":["Coolheaded","Beam Cell"],"picked":"Cold Snap","floor":4.0},{"not_picked":["Steam","Stack","Turbo"],"picked":"SKIP","floor":5.0},{"not_picked":["Barrage","Hello World"],"picked":"Conserve Battery","floor":8.0},{"not_picked":["Turbo","Heatsinks","Double Energy"],"picked":"SKIP","floor":10.0},{"not_picked":["Conserve Battery","Streamline","Steam"],"picked":"SKIP","floor":12.0},{"not_picked":["Rebound","Hyperbeam"],"picked":"Go for the Eyes","floor":13.0},{"not_picked":["Go for the Eyes","Conserve Battery+1"],"picked":"Rip and Tear","floor":18.0},{"not_picked":["Steam","Skim"],"picked":"Go for the Eyes+1","floor":21.0},{"not_picked":["Barrage","Loop"],"picked":"Consume","floor":24.0}],"player_experience":499054,"relics_obtained":[{"floor":2.0,"key":"Strawberry"},{"floor":9.0,"key":"Symbiotic Virus"},{"floor":12.0,"key":"Dead Branch"},{"floor":20.0,"key":"Nilry\u0027s Codex"},{"floor":24.0,"key":"Oddly Smooth Stone"}],"event_choices":[{"damage_healed":0.0,"max_hp_gain":0.0,"max_hp_loss":0.0,"gold_gain":0.0,"event_name":"WeMeetAgain","player_choice":"Gave Potion","floor":3.0,"gold_loss":0.0,"damage_taken":0.0,"relics_obtained":["Regal Pillow"]},{"cards_removed":["Strike_B"],"damage_healed":0.0,"max_hp_gain":0.0,"max_hp_loss":0.0,"gold_gain":0.0,"event_name":"Living Wall","player_choice":"Forget","floor":7.0,"gold_loss":0.0,"damage_taken":0.0},{"damage_healed":0.0,"max_hp_gain":0.0,"max_hp_loss":0.0,"gold_gain":0.0,"event_name":"Liars Game","player_choice":"Ignored","floor":14.0,"gold_loss":0.0,"damage_taken":0.0},{"damage_healed":0.0,"max_hp_gain":0.0,"max_hp_loss":0.0,"gold_gain":0.0,"event_name":"Addict","player_choice":"Obtained Relic","floor":19.0,"gold_loss":85.0,"damage_taken":0.0,"relics_obtained":["Dodecahedron"]},{"damage_healed":0.0,"max_hp_gain":0.0,"max_hp_loss":0.0,"gold_gain":0.0,"event_name":"Cursed Tome","player_choice":"Obtained Book","floor":20.0,"gold_loss":0.0,"damage_taken":16.0},{"damage_healed":0.0,"max_hp_gain":0.0,"max_hp_loss":27.0,"gold_gain":0.0,"event_name":"Vampires","player_choice":"Became a vampire","floor":22.0,"gold_loss":0.0,"damage_taken":0.0,"cards_obtained":["Bite","Bite","Bite","Bite","Bite"]}],"is_beta":false,"boss_relics":[{"not_picked":["Empty Cage","Ectoplasm"],"picked":"Coffee Dripper"}],"items_purged_floors":[],"is_endless":false,"potions_floor_spawned":[1,8,12,16,18],"killed_by":"Snake Plant","ascension_level":6}