{"gold_per_floor":[366,381,76,87,101,134,134,160,186,196,212,39,39,39,39,39],"floor_reached":16,"playtime":894,"items_purged":["Strike_R","Strike_R"],"score":157,"play_id":"3d91f28c-97bb-471e-b653-7ce8aec9be11","local_time":"20181019170338","is_ascension_mode":true,"campfire_choices":[{"data":"Armaments","floor":7,"key":"SMITH"},{"data":"Metallicize","floor":13,"key":"SMITH"},{"floor":15,"key":"REST"}],"neow_cost":"TEN_PERCENT_HP_LOSS","seed_source_timestamp":7495548903067,"circlet_count":0,"master_deck":["Strike_R","Strike_R","Defend_R","Defend_R","Defend_R","Defend_R","Bash","Thunderclap","Armaments+1","Combust","Wild Strike","Power Through","Whirlwind","Metallicize+1","Fire Breathing"],"relics":["Burning Blood","Anchor","Thread and Needle","PreservedInsect","Ancient Tea Set"],"potions_floor_usage":[6,6,16],"damage_taken":[{"damage":1,"enemies":"Cultist","floor":1,"turns":3},{"damage":0,"enemies":"2 Louse","floor":2,"turns":3},{"damage":3,"enemies":"Small Slimes","floor":4,"turns":3},{"damage":10,"enemies":"Exordium Wildlife","floor":5,"turns":5},{"damage":33,"enemies":"Lagavulin","floor":6,"turns":10},{"damage":6,"enemies":"3 Sentries","floor":8,"turns":5},{"damage":0,"enemies":"Red Slaver","floor":10,"turns":4},{"damage":0,"enemies":"2 Fungi Beasts","floor":11,"turns":4},{"damage":67,"enemies":"Hexaghost","floor":16,"turns":12}],"seed_played":"-3188066759383704045","potions_obtained":[{"floor":4,"key":"SteroidPotion"},{"floor":5,"key":"Weak Potion"},{"floor":6,"key":"GamblersBrew"},{"floor":8,"key":"Strength Potion"},{"floor":10,"key":"Swift Potion"}],"is_trial":false,"path_per_floor":["M","M","$","M","M","E","R","E","T","M","M","$","R","?","R"],"character_chosen":"IRONCLAD","items_purchased":["Anchor","Combust","Fire Breathing"],"campfire_rested":1,"item_purchase_floors":[3,3,12],"current_hp_per_floor":[72,72,72,72,68,41,41,41,41,47,53,53,53,46,67,0],"gold":39,"neow_bonus":"TWO_FIFTY_GOLD","is_prod":false,"is_daily":false,"chose_seed":false,"campfire_upgraded":2,"win_rate":0,"timestamp":1539961418,"path_taken":["M","M","$","M","?","E","R","E","T","M","M","$","R","?","R","BOSS"],"build_version":"2018-10-11","purchased_purges":2,"victory":false,"max_hp_per_floor":[72,72,72,72,72,72,72,72,72,72,72,72,72,72,72,72],"card_choices":[{"not_picked":["Perfected Strike","Headbutt"],"picked":"Thunderclap","floor":1},{"not_picked":["Infernal Blade","Rupture"],"picked":"Armaments","floor":2},{"not_picked":["Headbutt","Reckless Charge"],"picked":"Wild Strike","floor":4},{"not_picked":["Pommel Strike","Warcry"],"picked":"Power Through","floor":5},{"not_picked":["Clothesline","Headbutt"],"picked":"Whirlwind","floor":6},{"not_picked":["Flex","Impervious"],"picked":"Metallicize","floor":8},{"not_picked":["Thunderclap","Twin Strike","Perfected Strike"],"picked":"SKIP","floor":10},{"not_picked":["Thunderclap","Flex","Body Slam"],"picked":"SKIP","floor":11}],"player_experience":201687,"relics_obtained":[{"floor":6,"key":"Thread and Needle"},{"floor":8,"key":"PreservedInsect"},{"floor":9,"key":"Ancient Tea Set"}],"event_choices":[{"event_name":"Golden Wing","player_choice":"Card Removal","floor":14,"damage_taken":0}],"is_beta":false,"boss_relics":[],"items_purged_floors":[3,12],"is_endless":false,"potions_floor_spawned":[4,5,6,8,10],"killed_by":"Hexaghost","ascension_level":8}