{"gold_per_floor":[110,121,121,47,65,96,96,116,169,187,187,76,92,92,92,187,187,202,202,220,220,220,220,238,238,284,296,37,37,37,52,52,157,157,174,174,189,2,13,13,41,41,41,0,0,10,29,46,46,46],"floor_reached":50,"playtime":6244,"items_purged":["Regret","Defend_R"],"score":499,"play_id":"b9d916cc-80be-4124-b617-eb85e22c82bc","local_time":"20180927072457","is_ascension_mode":false,"campfire_choices":[{"data":"Armaments","floor":7,"key":"SMITH"},{"floor":15,"key":"REST"},{"floor":23,"key":"REST"},{"floor":25,"key":"REST"},{"data":"Anger","floor":29,"key":"SMITH"},{"data":"Armaments","floor":32,"key":"SMITH"},{"floor":40,"key":"REST"},{"data":"Offering","floor":42,"key":"SMITH"},{"floor":49,"key":"REST"}],"neow_cost":"","seed_source_timestamp":51965004788381,"circlet_count":0,"master_deck":["Defend_R","Defend_R","Bash","Armaments+1","Armaments+1","Rampage","Anger+1","Body Slam+1","Fire Breathing","Battle Trance","Offering","Carnage","Bite","Bite","Bite+1","Bite","Bite","Clothesline","Offering+1","Rampage+1","Barricade","Whirlwind+1","Bloodletting+1","Fire Breathing","Anger+1","Seeing Red"],"relics":["Burning Blood","Pantograph","Happy Flower","Oddly Smooth Stone","Ancient Tea Set","Nunchaku","Empty Cage","Enchiridion","Whetstone","Runic Pyramid","Strawberry","PreservedInsect","Magic Flower","Shuriken","Red Mask"],"potions_floor_usage":[16,33,33,35,50],"damage_taken":[{"damage":1,"enemies":"Jaw Worm","floor":1,"turns":5},{"damage":4,"enemies":"Small Slimes","floor":2,"turns":4},{"damage":0,"enemies":"2 Louse","floor":5,"turns":2},{"damage":46,"enemies":"3 Sentries","floor":6,"turns":11},{"damage":4,"enemies":"Blue Slaver","floor":8,"turns":5},{"damage":3,"enemies":"3 Louse","floor":10,"turns":3},{"damage":4,"enemies":"Looter","floor":13,"turns":2},{"damage":53,"enemies":"The Guardian","floor":16,"turns":10},{"damage":31,"enemies":"2 Thieves","floor":18,"turns":3},{"damage":13,"enemies":"Chosen","floor":20,"turns":5},{"damage":31,"enemies":"Colosseum Slavers","floor":21,"turns":4},{"damage":20,"enemies":"Centurion and Healer","floor":24,"turns":5},{"damage":19,"enemies":"Shelled Parasite and Fungi","floor":27,"turns":4},{"damage":11,"enemies":"Cultist and Chosen","floor":31,"turns":4},{"damage":52,"enemies":"Champ","floor":33,"turns":8},{"damage":62,"enemies":"3 Darklings","floor":35,"turns":4},{"damage":16,"enemies":"Orb Walker","floor":37,"turns":2},{"damage":31,"enemies":"Maw","floor":39,"turns":7},{"damage":33,"enemies":"Giant Head","floor":41,"turns":6},{"damage":21,"enemies":"4 Shapes","floor":46,"turns":1},{"damage":52,"enemies":"Sphere and 2 Shapes","floor":47,"turns":4},{"damage":41,"enemies":"Maw","floor":48,"turns":6},{"damage":70,"enemies":"Awakened One","floor":50,"turns":3}],"seed_played":"-6862052808547126170","potions_obtained":[{"floor":1,"key":"SkillPotion"},{"floor":10,"key":"SteroidPotion"},{"floor":13,"key":"BloodPotion"},{"floor":18,"key":"SteroidPotion"},{"floor":35,"key":"Explosive Potion"},{"floor":46,"key":"Swift Potion"},{"floor":47,"key":"Block Potion"}],"is_trial":false,"path_per_floor":["M","M","?","$","M","E","R","M","T","M","?","$","M","T","R","B",null,"M","?","M","?","?","R","M","R","T","M","$","R","$","M","R","B",null,"M","?","M","$","M","R","E","R","T","?","?","M","M","M","R"],"character_chosen":"IRONCLAD","items_purchased":["Rampage","Bloodletting","Offering","Fire Breathing","PreservedInsect"],"campfire_rested":5,"item_purchase_floors":[4,12,28,38,38],"current_hp_per_floor":[80,80,80,80,80,40,40,42,42,45,42,42,44,44,68,33,80,55,39,32,7,7,23,20,36,36,35,35,35,35,44,44,33,56,17,24,24,24,31,49,42,42,42,42,42,35,16,15,33,0],"gold":46,"neow_bonus":"","is_prod":false,"is_daily":false,"chose_seed":false,"campfire_upgraded":4,"win_rate":0.0,"timestamp":1538025897,"path_taken":["M","M","?","$","M","E","R","M","T","M","?","$","M","?","R","BOSS","M","?","M","?","?","R","M","R","T","M","$","R","$","M","R","BOSS","M","?","M","$","M","R","E","R","T","?","?","M","M","M","R","BOSS"],"build_version":"2018-09-20","purchased_purges":2,"victory":false,"max_hp_per_floor":[80,80,80,80,80,80,80,80,80,80,80,80,80,80,80,80,80,80,80,80,80,56,56,56,56,56,56,56,56,56,56,56,56,56,56,63,63,63,63,63,63,63,63,63,63,63,63,63,63,63],"card_choices":[{"not_picked":["Shockwave","Hemokinesis"],"picked":"Armaments","floor":1},{"not_picked":["True Grit","Fire Breathing"],"picked":"Armaments","floor":2},{"not_picked":["Thunderclap","Infernal Blade"],"picked":"Anger","floor":5},{"not_picked":["Twin Strike","Flex"],"picked":"Burning Pact","floor":6},{"not_picked":["Clash","Thunderclap"],"picked":"Body Slam","floor":8},{"not_picked":["Armaments","Rupture"],"picked":"Fire Breathing","floor":10},{"not_picked":["Flex","Twin Strike"],"picked":"Battle Trance","floor":13},{"not_picked":["Impervious","Feed"],"picked":"Offering","floor":16},{"not_picked":["True Grit+1","Perfected Strike+1","Sword Boomerang"],"picked":"SKIP","floor":18},{"not_picked":["Perfected Strike","Second Wind"],"picked":"Carnage","floor":20},{"not_picked":["Cleave","Impervious"],"picked":"Clothesline","floor":24},{"not_picked":["Clash+1","Feel No Pain+1","Iron Wave"],"picked":"SKIP","floor":27},{"not_picked":["Shrug It Off","Perfected Strike"],"picked":"Rampage+1","floor":31},{"not_picked":["Dark Embrace","Feed"],"picked":"Barricade","floor":33},{"not_picked":["Infernal Blade+1","Perfected Strike"],"picked":"Whirlwind+1","floor":35},{"not_picked":["Flex","Body Slam"],"picked":"Bloodletting+1","floor":37},{"not_picked":["Rampage+1","Corruption+1","Infernal Blade"],"picked":"SKIP","floor":39},{"not_picked":["Thunderclap+1","Shrug It Off","Twin Strike+1"],"picked":"SKIP","floor":41},{"not_picked":["Rampage+1","Warcry","Body Slam+1"],"picked":"SKIP","floor":46},{"not_picked":["Barricade","Twin Strike+1"],"picked":"Anger+1","floor":47},{"not_picked":["Sword Boomerang+1","Clash"],"picked":"Seeing Red","floor":48}],"player_experience":0,"relics_obtained":[{"floor":6,"key":"Happy Flower"},{"floor":9,"key":"Oddly Smooth Stone"},{"floor":14,"key":"Nunchaku"},{"floor":19,"key":"Enchiridion"},{"floor":26,"key":"Whetstone"},{"floor":41,"key":"Magic Flower"},{"floor":43,"key":"Shuriken"}],"event_choices":[{"event_name":"Big Fish","player_choice":"Box","floor":3,"damage_taken":0},{"event_name":"Scrap Ooze","player_choice":"success","floor":11,"damage_taken":3},{"event_name":"Cursed Tome","player_choice":"Obtained Book","floor":19,"damage_taken":0},{"event_name":"Colosseum","player_choice":"Fight","floor":21,"damage_taken":0},{"event_name":"Colosseum","player_choice":"Fled From Nobs","floor":21,"damage_taken":0},{"event_name":"Vampires","player_choice":"Became a vampire","floor":22,"damage_taken":0},{"event_name":"WeMeetAgain","player_choice":"Card","floor":36,"damage_taken":0},{"event_name":"Tomb of Lord Red Mask","player_choice":"Paid","floor":44,"damage_taken":0},{"event_name":"Mysterious Sphere","player_choice":"Ignore","floor":45,"damage_taken":0}],"is_beta":false,"boss_relics":[{"not_picked":["Orrery","Runic Dome"],"picked":"Empty Cage"},{"not_picked":["Calling Bell","Black Blood"],"picked":"Runic Pyramid"}],"items_purged_floors":[12,28],"is_endless":false,"potions_floor_spawned":[1,10,13,18,21,31,35,46,47],"killed_by":"Awakened One","ascension_level":0}