{"gold_per_floor":[114,128,128,141,125,125,155,155,155,166,90,90,109,135,135,231,231,245,259,274,199,211,211,126,136,136,60,80,80,80,7,7,7],"floor_reached":33,"playtime":1777,"items_purged":[],"score":414,"play_id":"f09f05bb-fcf5-4252-bbd6-96830c9ed59c","local_time":"20190302183815","is_ascension_mode":true,"campfire_choices":[{"data":"Zap","floor":6.0,"key":"SMITH"},{"floor":8.0,"key":"REST"},{"floor":15.0,"key":"REST"},{"floor":23.0,"key":"REST"},{"floor":32,"key":"REST"}],"neow_cost":"NONE","seed_source_timestamp":0,"circlet_count":0,"master_deck":["AscendersBane","Defend_B","Defend_B+1","Defend_B","Defend_B","Zap+1","Dualcast+1","Thunder Strike","Leap","Defragment","Sweeping Beam","Cold Snap","Gash","Capacitor","Ball Lightning","Electrodynamics","Cold Snap+1","Leap+1","Chill","Barrage+1","Reinforced Body","Steam","Bite","Bite","Bite","Bite","Bite","Glacier"],"special_seed":0,"relics":["Cracked Core","Shuriken","Calipers","Thread and Needle","Inserter","PreservedInsect","Ornamental Fan"],"potions_floor_usage":[33],"damage_taken":[{"damage":1.0,"enemies":"Cultist","floor":1.0,"turns":4.0},{"damage":5.0,"enemies":"2 Louse","floor":2.0,"turns":3.0},{"damage":0.0,"enemies":"Small Slimes","floor":4.0,"turns":2.0},{"damage":1.0,"enemies":"Exordium Thugs","floor":5.0,"turns":4.0},{"damage":16.0,"enemies":"Lagavulin","floor":7.0,"turns":8.0},{"damage":5.0,"enemies":"Large Slime","floor":10.0,"turns":5.0},{"damage":7.0,"enemies":"Exordium Wildlife","floor":13.0,"turns":4.0},{"damage":5.0,"enemies":"Gremlin Nob","floor":14.0,"turns":4.0},{"damage":45.0,"enemies":"Hexaghost","floor":16.0,"turns":10.0},{"damage":27.0,"enemies":"3 Byrds","floor":18.0,"turns":3.0},{"damage":11.0,"enemies":"Shell Parasite","floor":19.0,"turns":6.0},{"damage":2.0,"enemies":"Centurion and Healer","floor":20.0,"turns":9.0},{"damage":6.0,"enemies":"Shelled Parasite and Fungi","floor":22.0,"turns":9.0},{"damage":0.0,"enemies":"3 Cultists","floor":25.0,"turns":4.0},{"damage":12.0,"enemies":"Snake Plant","floor":28.0,"turns":5.0},{"damage":9.0,"enemies":"Colosseum Slavers","floor":29.0,"turns":7.0},{"damage":34,"enemies":"Automaton","floor":33,"turns":4}],"seed_played":"1882691491924774260","potions_obtained":[{"floor":0.0,"key":"Swift Potion"},{"floor":0.0,"key":"LiquidBronze"},{"floor":0.0,"key":"Block Potion"},{"floor":1.0,"key":"SpeedPotion"},{"floor":2.0,"key":"Weak Potion"},{"floor":10.0,"key":"SkillPotion"},{"floor":13.0,"key":"Ancient Potion"},{"floor":20.0,"key":"FearPotion"},{"floor":22.0,"key":"Swift Potion"},{"floor":25.0,"key":"Energy Potion"}],"is_trial":false,"path_per_floor":["M","?","?","M","?","?","M","?","?"],"character_chosen":"DEFECT","items_purchased":["Capacitor","Reinforced Body","Glacier"],"campfire_rested":4,"item_purchase_floors":[11,27,31],"current_hp_per_floor":[67,62,47,47,46,46,30,52,52,47,47,40,33,28,50,5,58,31,20,18,18,12,34,34,34,34,34,22,13,13,13,28,0],"gold":7,"neow_bonus":"THREE_SMALL_POTIONS","is_prod":false,"is_daily":false,"chose_seed":false,"campfire_upgraded":1,"win_rate":0,"timestamp":1551548295,"path_taken":["M","?","?","M","M","R","E","R","T","M","$","?","?","E","R","BOSS","M","M","M","?","M","R","?","M","T","$","?","?","?","$","R","BOSS"],"build_version":"2019-01-23","purchased_purges":0,"victory":false,"max_hp_per_floor":[75,75,75,75,75,75,75,75,75,75,75,75,75,75,75,75,75,75,75,75,75,75,75,75,75,75,75,75,75,52,52,52,52],"card_choices":[{"not_picked":["Leap","Conserve Battery"],"picked":"Thunder Strike","floor":1.0},{"not_picked":["Gash","Tempest"],"picked":"Leap","floor":2.0},{"not_picked":["Blizzard","Redo"],"picked":"Defragment","floor":4.0},{"not_picked":["Coolheaded","Leap"],"picked":"Sweeping Beam","floor":5.0},{"not_picked":["BootSequence","Hello World"],"picked":"Cold Snap","floor":7.0},{"not_picked":["Force Field","Doom and Gloom"],"picked":"Gash","floor":10.0},{"not_picked":["Hologram","Streamline","Reinforced Body"],"picked":"SKIP","floor":13.0},{"not_picked":["Aggregate","Redo"],"picked":"Ball Lightning","floor":14.0},{"not_picked":["Meteor Strike","Thunder Strike"],"picked":"Electrodynamics","floor":16.0},{"not_picked":["Rip and Tear","Redo"],"picked":"Cold Snap+1","floor":18.0},{"not_picked":["Genetic Algorithm","Defragment"],"picked":"Leap+1","floor":19.0},{"not_picked":["Stack","Redo","Cold Snap"],"picked":"SKIP","floor":20.0},{"not_picked":["Go for the Eyes","Reprogram"],"picked":"Chill","floor":22.0},{"not_picked":["Sweeping Beam","Redo"],"picked":"Barrage+1","floor":25.0},{"not_picked":["Loop+1","Beam Cell+1"],"picked":"Steam","floor":28.0}],"player_experience":346218,"relics_obtained":[{"floor":7.0,"key":"Shuriken"},{"floor":9.0,"key":"Calipers"},{"floor":14.0,"key":"Thread and Needle"},{"floor":26.0,"key":"Ornamental Fan"}],"event_choices":[{"damage_healed":0.0,"max_hp_gain":0.0,"max_hp_loss":0.0,"gold_gain":0.0,"event_name":"Shining Light","player_choice":"Entered Light","floor":3.0,"gold_loss":0.0,"damage_taken":15.0,"cards_upgraded":["Defend_B","Dualcast"]},{"cards_removed":["Strike_B"],"damage_healed":0.0,"max_hp_gain":0.0,"max_hp_loss":0.0,"gold_gain":0.0,"event_name":"Golden Wing","player_choice":"Card Removal","floor":12.0,"gold_loss":0.0,"damage_taken":7.0},{"cards_removed":["Strike_B"],"damage_healed":0.0,"max_hp_gain":0.0,"max_hp_loss":0.0,"gold_gain":0.0,"event_name":"Beggar","player_choice":"Gave Gold","floor":21.0,"gold_loss":75.0,"damage_taken":0.0},{"damage_healed":0.0,"max_hp_gain":0.0,"max_hp_loss":0.0,"gold_gain":0.0,"event_name":"Addict","player_choice":"Obtained Relic","floor":24.0,"gold_loss":85.0,"damage_taken":0.0,"relics_obtained":["PreservedInsect"]},{"damage_healed":0.0,"max_hp_gain":0.0,"max_hp_loss":0.0,"gold_gain":0.0,"event_name":"Colosseum","player_choice":"Fight","floor":29.0,"gold_loss":0.0,"damage_taken":0.0},{"damage_healed":0.0,"max_hp_gain":0.0,"max_hp_loss":0.0,"gold_gain":0.0,"event_name":"Colosseum","player_choice":"Fled From Nobs","floor":29.0,"gold_loss":0.0,"damage_taken":0.0},{"damage_healed":0.0,"max_hp_gain":0.0,"max_hp_loss":23.0,"gold_gain":0.0,"event_name":"Vampires","player_choice":"Became a vampire","floor":30.0,"gold_loss":0.0,"damage_taken":0.0,"cards_obtained":["Bite","Bite","Bite","Bite","Bite"]}],"is_beta":false,"boss_relics":[{"not_picked":["Eternal Feather","Runic Dome"],"picked":"Inserter"}],"items_purged_floors":[],"is_endless":false,"potions_floor_spawned":[1,2,10,13,20,22,25,29],"killed_by":"Automaton","ascension_level":10}