{"gold_per_floor":[111,111,125,125,136,161,178,211,211,36,1,1,1,16,16,111,111,128,143,154,69,88,122,122,154,154,166,186,212,311,344,344,439,439,454,474,474,474,474,503,537,570,595,607,646,685,697,735,747,759,771,783,233,266,266],"floor_reached":55,"playtime":7119,"items_purged":["Eviscerate+1"],"score":1239,"play_id":"1f427431-a035-4531-9f9f-1d1b9b11af93","local_time":"20190303180611","is_ascension_mode":true,"campfire_choices":[{"data":"Infinite Blades","floor":13,"key":"SMITH"},{"floor":15,"key":"REST"},{"data":"Accuracy","floor":32,"key":"SMITH"},{"data":"1","floor":44,"key":"LIFT"},{"data":"2","floor":47,"key":"LIFT"},{"floor":49,"key":"RECALL"},{"data":"3","floor":52,"key":"LIFT"}],"neow_cost":"NONE","seed_source_timestamp":402904997987309,"circlet_count":0,"master_deck":["Survivor+1","Neutralize+1","Infinite Blades+1","Cloak And Dagger+1","Leg Sweep+1","Infinite Blades+1","Backstab+1","Acrobatics+1","Malaise+1","Tools of the Trade+1","Infinite Blades+1","Venomology+1","Malaise+1","Footwork+1","Prepared+1","Skewer+1","Dash+1","Backflip+1","Crippling Poison+1","Cloak And Dagger+1","Accuracy+1","PiercingWail+1","Backflip+1","Dodge and Roll+1","A Thousand Cuts+1","Sucker Punch+1","Accuracy+1","Dodge and Roll+1","Infinite Blades+1","Well Laid Plans+1","Footwork+1","Escape Plan+1","Caltrops+1"],"relics":["Ring of the Snake","Happy Flower","Bird Faced Urn","Tough Bandages","Girya","StoneCalendar","Pandora\u0027s Box","Mummified Hand","FossilizedHelix","Turnip","Question Card","WingedGreaves","Astrolabe","Mark of the Bloom","Regal Pillow","Toxic Egg 2","Du-Vu Doll","MawBank","Juzu Bracelet","Ice Cream","Singing Bowl","Bag of Preparation","Gremlin Horn","Blue Candle"],"potions_floor_usage":[7,16,18,19,20,22,23,25,27,28,28,29,31,33,33,35,36,42,42,46,46,50,54,55,55,55],"damage_taken":[{"damage":1,"enemies":"2 Louse","floor":1,"turns":3},{"damage":0,"enemies":"Small Slimes","floor":3,"turns":3},{"damage":3,"enemies":"Jaw Worm","floor":5,"turns":4},{"damage":15,"enemies":"3 Sentries","floor":6,"turns":8},{"damage":4,"enemies":"2 Fungi Beasts","floor":7,"turns":4},{"damage":21,"enemies":"Lagavulin","floor":8,"turns":10},{"damage":0,"enemies":"Looter","floor":14,"turns":3},{"damage":30,"enemies":"Slime Boss","floor":16,"turns":7},{"damage":10,"enemies":"Chosen","floor":18,"turns":6},{"damage":3,"enemies":"Shell Parasite","floor":19,"turns":7},{"damage":4,"enemies":"Centurion and Healer","floor":20,"turns":7},{"damage":15,"enemies":"Chosen and Byrds","floor":22,"turns":7},{"damage":25,"enemies":"Gremlin Leader","floor":23,"turns":6},{"damage":0,"enemies":"Book of Stabbing","floor":25,"turns":7},{"damage":14,"enemies":"Snecko","floor":27,"turns":5},{"damage":0,"enemies":"Centurion and Healer","floor":28,"turns":7},{"damage":0,"enemies":"Slavers","floor":29,"turns":6},{"damage":2,"enemies":"Book of Stabbing","floor":31,"turns":6},{"damage":8,"enemies":"Automaton","floor":33,"turns":10},{"damage":0,"enemies":"Orb Walker","floor":35,"turns":5},{"damage":4,"enemies":"3 Shapes","floor":36,"turns":6},{"damage":0,"enemies":"Nemesis","floor":40,"turns":5},{"damage":0,"enemies":"Giant Head","floor":41,"turns":6},{"damage":0,"enemies":"Reptomancer","floor":42,"turns":4},{"damage":0,"enemies":"Giant Head","floor":45,"turns":5},{"damage":0,"enemies":"Nemesis","floor":46,"turns":5},{"damage":0,"enemies":"Giant Head","floor":48,"turns":6},{"damage":4,"enemies":"Donu and Deca","floor":50,"turns":6},{"damage":5,"enemies":"Shield and Spear","floor":54,"turns":5},{"damage":57,"enemies":"The Heart","floor":55,"turns":6}],"seed_played":"3024733017172846628","potions_obtained":[{"floor":6,"key":"SkillPotion"},{"floor":14,"key":"Ancient Potion"},{"floor":16,"key":"AttackPotion"},{"floor":18,"key":"Swift Potion"},{"floor":22,"key":"Swift Potion"},{"floor":27,"key":"AttackPotion"},{"floor":28,"key":"GamblersBrew"},{"floor":33,"key":"LiquidBronze"},{"floor":36,"key":"SteroidPotion"},{"floor":42,"key":"Swift Potion"}],"is_trial":false,"path_per_floor":["M","?","M","?","M","E","M","E","T","$","?","T","R","M","R","B",null,"M","M","M","?","M","E","?","E","T","M","M","E","?","E","R","B",null,"M","M","?","?","?","E","E","E","T","R","E","E","R","E","R","B",null,"R","$","E","B"],"character_chosen":"THE_SILENT","items_purchased":["Infinite Blades","Backstab","Acrobatics","Bag of Preparation","Gremlin Horn","Escape Plan+1"],"campfire_rested":1,"item_purchase_floors":[10,10,10,53,53,53],"current_hp_per_floor":[69,69,69,57,54,39,35,16,16,16,33,33,33,37,58,32,70,63,69,70,70,60,45,45,53,53,51,70,70,70,70,70,62,70,70,70,70,70,66,66,66,66,66,66,66,66,66,66,66,62,62,62,62,57,0],"gold":266,"neow_bonus":"ONE_RANDOM_RARE_CARD","is_prod":false,"is_daily":false,"chose_seed":false,"campfire_upgraded":2,"win_rate":0,"timestamp":1551654371,"path_taken":["M","?","M","?","M","E","M","E","T","?","?","?","R","M","R","BOSS","M","M","?","?","M","E","?","E","T","?","M","E","?","E","R","BOSS","M","M","?","?","?","E","E","E","T","R","E","E","R","E","R","BOSS","R","$","E","BOSS"],"build_version":"2019-01-23","purchased_purges":1,"victory":false,"max_hp_per_floor":[70,70,70,70,70,70,70,70,70,70,70,70,70,70,70,70,70,70,70,70,70,70,70,70,70,70,70,70,70,70,70,70,70,70,70,70,70,70,66,66,66,66,66,66,66,66,66,68,68,68,68,68,68,68,68],"card_choices":[{"not_picked":["Sucker Punch","Outmaneuver"],"picked":"Infinite Blades","floor":1},{"not_picked":["Slice","Reflex"],"picked":"Dagger Spray","floor":3},{"not_picked":["Sucker Punch","Blade Dance"],"picked":"Cloak And Dagger","floor":5},{"not_picked":["Catalyst","Night Terror","Slice"],"picked":"SKIP","floor":6},{"not_picked":["Masterful Stab","Sucker Punch","Slice"],"picked":"SKIP","floor":7},{"not_picked":["Caltrops","Phantasmal Killer"],"picked":"Leg Sweep","floor":8},{"not_picked":["Tactician","Underhanded Strike","Quick Slash"],"picked":"SKIP","floor":14},{"not_picked":["Doppelganger","Envenom"],"picked":"Malaise","floor":16},{"not_picked":["Setup","Calculated Gamble"],"picked":"Dash+1","floor":18},{"not_picked":["Dagger Spray+1","Outmaneuver"],"picked":"Backflip","floor":19},{"not_picked":["Backflip","Dagger Spray"],"picked":"Crippling Poison","floor":20},{"not_picked":["Flechettes","Sucker Punch","Catalyst+1"],"picked":"SKIP","floor":22},{"not_picked":["Dagger Throw","Night Terror"],"picked":"Cloak And Dagger","floor":23},{"not_picked":["Poisoned Stab","Dagger Spray"],"picked":"Accuracy","floor":25},{"not_picked":["Dagger Spray","Sucker Punch"],"picked":"PiercingWail","floor":27},{"not_picked":["Choke+1","Heel Hook"],"picked":"Backflip","floor":28},{"not_picked":["Outmaneuver","Flechettes","Malaise"],"picked":"SKIP","floor":29},{"not_picked":["Choke","Cloak And Dagger","Skewer"],"picked":"Dodge and Roll+1","floor":31},{"not_picked":["Glass Knife","Wraith Form v2","Envenom"],"picked":"A Thousand Cuts","floor":33},{"not_picked":["Deadly Poison+1","Dagger Spray","Flying Knee+1"],"picked":"Infinite Blades","floor":35},{"not_picked":["Eviscerate+1","Slice","Flying Knee","Quick Slash+1"],"picked":"SKIP","floor":36},{"not_picked":["Dagger Throw+1","Riddle With Holes+1","PiercingWail"],"picked":"Well Laid Plans+1","floor":40},{"not_picked":["Masterful Stab+1","Choke","Predator+1","Storm of Steel"],"picked":"SKIP","floor":41},{"not_picked":["Eviscerate+1","Terror+1","Predator","Acrobatics+1"],"picked":"SKIP","floor":42},{"not_picked":["Sucker Punch","Underhanded Strike+1","Bouncing Flask+1","Outmaneuver+1"],"picked":"SKIP","floor":45},{"not_picked":["Bullet Time+1","Sucker Punch+1","Bane+1"],"picked":"Footwork+1","floor":46},{"not_picked":["Reflex+1","Prepared+1","Doppelganger+1","PiercingWail+1"],"picked":"Singing Bowl","floor":48},{"not_picked":["Outmaneuver+1","Bane+1","Prepared+1"],"picked":"Caltrops+1","floor":54}],"player_experience":265302,"relics_obtained":[{"floor":6,"key":"Bird Faced Urn"},{"floor":8,"key":"Tough Bandages"},{"floor":9,"key":"Girya"},{"floor":12,"key":"StoneCalendar"},{"floor":23,"key":"FossilizedHelix"},{"floor":25,"key":"Turnip"},{"floor":29,"key":"Question Card"},{"floor":31,"key":"WingedGreaves"},{"floor":40,"key":"Regal Pillow"},{"floor":41,"key":"Toxic Egg 2"},{"floor":42,"key":"Du-Vu Doll"},{"floor":43,"key":"MawBank"},{"floor":45,"key":"Juzu Bracelet"},{"floor":46,"key":"Ice Cream"},{"floor":48,"key":"Singing Bowl"},{"floor":54,"key":"Blue Candle"}],"event_choices":[{"damage_healed":0,"gold_gain":0,"player_choice":"Ignored","damage_taken":0,"max_hp_gain":0,"max_hp_loss":0,"event_name":"Liars Game","floor":2,"gold_loss":0},{"damage_healed":0,"gold_gain":0,"player_choice":"Success","damage_taken":12,"relics_obtained":["Happy Flower"],"max_hp_gain":0,"max_hp_loss":0,"event_name":"Scrap Ooze","floor":4,"gold_loss":0},{"damage_healed":17,"gold_gain":0,"player_choice":"Healed","damage_taken":0,"max_hp_gain":0,"max_hp_loss":0,"event_name":"The Cleric","floor":11,"gold_loss":35},{"damage_healed":0,"gold_gain":0,"player_choice":"Obtained Relic","damage_taken":0,"relics_obtained":["Mummified Hand"],"max_hp_gain":0,"max_hp_loss":0,"event_name":"Addict","floor":21,"gold_loss":85},{"damage_healed":0,"gold_gain":0,"cards_transformed":["Prepared"],"player_choice":"Transformed","damage_taken":0,"max_hp_gain":0,"max_hp_loss":0,"event_name":"Transmorgrifier","floor":24,"gold_loss":0,"cards_obtained":["Eviscerate"]},{"damage_healed":0,"gold_gain":99,"player_choice":"Stole From Cult","damage_taken":0,"max_hp_gain":0,"max_hp_loss":0,"event_name":"Nest","floor":30,"gold_loss":0},{"cards_removed":["Dagger Spray"],"damage_healed":0,"gold_gain":0,"player_choice":"Removed Attack","damage_taken":0,"max_hp_gain":0,"max_hp_loss":0,"event_name":"Falling","floor":37,"gold_loss":0},{"damage_healed":0,"gold_gain":0,"player_choice":"Upgrade","damage_taken":0,"relics_obtained":["Mark of the Bloom"],"max_hp_gain":0,"max_hp_loss":0,"event_name":"MindBloom","floor":38,"gold_loss":0,"cards_upgraded":["Survivor","Neutralize","Cloak And Dagger","Leg Sweep","Infinite Blades","Backstab","Acrobatics","Malaise","Tools of the Trade","Infinite Blades","Venomology","Malaise","Footwork","Prepared","Skewer","Backflip","Crippling Poison","Cloak And Dagger","Eviscerate","PiercingWail","Backflip","A Thousand Cuts","Infinite Blades"]},{"damage_healed":0,"gold_gain":0,"player_choice":"Max HP","damage_taken":0,"max_hp_gain":0,"max_hp_loss":4,"event_name":"Winding Halls","floor":39,"gold_loss":0}],"is_beta":false,"boss_relics":[{"not_picked":["Empty Cage","Tiny House"],"picked":"Pandora\u0027s Box"},{"not_picked":["Velvet Choker","Black Star"],"picked":"Astrolabe"}],"items_purged_floors":[53],"is_endless":false,"potions_floor_spawned":[6,14,16,18,22,25,27,28,33,36,42,45,48],"killed_by":"The Heart","ascension_level":2}