{"gold_per_floor":[111,128,148,148,148,183,183,198,224,247,283,283,283,302,302,423,423,436,436,391],"floor_reached":20,"playtime":1348,"items_purged":[],"score":318,"play_id":"b9e17a01-a6c5-4ac5-9ba4-dbd98bc6a53d","local_time":"20190105022522","is_ascension_mode":true,"campfire_choices":[{"data":"Streamline","floor":7,"key":"SMITH"},{"data":"Consume","floor":15,"key":"SMITH"}],"neow_cost":"TEN_PERCENT_HP_LOSS","seed_source_timestamp":1143443237063596,"circlet_count":0,"master_deck":["Defend_B","Defend_B","Defend_B+1","Defend_B","Zap","Dualcast","Seek+1","Go for the Eyes","Loop","Streamline+1","Hologram","Consume+1","Melter","Cold Snap","Seek","Bite","Bite","Bite","Bite","Bite"],"special_seed":0,"relics":["Cracked Core","Golden Idol","Centennial Puzzle","War Paint","Regal Pillow","Black Star"],"potions_floor_usage":[6,11,16],"damage_taken":[{"damage":0,"enemies":"Small Slimes","floor":1,"turns":2},{"damage":0,"enemies":"2 Louse","floor":2,"turns":2},{"damage":0,"enemies":"Jaw Worm","floor":3,"turns":3},{"damage":16,"enemies":"Lagavulin","floor":6,"turns":6},{"damage":3,"enemies":"Looter","floor":8,"turns":2},{"damage":3,"enemies":"3 Louse","floor":10,"turns":2},{"damage":12,"enemies":"3 Sentries","floor":11,"turns":5},{"damage":1,"enemies":"Blue Slaver","floor":14,"turns":2},{"damage":0,"enemies":"Slime Boss","floor":16,"turns":7},{"damage":37,"enemies":"3 Byrds","floor":18,"turns":6},{"damage":25,"enemies":"2 Thieves","floor":20,"turns":2}],"seed_played":"5619954142493125120","potions_obtained":[{"floor":2,"key":"Explosive Potion"},{"floor":3,"key":"AttackPotion"},{"floor":6,"key":"Ancient Potion"},{"floor":14,"key":"Fire Potion"}],"is_trial":false,"path_per_floor":["M","M","M","?","?","E","R","M","T","M","E","?","?","M","R","B",null,"M","?","M"],"character_chosen":"DEFECT","items_purchased":[],"campfire_rested":0,"item_purchase_floors":[],"current_hp_per_floor":[68,68,68,51,51,35,35,32,32,29,17,17,22,21,21,21,60,23,23,0],"gold":391,"neow_bonus":"THREE_RARE_CARDS","is_prod":false,"is_daily":false,"chose_seed":false,"campfire_upgraded":2,"win_rate":0,"timestamp":1546676722,"path_taken":["M","M","M","?","?","E","R","M","T","M","E","?","?","M","R","BOSS","M","?","M"],"build_version":"2019-01-03v4","purchased_purges":0,"victory":false,"max_hp_per_floor":[68,68,68,68,68,68,68,68,68,68,68,68,73,73,73,73,73,73,51,51],"card_choices":[{"not_picked":["Creative AI","Amplify"],"picked":"Seek","floor":0.0},{"not_picked":["Compile Driver","Beam Cell"],"picked":"Go for the Eyes","floor":1},{"not_picked":["Steam","Gash"],"picked":"Loop","floor":2},{"not_picked":["Redo","Barrage"],"picked":"Streamline","floor":3},{"not_picked":["Steam","Leap"],"picked":"Hologram","floor":6},{"not_picked":["Steam","Go for the Eyes"],"picked":"Consume","floor":8},{"not_picked":["Beam Cell","Streamline","Meteor Strike"],"picked":"SKIP","floor":10},{"not_picked":["Redo","Turbo"],"picked":"Melter","floor":11},{"not_picked":["Turbo","Rip and Tear"],"picked":"Cold Snap","floor":14},{"not_picked":["Amplify","All For One"],"picked":"Seek","floor":16},{"not_picked":["Compile Driver","Double Energy","Steam"],"picked":"SKIP","floor":18}],"player_experience":457218,"relics_obtained":[{"floor":6,"key":"Centennial Puzzle"},{"floor":9,"key":"War Paint"},{"floor":11,"key":"Regal Pillow"}],"event_choices":[{"damage_healed":0,"gold_gain":0,"player_choice":"Take Damage","damage_taken":17,"relics_obtained":["Golden Idol"],"max_hp_gain":0,"max_hp_loss":0,"event_name":"Golden Idol","floor":4,"gold_loss":0},{"damage_healed":0,"gold_gain":0,"player_choice":"Ignored","damage_taken":0,"max_hp_gain":0,"max_hp_loss":0,"event_name":"Liars Game","floor":5,"gold_loss":0},{"cards_removed":["Strike_B"],"damage_healed":0,"gold_gain":0,"player_choice":"Forget","damage_taken":0,"max_hp_gain":0,"max_hp_loss":0,"event_name":"Living Wall","floor":12,"gold_loss":0},{"damage_healed":0,"gold_gain":0,"player_choice":"Donut","damage_taken":0,"max_hp_gain":5,"max_hp_loss":0,"event_name":"Big Fish","floor":13,"gold_loss":0},{"damage_healed":0,"gold_gain":0,"player_choice":"Became a vampire","damage_taken":0,"max_hp_gain":0,"max_hp_loss":22,"event_name":"Vampires","floor":19,"gold_loss":0,"cards_obtained":["Bite","Bite","Bite","Bite","Bite"]}],"is_beta":false,"boss_relics":[{"not_picked":["Velvet Choker","Pandora\u0027s Box"],"picked":"Black Star"}],"items_purged_floors":[],"is_endless":false,"potions_floor_spawned":[2,3,6,14],"killed_by":"2 Thieves","ascension_level":5}