{"gold_per_floor":[110,110,110,110,110,123,123,138,138,153,173,173,189,59,59,59],"floor_reached":16,"playtime":459,"items_purged":[],"score":92,"play_id":"a12d8908-11b3-4bc6-afa7-dca897fdb32b","local_time":"20180730235615","is_ascension_mode":false,"campfire_choices":[{"data":"Gash","floor":12,"key":"SMITH"},{"data":"Go for the Eyes","floor":15,"key":"SMITH"}],"neow_cost":"NONE","seed_source_timestamp":1492961843896188,"circlet_count":0,"master_deck":["Strike_B","Strike_B","Strike_B","Strike_B","Defend_B","Defend_B","Defend_B","Defend_B","Zap+1","Conserve Battery","Auto Shields","Streamline","Beam Cell","Gash+1","Heatsinks","Go for the Eyes+1","Sweeping Beam","Reprogram"],"relics":["Cracked Core","Dodecahedron"],"potions_floor_usage":[],"damage_taken":[{"damage":0,"enemies":"Small Slimes","floor":1,"turns":4},{"damage":0,"enemies":"2 Louse","floor":6,"turns":3},{"damage":0,"enemies":"Cultist","floor":8,"turns":3},{"damage":6,"enemies":"Large Slime","floor":10,"turns":5},{"damage":16,"enemies":"2 Fungi Beasts","floor":11,"turns":4},{"damage":4,"enemies":"Exordium Wildlife","floor":13,"turns":4},{"damage":42,"enemies":"The Guardian","floor":16,"turns":11}],"seed_played":"-7745591018280088567","potions_obtained":[{"floor":1,"key":"Fire Potion"}],"is_trial":false,"path_per_floor":["M","?","?","?","?","M","?","M","T","M","M","R","M","$","R"],"character_chosen":"DEFECT","items_purchased":["Sweeping Beam","Reprogram"],"campfire_rested":0,"item_purchase_floors":[14,14],"current_hp_per_floor":[75,75,68,68,68,68,68,68,68,62,46,46,42,42,42,0],"gold":59,"neow_bonus":"THREE_CARDS","is_prod":false,"is_daily":false,"chose_seed":false,"campfire_upgraded":2,"win_rate":0,"timestamp":1532987775,"path_taken":["M","?","?","?","?","M","?","M","T","M","?","R","M","$","R","BOSS"],"build_version":"2018-07-26","purchased_purges":0,"victory":false,"max_hp_per_floor":[75,75,75,75,75,75,75,75,75,75,75,75,75,75,75,75],"card_choices":[{"not_picked":["Compile Driver","Streamline"],"picked":"Conserve Battery","floor":0},{"not_picked":["Rip and Tear","Redo"],"picked":"Auto Shields","floor":1},{"not_picked":["Recycle","Conserve Battery"],"picked":"Streamline","floor":6},{"not_picked":["Stack","Darkness"],"picked":"Beam Cell","floor":8},{"not_picked":["Compile Driver","All For One"],"picked":"Gash","floor":10},{"not_picked":["Rebound","Force Field"],"picked":"Heatsinks","floor":11},{"not_picked":["Compile Driver","Hologram"],"picked":"Go for the Eyes","floor":13}],"player_experience":88674,"relics_obtained":[{"floor":9,"key":"Dodecahedron"}],"event_choices":[{"event_name":"Living Wall","player_choice":"Grow","floor":2,"damage_taken":0},{"event_name":"Golden Wing","player_choice":"Card Removal","floor":3,"damage_taken":0},{"event_name":"Shining Light","player_choice":"Ignored","floor":4,"damage_taken":0},{"event_name":"Accursed Blacksmith","player_choice":"Ignore","floor":5,"damage_taken":0},{"event_name":"Liars Game","player_choice":"disagreed","floor":7,"damage_taken":0}],"is_beta":false,"boss_relics":[],"items_purged_floors":[],"is_endless":false,"potions_floor_spawned":[1],"killed_by":"The Guardian","ascension_level":0}