{"gold_per_floor":[362,381,43,43,57,57,67,67,92,105,105,124,124,73,73,168,168,187,200,200,218,234,234,264,264,264,264,282,300,88,101,101,204,204,220,239,27,0,15,42,42,42,42,42,58,58,9,9,9,9],"floor_reached":51,"playtime":2688,"items_purged":["Armaments+1"],"score":1020,"play_id":"97db6409-49b0-4a62-ba91-e1b05d580195","local_time":"20181021001137","is_ascension_mode":true,"campfire_choices":[{"data":"Armaments","floor":6,"key":"SMITH"},{"data":"Armaments","floor":8,"key":"SMITH"},{"data":"Combust","floor":11,"key":"SMITH"},{"floor":15,"key":"REST"},{"floor":23,"key":"REST"},{"floor":25,"key":"REST"},{"data":"Sword Boomerang","floor":27,"key":"SMITH"},{"data":"Shockwave","floor":32,"key":"SMITH"},{"floor":41,"key":"REST"},{"floor":44,"key":"REST"},{"floor":49,"key":"REST"}],"neow_cost":"CURSE","seed_source_timestamp":67789534785518,"circlet_count":0,"master_deck":["Strike_R+1","Strike_R+1","Strike_R+1","Strike_R+1","Strike_R+1","Defend_R+1","Defend_R+1","Defend_R+1","Bash","Shrug It Off","Armaments+1","Combust+1","Cleave","Twin Strike","Sword Boomerang","Pommel Strike","Feed","Inflame+1","Sword Boomerang+1","Flex+1","Sword Boomerang+1","Shockwave+1","Blood for Blood","Impervious","Sword Boomerang+1","Flex+1","Mayhem","Flame Barrier+1","True Grit+1"],"relics":["Burning Blood","Self Forming Clay","Potion Belt","Runic Pyramid","Regal Pillow","Charon\u0027s Ashes","Velvet Choker","Red Mask","Bronze Scales","Dodecahedron","WingedGreaves"],"potions_floor_usage":[19,24,24,33,50,50,50,50,50],"damage_taken":[{"damage":13,"enemies":"Jaw Worm","floor":1,"turns":4},{"damage":0,"enemies":"Small Slimes","floor":2,"turns":3},{"damage":11,"enemies":"Cultist","floor":5,"turns":4},{"damage":15,"enemies":"Large Slime","floor":7,"turns":7},{"damage":8,"enemies":"3 Louse","floor":10,"turns":3},{"damage":9,"enemies":"Looter","floor":12,"turns":4},{"damage":25,"enemies":"The Guardian","floor":16,"turns":13},{"damage":16,"enemies":"3 Byrds","floor":18,"turns":5},{"damage":21,"enemies":"Spheric Guardian","floor":19,"turns":5},{"damage":27,"enemies":"Snecko","floor":21,"turns":5},{"damage":4,"enemies":"Cultist and Chosen","floor":22,"turns":4},{"damage":28,"enemies":"Book of Stabbing","floor":24,"turns":5},{"damage":8,"enemies":"Centurion and Healer","floor":28,"turns":6},{"damage":19,"enemies":"Shelled Parasite and Fungi","floor":29,"turns":5},{"damage":3,"enemies":"Chosen and Byrds","floor":31,"turns":4},{"damage":80,"enemies":"Automaton","floor":33,"turns":10},{"damage":25,"enemies":"3 Darklings","floor":35,"turns":3},{"damage":8,"enemies":"3 Shapes","floor":36,"turns":4},{"damage":23,"enemies":"Sphere and 2 Shapes","floor":39,"turns":5},{"damage":15,"enemies":"Nemesis","floor":40,"turns":5},{"damage":21,"enemies":"Reptomancer","floor":45,"turns":4},{"damage":8,"enemies":"Mind Bloom Boss Battle","floor":46,"turns":5},{"damage":72,"enemies":"Awakened One","floor":50,"turns":11}],"seed_played":"-7780103206861204853","potions_obtained":[{"floor":10,"key":"Fire Potion"},{"floor":12,"key":"BloodPotion"},{"floor":16,"key":"Explosive Potion"},{"floor":19,"key":"SkillPotion"},{"floor":21,"key":"Fire Potion"},{"floor":28,"key":"Poison Potion"},{"floor":33,"key":"SpeedPotion"},{"floor":35,"key":"Block Potion"},{"floor":40,"key":"LiquidBronze"}],"is_trial":false,"path_per_floor":["M","M","$","?","M","R","M","R","T","M","R","M","?","$","R","B",null,"M","M","?","M","M","R","E","R","T","R","M","M","$","M","R","B",null,"M","M","$","?","M","E","R","?","T","R","M","?","$","?","R","B"],"character_chosen":"IRONCLAD","items_purchased":["Armaments","Self Forming Clay","Combust","Pommel Strike","Shockwave","Blood for Blood","Mayhem","Block Potion"],"campfire_rested":6,"item_purchase_floors":[3,3,3,14,30,30,37,47],"current_hp_per_floor":[65,71,71,71,66,66,57,57,57,55,55,52,45,45,69,50,73,67,64,64,46,51,79,61,98,98,98,99,90,90,97,97,27,92,76,74,74,74,61,55,106,106,106,117,102,100,100,100,117,51],"gold":9,"neow_bonus":"TWO_FIFTY_GOLD","is_prod":false,"is_daily":false,"chose_seed":false,"campfire_upgraded":5,"win_rate":0,"timestamp":1540073497,"path_taken":["M","M","$","?","M","R","?","R","T","M","R","M","?","$","R","BOSS","M","?","?","M","M","R","E","R","T","R","?","M","$","M","R","BOSS","M","M","$","?","M","E","R","?","T","R","M","?","$","?","R","BOSS"],"build_version":"2018-10-11","purchased_purges":1,"victory":true,"max_hp_per_floor":[80,80,80,80,80,80,80,80,80,80,80,80,80,80,80,80,80,84,88,88,91,94,94,98,98,98,98,101,105,105,109,109,113,113,116,116,116,116,120,123,123,117,117,117,117,117,117,117,117,117],"card_choices":[{"not_picked":["Infernal Blade","Corruption","Bloodletting"],"picked":"SKIP","floor":1},{"not_picked":["Heavy Blade","True Grit"],"picked":"Shrug It Off","floor":2},{"not_picked":["Pommel Strike","Flex"],"picked":"Cleave","floor":5},{"not_picked":["Intimidate","Sever Soul"],"picked":"Armaments","floor":7},{"not_picked":["Disarm","Shrug It Off"],"picked":"Twin Strike","floor":10},{"not_picked":["Rage","Fiend Fire"],"picked":"Sword Boomerang","floor":12},{"not_picked":["Limit Break","Impervious"],"picked":"Feed","floor":16},{"not_picked":["Wild Strike","Perfected Strike"],"picked":"Inflame+1","floor":18},{"not_picked":["Metallicize","Searing Blow+1"],"picked":"Sword Boomerang+1","floor":19},{"not_picked":["Perfected Strike+1","Anger"],"picked":"Flex+1","floor":21},{"not_picked":["Infernal Blade","Pommel Strike","Perfected Strike"],"picked":"SKIP","floor":22},{"not_picked":["Infernal Blade+1","Wild Strike"],"picked":"Sword Boomerang","floor":24},{"not_picked":["Disarm+1","Cleave","Perfected Strike"],"picked":"SKIP","floor":28},{"not_picked":["Iron Wave+1","Cleave+1","Body Slam"],"picked":"SKIP","floor":29},{"not_picked":["Pommel Strike+1","Shrug It Off","Anger+1"],"picked":"SKIP","floor":31},{"not_picked":["Brutality","Demon Form"],"picked":"Impervious","floor":33},{"not_picked":["Carnage+1","Cleave+1"],"picked":"Sword Boomerang+1","floor":35},{"not_picked":["Headbutt","Shrug It Off"],"picked":"Flex+1","floor":36},{"not_picked":["Flex","Clothesline"],"picked":"Flame Barrier+1","floor":39},{"not_picked":["Havoc+1","Reaper","Cleave"],"picked":"SKIP","floor":40},{"not_picked":["Armaments","Anger+1"],"picked":"True Grit+1","floor":45}],"player_experience":204406,"relics_obtained":[{"floor":9,"key":"Potion Belt"},{"floor":24,"key":"Regal Pillow"},{"floor":26,"key":"Charon\u0027s Ashes"},{"floor":40,"key":"Bronze Scales"},{"floor":43,"key":"Dodecahedron"},{"floor":46,"key":"WingedGreaves"}],"event_choices":[{"event_name":"The Cleric","player_choice":"Leave","floor":4,"damage_taken":0},{"event_name":"Golden Wing","player_choice":"Card Removal","floor":13,"damage_taken":0},{"event_name":"Back to Basics","player_choice":"Simplicity","floor":20,"damage_taken":0},{"event_name":"Tomb of Lord Red Mask","player_choice":"Paid","floor":38,"damage_taken":0},{"event_name":"Winding Halls","player_choice":"Max HP","floor":42,"damage_taken":0},{"event_name":"MindBloom","player_choice":"Fight","floor":46,"damage_taken":0},{"event_name":"Falling","player_choice":"Removed Skill","floor":48,"damage_taken":0}],"is_beta":false,"boss_relics":[{"not_picked":["Tiny House","Eternal Feather"],"picked":"Runic Pyramid"},{"not_picked":["Snecko Eye","Mark of Pain"],"picked":"Velvet Choker"}],"items_purged_floors":[30],"is_endless":false,"potions_floor_spawned":[10,12,16,19,21,28,33,35,40],"ascension_level":8}