{"gold_per_floor":[112,287,301,301,12,12,38,38,119,119,147,147,161,194,194,292,292,308,318,330,341,358,383,383,399,399,409,57,74,106,120,120,222,222,233,233,249,267,122,122,135,35,35,35,48,48,77,28,28,28],"floor_reached":50,"playtime":3970,"items_purged":["Shame","Shame"],"score":944,"play_id":"9371811f-dd18-4c14-adbe-172d68bb5310","local_time":"20190127175159","is_ascension_mode":true,"campfire_choices":[{"data":"Bash","floor":6,"key":"SMITH"},{"data":"Immolate","floor":10,"key":"SMITH"},{"data":"Hemokinesis","floor":15,"key":"SMITH"},{"floor":24,"key":"REST"},{"floor":32,"key":"RECALL"},{"floor":40,"key":"REST"},{"floor":44,"key":"REST"},{"floor":49,"key":"REST"}],"neow_cost":"NONE","seed_source_timestamp":1468565641296441,"circlet_count":0,"master_deck":["AscendersBane","Strike_R","Strike_R","Strike_R","Strike_R","Defend_R","Defend_R","Defend_R","Defend_R","Bash+1","Flame Barrier","Immolate+1","Hemokinesis+1","Berserk","Combust","Clothesline","Body Slam+1","Inflame+1","Battle Trance","Shockwave","Immolate","Carnage","Seeing Red+1","Impervious","Parasite","Headbutt+1","Reaper","Flame Barrier","Double Tap","Shrug It Off+1","Rupture+1"],"relics":["Burning Blood","NeowsBlessing","Du-Vu Doll","Mercury Hourglass","Self Forming Clay","Orichalcum","Pantograph","Fusion Hammer","Blood Vial","Lantern","Lee\u0027s Waffle","Bottled Lightning","Calling Bell","Bag of Marbles","Question Card","Charon\u0027s Ashes","FossilizedHelix","Art of War"],"potions_floor_usage":[16,16,18,23,33,33,45,47,50,50],"damage_taken":[{"damage":0,"enemies":"2 Louse","floor":1,"turns":1},{"damage":0,"enemies":"Small Slimes","floor":3,"turns":1},{"damage":0,"enemies":"3 Sentries","floor":7,"turns":2},{"damage":12,"enemies":"Lagavulin","floor":11,"turns":5},{"damage":0,"enemies":"Cultist","floor":13,"turns":2},{"damage":5,"enemies":"3 Sentries","floor":14,"turns":3},{"damage":2,"enemies":"Slime Boss","floor":16,"turns":5},{"damage":2,"enemies":"2 Thieves","floor":18,"turns":3},{"damage":2,"enemies":"Chosen","floor":19,"turns":3},{"damage":15,"enemies":"Centurion and Healer","floor":20,"turns":5},{"damage":22,"enemies":"Snake Plant","floor":21,"turns":3},{"damage":7,"enemies":"Snecko","floor":22,"turns":3},{"damage":37,"enemies":"Gremlin Leader","floor":23,"turns":5},{"damage":19,"enemies":"Sentry and Sphere","floor":25,"turns":4},{"damage":9,"enemies":"Cultist and Chosen","floor":27,"turns":4},{"damage":14,"enemies":"Snake Plant","floor":29,"turns":3},{"damage":18,"enemies":"Slavers","floor":30,"turns":2},{"damage":4,"enemies":"Centurion and Healer","floor":31,"turns":3},{"damage":90,"enemies":"Champ","floor":33,"turns":9},{"damage":4,"enemies":"3 Darklings","floor":35,"turns":3},{"damage":0,"enemies":"3 Shapes","floor":37,"turns":1},{"damage":2,"enemies":"Jaw Worm Horde","floor":38,"turns":2},{"damage":14,"enemies":"Spire Growth","floor":41,"turns":4},{"damage":18,"enemies":"Writhing Mass","floor":45,"turns":6},{"damage":84,"enemies":"Giant Head","floor":47,"turns":9},{"damage":71,"enemies":"Donu and Deca","floor":50,"turns":4}],"seed_played":"6369162462785423337","potions_obtained":[{"floor":7,"key":"GamblersBrew"},{"floor":11,"key":"AttackPotion"},{"floor":13,"key":"Explosive Potion"},{"floor":16,"key":"Block Potion"},{"floor":20,"key":"BloodPotion"},{"floor":25,"key":"FearPotion"},{"floor":27,"key":"Explosive Potion"},{"floor":30,"key":"BloodPotion"},{"floor":33,"key":"Ancient Potion"},{"floor":37,"key":"Block Potion"},{"floor":45,"key":"Strength Potion"},{"floor":47,"key":"Block Potion"}],"is_trial":false,"path_per_floor":["M","?","M","?","$","R","E","?","T","R","E","$","M","E","R","B",null,"M","M","M","M","M","E","R","M","T","M","$","M","E","M","R","B",null,"M","?","M","M","$","R","M","$","T","R","M","$","E","$","R","B"],"character_chosen":"IRONCLAD","items_purchased":["Du-Vu Doll","Lee\u0027s Waffle","Ancient Potion","Shockwave","Flame Barrier","Dexterity Potion"],"campfire_rested":4,"item_purchase_floors":[5,28,28,28,39,48],"current_hp_per_floor":[78,78,80,80,80,80,80,80,80,80,74,74,80,80,80,80,80,80,80,71,55,54,31,55,44,44,43,87,79,69,73,73,11,68,72,72,80,86,86,87,79,79,79,87,75,75,13,13,39,0],"gold":28,"neow_bonus":"THREE_ENEMY_KILL","is_prod":false,"is_daily":false,"chose_seed":false,"campfire_upgraded":3,"win_rate":0,"timestamp":1548629519,"path_taken":["M","?","M","?","$","R","E","?","T","R","E","$","M","E","R","BOSS","M","M","M","M","M","E","R","?","T","M","$","M","E","?","R","BOSS","M","?","M","M","$","R","?","$","T","R","M","?","E","?","R","BOSS"],"build_version":"2019-01-23","purchased_purges":2,"victory":false,"max_hp_per_floor":[80,80,80,80,80,80,80,80,80,80,80,80,80,80,80,80,80,80,80,80,80,80,80,80,80,80,80,87,87,87,87,87,87,87,87,87,87,87,87,87,87,87,87,87,87,87,87,87,87,87],"card_choices":[{"not_picked":["Armaments","Heavy Blade"],"picked":"Flame Barrier","floor":1},{"not_picked":["Warcry","Clash","Sword Boomerang"],"picked":"SKIP","floor":3},{"not_picked":["Sever Soul","Clothesline"],"picked":"Immolate","floor":7},{"not_picked":["Heavy Blade","Pommel Strike","Iron Wave"],"picked":"SKIP","floor":11},{"not_picked":["Power Through","Rage","Heavy Blade"],"picked":"SKIP","floor":13},{"not_picked":["Cleave","Shrug It Off"],"picked":"Hemokinesis","floor":14},{"not_picked":["Immolate","Reaper"],"picked":"Berserk","floor":16},{"not_picked":["Searing Blow","Heavy Blade","Pommel Strike"],"picked":"SKIP","floor":18},{"not_picked":["Perfected Strike","Dual Wield"],"picked":"Combust","floor":19},{"not_picked":["Heavy Blade","Body Slam"],"picked":"Clothesline","floor":20},{"not_picked":["Sword Boomerang","Clash+1"],"picked":"Body Slam+1","floor":21},{"not_picked":["Shockwave","Pommel Strike"],"picked":"Inflame+1","floor":22},{"not_picked":["Searing Blow","Entrench+1","Havoc+1"],"picked":"SKIP","floor":23},{"not_picked":["Power Through","Seeing Red","Perfected Strike"],"picked":"SKIP","floor":25},{"not_picked":["Pommel Strike","Second Wind+1"],"picked":"Battle Trance","floor":27},{"not_picked":["Body Slam","Warcry"],"picked":"Immolate","floor":29},{"not_picked":["Thunderclap","Flex"],"picked":"Carnage","floor":30},{"not_picked":["Warcry","Burning Pact"],"picked":"Seeing Red+1","floor":31},{"not_picked":["Juggernaut","Feed"],"picked":"Impervious","floor":33},{"not_picked":["Fire Breathing+1","Havoc","Reckless Charge+1"],"picked":"Headbutt+1","floor":35},{"not_picked":["Rage","Thunderclap+1","Searing Blow+1"],"picked":"Reaper","floor":37},{"not_picked":["Wild Strike+1","Power Through","Clothesline+1","Flex+1"],"picked":"SKIP","floor":38},{"not_picked":["True Grit","Warcry+1","Body Slam+1"],"picked":"Double Tap","floor":41},{"not_picked":["Heavy Blade+1","Cleave+1","Wild Strike+1"],"picked":"Shrug It Off+1","floor":45},{"not_picked":["Sever Soul+1","Headbutt+1","Wild Strike+1"],"picked":"Rupture+1","floor":47}],"player_experience":500274,"relics_obtained":[{"floor":7,"key":"Mercury Hourglass"},{"floor":9,"key":"Self Forming Clay"},{"floor":11,"key":"Orichalcum"},{"floor":14,"key":"Pantograph"},{"floor":23,"key":"Blood Vial"},{"floor":26,"key":"Lantern"},{"floor":30,"key":"Bottled Lightning"},{"floor":34,"key":"Bag of Marbles"},{"floor":34,"key":"Question Card"},{"floor":34,"key":"Charon\u0027s Ashes"},{"floor":43,"key":"FossilizedHelix"},{"floor":47,"key":"Art of War"}],"event_choices":[{"damage_healed":0,"gold_gain":175,"player_choice":"AGREE","damage_taken":0,"max_hp_gain":0,"max_hp_loss":0,"event_name":"Liars Game","floor":2,"gold_loss":0,"cards_obtained":["Doubt"]},{"cards_removed":["Doubt"],"damage_healed":0,"gold_gain":0,"player_choice":"Forget","damage_taken":0,"max_hp_gain":0,"max_hp_loss":0,"event_name":"Living Wall","floor":4,"gold_loss":0},{"cards_removed":["Strike_R"],"damage_healed":0,"gold_gain":0,"player_choice":"Purged","damage_taken":0,"max_hp_gain":0,"max_hp_loss":0,"event_name":"Purifier","floor":8,"gold_loss":0},{"damage_healed":0,"gold_gain":0,"player_choice":"Ignored","damage_taken":0,"max_hp_gain":0,"max_hp_loss":0,"event_name":"SecretPortal","floor":36,"gold_loss":0}],"is_beta":false,"boss_relics":[{"not_picked":["Runic Pyramid","Snecko Eye"],"picked":"Fusion Hammer"},{"not_picked":["Runic Dome","Coffee Dripper"],"picked":"Calling Bell"}],"items_purged_floors":[39,42],"is_endless":false,"potions_floor_spawned":[7,11,13,16,20,25,27,30,33,37,45,47],"killed_by":"Donu and Deca","ascension_level":11}