{"path_per_floor":["M","M","M","M","M","E","R","E","T","R","E","$","E","$","R","B",null,"M","?","?","?","?","R","E","M","T"],"character_chosen":"THE_SILENT","items_purchased":["Girya","Sucker Punch"],"gold_per_floor":[119,129,142,154,166,199,199,232,278,278,311,26,56,32,32,128,128,117,117,117,117,117,117,142,154,154,154],"floor_reached":27,"campfire_rested":3,"playtime":4117,"current_hp_per_floor":[69,66,64,54,48,12,33,19,19,40,38,38,25,25,46,43,70,48,32,55,55,55,65,28,40,40,0],"items_purged":[],"gold":154,"score":272,"play_id":"ab986ebc-6c47-461a-8dd5-45125ba51c14","local_time":"20180420123228","is_prod":false,"is_daily":false,"chose_seed":false,"is_ascension_mode":true,"campfire_upgraded":1,"timestamp":1524241948,"path_taken":["M","?","M","M","M","E","R","E","T","R","E","$","E","?","R","BOSS","M","?","?","?","?","R","E","M","T","E"],"build_version":"2018-04-19","seed_source_timestamp":0,"purchased_purges":0,"victory":false,"master_deck":["Defend_G","Defend_G","Defend_G","Defend_G+1","Defend_G+1","Strike_G","Strike_G","Survivor","Neutralize+1","Injury","Cloak And Dagger","Dagger Spray","Terror+1","PiercingWail","Blade Dance","Backflip","Cloak And Dagger","Blade Dance","Blur","Sucker Punch+1","Quick Slash","Sucker Punch","Escape Plan","A Thousand Cuts","Accuracy+1","Necronomicurse","Deflect+1"],"max_hp_per_floor":[70,70,70,70,70,70,70,70,70,70,70,70,70,70,70,70,70,70,70,70,70,70,70,72,72,72,72],"relics":["Ring of the Snake","Ancient Tea Set","Dream Catcher","War Paint","Meat on the Bone","Girya","Art of War","Eternal Feather","Necronomicon","Singing Bowl","Centennial Puzzle","Whetstone"],"card_choices":[{"not_picked":["Eviscerate","Dash"],"picked":"Terror","floor":1.0},{"not_picked":["Sucker Punch","Masterful Stab"],"picked":"PiercingWail","floor":2.0},{"not_picked":["Underhanded Strike","Cloak And Dagger"],"picked":"Blade Dance","floor":3.0},{"not_picked":["Setup","Acrobatics"],"picked":"Backflip","floor":4.0},{"not_picked":["Deadly Poison","Slice"],"picked":"Cloak And Dagger","floor":6},{"not_picked":["PiercingWail","Distraction"],"picked":"Blade Dance","floor":8},{"not_picked":["Slice","Predator"],"picked":"Blur","floor":10},{"not_picked":["Wraith Form v2","Catalyst"],"picked":"Sucker Punch","floor":11},{"not_picked":["Dagger Throw","Noxious Fumes"],"picked":"Quick Slash","floor":13},{"not_picked":["Quick Slash","Bane"],"picked":"Escape Plan","floor":15},{"not_picked":["Die Die Die","Glass Knife"],"picked":"A Thousand Cuts","floor":16},{"not_picked":["Bouncing Flask","Cloak And Dagger"],"picked":"Accuracy","floor":18},{"not_picked":["Bane","Cloak And Dagger"],"picked":"Deflect","floor":25}],"player_experience":260902,"potions_floor_usage":[11,11,11,16,27],"damage_taken":[{"damage":1.0,"enemies":"Cultist","floor":1.0,"turns":4.0},{"damage":3.0,"enemies":"2 Louse","floor":2.0,"turns":2.0},{"damage":2.0,"enemies":"Small Slimes","floor":3.0,"turns":2.0},{"damage":10.0,"enemies":"Looter","floor":4.0,"turns":2.0},{"damage":6.0,"enemies":"Exordium Wildlife","floor":5.0,"turns":7.0},{"damage":36,"enemies":"Lagavulin","floor":6,"turns":7},{"damage":14,"enemies":"3 Sentries","floor":8,"turns":7},{"damage":2,"enemies":"Lagavulin","floor":11,"turns":6},{"damage":25,"enemies":"Gremlin Nob","floor":13,"turns":5},{"damage":15,"enemies":"Hexaghost","floor":16,"turns":13},{"damage":22,"enemies":"2 Thieves","floor":18,"turns":4},{"damage":51,"enemies":"Slavers","floor":24,"turns":8},{"damage":0,"enemies":"Shell Parasite","floor":25,"turns":6},{"damage":42,"enemies":"Gremlin Leader","floor":27,"turns":5}],"event_choices":[{"event_name":"Cursed Tome","player_choice":"Obtained Book","floor":19,"damage_taken":0},{"event_name":"The Library","player_choice":"Heal","floor":20,"damage_taken":0},{"event_name":"Bonfire Elementals","player_choice":"BASIC","floor":21,"damage_taken":0},{"event_name":"Wheel of Change","player_choice":"Relic","floor":22,"damage_taken":0}],"boss_relics":[{"not_picked":["Velvet Choker","Pandora\u0027s Box"],"picked":"Eternal Feather"}],"potions_floor_spawned":[1,2,5,8,11,16,24,25],"seed_played":"6168891819568949400","killed_by":"Gremlin Leader","ascension_level":1,"is_trial":false}