{"gold_per_floor":[217,217,231,86,86,112,132,93,144,144,178,178,191,210,210,287,287,304,318,336,354,26,26,60,60,60,94,107,107,119,136,136,136],"floor_reached":33,"playtime":2245,"items_purged":["Strike_R"],"score":523,"play_id":"08fe373c-f2f2-4904-a1d6-a7fdf62380ac","local_time":"20190207205118","is_ascension_mode":true,"campfire_choices":[{"floor":10,"key":"REST"},{"floor":12,"key":"REST"},{"floor":15,"key":"REST"},{"floor":23,"key":"REST"},{"floor":25,"key":"REST"},{"floor":32,"key":"REST"}],"neow_cost":"NONE","seed_source_timestamp":2431332348681630,"circlet_count":0,"master_deck":["AscendersBane","Strike_R","Strike_R+1","Strike_R","Strike_R","Defend_R","Defend_R","Defend_R","Defend_R","Bash+1","Shockwave","Disarm","Rage","Twin Strike","Metallicize","Perfected Strike","Iron Wave","Clothesline","Bludgeon","Headbutt","Havoc+1","Cleave","Feel No Pain","Carnage","Master of Strategy","Blood for Blood","Parasite","Inflame","Shrug It Off","Decay","Heavy Blade","Shrug It Off+1"],"relics":["Burning Blood","Bronze Scales","Whetstone","PreservedInsect","Cursed Key","Art of War","Matryoshka","Lantern"],"potions_floor_usage":[6,31,33,33],"damage_taken":[{"damage":9,"enemies":"Jaw Worm","floor":1,"turns":6},{"damage":0,"enemies":"Small Slimes","floor":3,"turns":3},{"damage":76,"enemies":"3 Sentries","floor":6,"turns":13},{"damage":1,"enemies":"Cultist","floor":7,"turns":4},{"damage":37,"enemies":"Lagavulin","floor":11,"turns":11},{"damage":12,"enemies":"3 Louse","floor":13,"turns":4},{"damage":8,"enemies":"Looter","floor":14,"turns":3},{"damage":22,"enemies":"The Guardian","floor":16,"turns":13},{"damage":16,"enemies":"2 Thieves","floor":18,"turns":3},{"damage":10,"enemies":"3 Byrds","floor":19,"turns":5},{"damage":10,"enemies":"Centurion and Healer","floor":20,"turns":6},{"damage":25,"enemies":"Snecko","floor":21,"turns":4},{"damage":24,"enemies":"Book of Stabbing","floor":24,"turns":5},{"damage":38,"enemies":"Gremlin Leader","floor":27,"turns":4},{"damage":11,"enemies":"Chosen and Byrds","floor":28,"turns":7},{"damage":8,"enemies":"3 Cultists","floor":30,"turns":6},{"damage":24,"enemies":"Shelled Parasite and Fungi","floor":31,"turns":4},{"damage":66,"enemies":"Automaton","floor":33,"turns":6}],"seed_played":"-8009952971938407271","potions_obtained":[{"floor":1,"key":"Regen Potion"},{"floor":14,"key":"Ancient Potion"},{"floor":16,"key":"SpeedPotion"},{"floor":21,"key":"SteroidPotion"},{"floor":31,"key":"Ancient Potion"}],"is_trial":false,"path_per_floor":["M","?","M","$","?","E","M","$","T","R","E","R","M","M","R","B",null,"M","M","M","M","$","R","E","R","T","E","M","?","M","M","R","B"],"character_chosen":"IRONCLAD","items_purchased":["Disarm","Metallicize","Feel No Pain","Carnage","Master of Strategy"],"campfire_rested":6,"item_purchase_floors":[4,8,22,22,22],"current_hp_per_floor":[65,70,76,76,76,21,26,26,26,50,19,43,37,35,59,43,71,61,57,53,34,34,58,40,64,64,32,27,27,25,7,31,0],"gold":136,"neow_bonus":"HUNDRED_GOLD","is_prod":false,"is_daily":false,"chose_seed":false,"campfire_upgraded":0,"win_rate":0,"timestamp":1549590678,"path_taken":["M","?","M","$","?","E","?","?","T","R","E","R","M","M","R","BOSS","M","M","M","M","$","R","E","R","T","E","M","?","M","M","R","BOSS"],"build_version":"2019-01-23","purchased_purges":1,"victory":false,"max_hp_per_floor":[75,80,80,80,80,80,80,80,80,80,80,80,80,80,80,80,80,80,80,80,80,80,80,80,80,80,80,80,80,80,80,80,80],"card_choices":[{"not_picked":["Rage","Spot Weakness","Sword Boomerang"],"picked":"SKIP","floor":1},{"not_picked":["Havoc","Twin Strike"],"picked":"Shockwave","floor":3},{"not_picked":["Heavy Blade","Wild Strike"],"picked":"Rage","floor":6},{"not_picked":["Heavy Blade","Entrench"],"picked":"Twin Strike","floor":7},{"not_picked":["Dual Wield","Burning Pact"],"picked":"Perfected Strike","floor":11},{"not_picked":["Sword Boomerang","Searing Blow"],"picked":"Iron Wave","floor":13},{"not_picked":["Wild Strike","Perfected Strike"],"picked":"Clothesline","floor":14},{"not_picked":["Berserk","Offering"],"picked":"Bludgeon","floor":16},{"not_picked":["Thunderclap","Body Slam"],"picked":"Headbutt","floor":18},{"not_picked":["Burning Pact","Wild Strike","Flex"],"picked":"SKIP","floor":19},{"not_picked":["Clash","Perfected Strike"],"picked":"Havoc+1","floor":20},{"not_picked":["Headbutt","Corruption"],"picked":"Cleave","floor":21},{"not_picked":["Rupture","Hemokinesis"],"picked":"Blood for Blood","floor":24},{"not_picked":["Evolve","Reaper"],"picked":"Inflame","floor":27},{"not_picked":["Body Slam","Wild Strike"],"picked":"Shrug It Off","floor":28},{"not_picked":["Sword Boomerang","Warcry"],"picked":"Heavy Blade","floor":30},{"not_picked":["Sword Boomerang","Sever Soul"],"picked":"Shrug It Off+1","floor":31}],"player_experience":542927,"relics_obtained":[{"floor":6,"key":"Bronze Scales"},{"floor":9,"key":"Whetstone"},{"floor":11,"key":"PreservedInsect"},{"floor":24,"key":"Art of War"},{"floor":26,"key":"Matryoshka"},{"floor":27,"key":"Lantern"}],"event_choices":[{"damage_healed":0,"gold_gain":0,"player_choice":"Donut","damage_taken":0,"max_hp_gain":5,"max_hp_loss":0,"event_name":"Big Fish","floor":2,"gold_loss":0},{"damage_healed":0,"gold_gain":0,"player_choice":"Ignored","damage_taken":0,"max_hp_gain":0,"max_hp_loss":0,"event_name":"Liars Game","floor":5,"gold_loss":0},{"damage_healed":0,"gold_gain":0,"player_choice":"Smashed Altar","damage_taken":0,"max_hp_gain":0,"max_hp_loss":0,"event_name":"Forgotten Altar","floor":29,"gold_loss":0,"cards_obtained":["Decay"]}],"is_beta":false,"boss_relics":[{"not_picked":["Pandora\u0027s Box","Black Blood"],"picked":"Cursed Key"}],"items_purged_floors":[4],"is_endless":false,"potions_floor_spawned":[1,14,16,20,21,28,30,31],"killed_by":"Automaton","ascension_level":15}