{"gold_per_floor":[114,130,141,159,68,98,98,98,148,148,35,67,67,78,78,78],"floor_reached":16,"playtime":2532,"items_purged":[],"score":121,"play_id":"dfb05310-19e4-4328-8923-0b829e84bf88","local_time":"20190228152522","is_ascension_mode":true,"campfire_choices":[{"data":"Zap","floor":7,"key":"SMITH"},{"data":"Genetic Algorithm","floor":15,"key":"SMITH"}],"neow_cost":"NONE","seed_source_timestamp":0,"circlet_count":0,"master_deck":["Strike_B","Strike_B","Strike_B","Strike_B","Defend_B","Defend_B","Defend_B","Defend_B","Zap+1","Dualcast+1","BootSequence","Stack","Conserve Battery","Reprogram","Swift Strike","Doom and Gloom","Parasite","Genetic Algorithm+1","Genetic Algorithm"],"special_seed":0,"relics":["Cracked Core","NeowsBlessing","Gremlin Horn","Smiling Mask","Tiny Chest","Pen Nib"],"potions_floor_usage":[16,16],"damage_taken":[{"damage":0,"enemies":"Cultist","floor":1,"turns":1},{"damage":0,"enemies":"Small Slimes","floor":2,"turns":1},{"damage":0,"enemies":"2 Louse","floor":3,"turns":1},{"damage":8,"enemies":"2 Fungi Beasts","floor":4,"turns":3},{"damage":21,"enemies":"3 Sentries","floor":6,"turns":9},{"damage":19,"enemies":"Lagavulin","floor":12,"turns":5},{"damage":4,"enemies":"Looter","floor":14,"turns":3},{"damage":45,"enemies":"Slime Boss","floor":16,"turns":8}],"seed_played":"-6813323949965960072","potions_obtained":[{"floor":1,"key":"SmokeBomb"},{"floor":2,"key":"Poison Potion"},{"floor":4,"key":"Energy Potion"}],"is_trial":false,"path_per_floor":["M","M","M","M","$","E","R","?","T","?","$","E","?","M","R","B"],"character_chosen":"DEFECT","items_purchased":["Swift Strike","Tiny Chest"],"campfire_rested":0,"item_purchase_floors":[5,11],"current_hp_per_floor":[75,75,75,67,67,46,46,64,64,64,64,45,45,41,41,0],"gold":78,"neow_bonus":"THREE_ENEMY_KILL","is_prod":false,"is_daily":false,"chose_seed":false,"campfire_upgraded":2,"win_rate":0,"timestamp":1551385522,"path_taken":["M","?","M","M","$","E","R","?","T","?","$","E","?","M","R","BOSS"],"build_version":"2019-01-23","purchased_purges":0,"victory":false,"max_hp_per_floor":[75,75,75,75,75,75,75,75,75,75,75,75,75,75,75,75],"card_choices":[{"not_picked":["Beam Cell","Stack"],"picked":"BootSequence","floor":1},{"not_picked":["Go for the Eyes","Sweeping Beam"],"picked":"Stack","floor":2},{"not_picked":["Leap","Steam"],"picked":"Conserve Battery","floor":3},{"not_picked":["Steam Power","Rebound"],"picked":"Reprogram","floor":4},{"not_picked":["Turbo","Cold Snap"],"picked":"Doom and Gloom","floor":6},{"not_picked":["Double Energy","Ball Lightning"],"picked":"Genetic Algorithm","floor":12},{"not_picked":["Steam","Doom and Gloom"],"picked":"Genetic Algorithm","floor":14}],"player_experience":493565,"relics_obtained":[{"floor":6,"key":"Gremlin Horn"},{"floor":9,"key":"Smiling Mask"},{"floor":12,"key":"Pen Nib"}],"event_choices":[{"damage_healed":18,"gold_gain":0,"player_choice":"Healed and dodged fight","damage_taken":0,"max_hp_gain":0,"max_hp_loss":0,"event_name":"Mushrooms","floor":8,"gold_loss":0,"cards_obtained":["Parasite"]},{"damage_healed":0,"gold_gain":0,"player_choice":"Grow","damage_taken":0,"max_hp_gain":0,"max_hp_loss":0,"event_name":"Living Wall","floor":10,"gold_loss":0,"cards_upgraded":["Dualcast"]},{"damage_healed":0,"gold_gain":0,"player_choice":"Ignored","damage_taken":0,"max_hp_gain":0,"max_hp_loss":0,"event_name":"Liars Game","floor":13,"gold_loss":0}],"is_beta":false,"boss_relics":[],"items_purged_floors":[],"is_endless":false,"potions_floor_spawned":[1,2,4,14],"killed_by":"Slime Boss","ascension_level":2}