{"gold_per_floor":[10,22,39,53,53,83,115,127,163,210,222,247,259,271,283,392,404,427,459,471,501,124,124],"floor_reached":23,"playtime":1929,"items_purged":["Strike_B"],"score":254,"play_id":"616c5129-abd8-47a6-9d0b-03f4b30c1dfe","local_time":"20190105125719","is_ascension_mode":true,"campfire_choices":[{"data":"Redo","floor":11.0,"key":"SMITH"},{"data":"Rainbow","floor":15.0,"key":"SMITH"}],"neow_cost":"NO_GOLD","seed_source_timestamp":1180771593679709,"circlet_count":0,"master_deck":["Defend_B","Defend_B","Defend_B+1","Zap","Dualcast","FTL","Rainbow+1","Redo+1","Coolheaded","FTL","Go for the Eyes+1","Loop","Genetic Algorithm","Writhe","Self Repair"],"special_seed":0,"relics":["Cracked Core","MawBank","Anchor","Happy Flower","Inserter","Omamori","Thread and Needle"],"potions_floor_usage":[19,23,23],"damage_taken":[{"damage":7.0,"enemies":"Jaw Worm","floor":1.0,"turns":4.0},{"damage":0.0,"enemies":"2 Louse","floor":2.0,"turns":2.0},{"damage":1.0,"enemies":"Small Slimes","floor":3.0,"turns":3.0},{"damage":1.0,"enemies":"2 Fungi Beasts","floor":4.0,"turns":3.0},{"damage":18.0,"enemies":"Lagavulin","floor":6.0,"turns":5.0},{"damage":0.0,"enemies":"Exordium Wildlife","floor":7.0,"turns":3.0},{"damage":12.0,"enemies":"Gremlin Nob","floor":10.0,"turns":3.0},{"damage":0.0,"enemies":"Looter","floor":12.0,"turns":2.0},{"damage":3,"enemies":"The Guardian","floor":16,"turns":9},{"damage":3,"enemies":"2 Thieves","floor":18,"turns":3},{"damage":0,"enemies":"3 Byrds","floor":19,"turns":4},{"damage":12,"enemies":"Snake Plant","floor":21,"turns":5},{"damage":68,"enemies":"Slavers","floor":23,"turns":8}],"seed_played":"-1719848457271919212","potions_obtained":[{"floor":1.0,"key":"Regen Potion"},{"floor":7.0,"key":"EssenceOfSteel"},{"floor":10.0,"key":"Block Potion"},{"floor":12.0,"key":"SpeedPotion"},{"floor":18,"key":"Block Potion"}],"is_trial":false,"path_per_floor":["M","M","M","M","?","E","M","?","T","E","R","M","$","?","R","B",null,"M","M","?","M","$","E"],"character_chosen":"DEFECT","items_purchased":["Thread and Needle"],"campfire_rested":0,"item_purchase_floors":[22],"current_hp_per_floor":[68,68,67,66,66,48,48,41,41,29,29,29,29,14,14,11,59,56,56,56,44,44,0],"gold":124,"neow_bonus":"REMOVE_TWO","is_prod":false,"is_daily":false,"chose_seed":false,"campfire_upgraded":2,"win_rate":0,"timestamp":1546714639,"path_taken":["M","M","M","M","?","E","M","?","T","E","R","M","$","?","R","BOSS","M","M","?","M","$","E"],"build_version":"2019-01-03v4","purchased_purges":1,"victory":false,"max_hp_per_floor":[75,75,75,75,75,75,75,75,75,75,75,75,75,75,75,75,75,75,75,75,75,75,75],"card_choices":[{"not_picked":["Steam Power","Storm","Aggregate"],"picked":"SKIP","floor":1.0},{"not_picked":["Turbo","Steam","Barrage"],"picked":"SKIP","floor":2.0},{"not_picked":["Rebound","Leap"],"picked":"FTL","floor":3.0},{"not_picked":["Coolheaded","Reprogram"],"picked":"Rainbow","floor":4.0},{"not_picked":["Rebound","Steam Power"],"picked":"Redo","floor":6.0},{"not_picked":["Gash","Compile Driver"],"picked":"Coolheaded","floor":7.0},{"not_picked":["Coolheaded","Ball Lightning"],"picked":"FTL","floor":10.0},{"not_picked":["Tempest","Rebound"],"picked":"Go for the Eyes","floor":12.0},{"not_picked":["Reinforced Body+1","Go for the Eyes"],"picked":"Loop","floor":18},{"not_picked":["Ball Lightning","Go for the Eyes"],"picked":"Genetic Algorithm","floor":19},{"not_picked":["Compile Driver","Go for the Eyes"],"picked":"Self Repair","floor":21}],"player_experience":472821,"relics_obtained":[{"floor":6.0,"key":"MawBank"},{"floor":9.0,"key":"Anchor"},{"floor":10.0,"key":"Happy Flower"}],"event_choices":[{"cards_removed":["Defend_B"],"damage_healed":0.0,"max_hp_gain":0.0,"max_hp_loss":0.0,"gold_gain":0.0,"event_name":"Living Wall","player_choice":"Forget","floor":5.0,"gold_loss":0.0,"damage_taken":0.0},{"cards_removed":["Strike_B"],"damage_healed":0.0,"max_hp_gain":0.0,"max_hp_loss":0.0,"gold_gain":0.0,"event_name":"Golden Wing","player_choice":"Card Removal","floor":8.0,"gold_loss":0.0,"damage_taken":7.0},{"damage_healed":0.0,"max_hp_gain":0.0,"max_hp_loss":0.0,"gold_gain":0.0,"event_name":"Shining Light","player_choice":"Entered Light","floor":14.0,"gold_loss":0.0,"damage_taken":15.0,"cards_upgraded":["Go for the Eyes","Defend_B"]},{"damage_healed":0,"gold_gain":0,"player_choice":"Opened","damage_taken":0,"relics_obtained":["Omamori"],"max_hp_gain":0,"max_hp_loss":0,"event_name":"The Mausoleum","floor":20,"gold_loss":0,"cards_obtained":["Writhe"]}],"is_beta":false,"boss_relics":[{"not_picked":["White Beast Statue","Black Star"],"picked":"Inserter"}],"items_purged_floors":[22],"is_endless":false,"potions_floor_spawned":[1,7,10,12,18],"killed_by":"Slavers","ascension_level":5}