{"gold_per_floor":[109,124,124,44,44,44,54,54,54,73,73,73,84,35,35,133,133,148,148,163,78,3,3,16,16,16,16,16,35,35,62,62,158,158,176,176,186,51,61,61,61,61,61,61,90,190,190,202,202,202],"floor_reached":51,"playtime":1088,"items_purged":["Strike_R"],"score":808,"play_id":"6496e9c0-e6e6-41f1-afc5-ccc76d2ecb47","local_time":"20190304020149","is_ascension_mode":false,"campfire_choices":[{"data":"Carnage","floor":6.0,"key":"SMITH"},{"data":"Flex","floor":12.0,"key":"SMITH"},{"data":"Bash","floor":15.0,"key":"SMITH"},{"floor":23.0,"key":"REST"},{"floor":25.0,"key":"REST"},{"data":"Demon Form","floor":28.0,"key":"SMITH"},{"data":"Heavy Blade","floor":32.0,"key":"SMITH"},{"data":"Immolate","floor":40.0,"key":"SMITH"},{"data":"Iron Wave","floor":42.0,"key":"SMITH"},{"data":"Doubt","floor":47.0,"key":"PURGE"},{"data":"Strike_R","floor":49.0,"key":"PURGE"}],"neow_cost":"NONE","seed_source_timestamp":38748897597571,"circlet_count":0,"master_deck":["Strike_R","Strike_R","Defend_R","Defend_R","Defend_R","Defend_R","Bash+1","Flex+1","Carnage+1","Heavy Blade+1","Sword Boomerang","Demon Form+1","Iron Wave+1","Heavy Blade+1","Havoc+1","Ghostly","Ghostly","Ghostly","Ghostly","Ghostly","Battle Trance+1","Immolate+1","Master of Strategy","Shrug It Off+1","Sword Boomerang+1"],"special_seed":0,"relics":["Burning Blood","NeowsBlessing","Pen Nib","Boot","Question Card","Sozu","Enchiridion","Shuriken","Bottled Tornado","The Courier","Cursed Key","Self Forming Clay","Peace Pipe","Unceasing Top"],"potions_floor_usage":[50],"damage_taken":[{"damage":0.0,"enemies":"Small Slimes","floor":1.0,"turns":1.0},{"damage":0.0,"enemies":"2 Louse","floor":2.0,"turns":1.0},{"damage":0.0,"enemies":"Cultist","floor":7.0,"turns":1.0},{"damage":12.0,"enemies":"Blue Slaver","floor":10.0,"turns":3.0},{"damage":0.0,"enemies":"Gremlin Gang","floor":11.0,"turns":1.0},{"damage":0.0,"enemies":"Exordium Thugs","floor":13.0,"turns":3.0},{"damage":7.0,"enemies":"Slime Boss","floor":16.0,"turns":9.0},{"damage":35.0,"enemies":"3 Byrds","floor":18.0,"turns":5.0},{"damage":12.0,"enemies":"Shell Parasite","floor":20.0,"turns":4.0},{"damage":43.0,"enemies":"Shelled Parasite and Fungi","floor":24.0,"turns":4.0},{"damage":3.0,"enemies":"Cultist and Chosen","floor":29.0,"turns":4.0},{"damage":5.0,"enemies":"Gremlin Leader","floor":31.0,"turns":4.0},{"damage":0.0,"enemies":"Collector","floor":33.0,"turns":5.0},{"damage":0.0,"enemies":"Orb Walker","floor":35.0,"turns":2.0},{"damage":13.0,"enemies":"3 Darklings","floor":37.0,"turns":4.0},{"damage":2.0,"enemies":"4 Shapes","floor":39.0,"turns":5.0},{"damage":0.0,"enemies":"Nemesis","floor":45.0,"turns":5.0},{"damage":1.0,"enemies":"Mind Bloom Boss Battle","floor":46.0,"turns":5.0},{"damage":0.0,"enemies":"Spire Growth","floor":48.0,"turns":4.0},{"damage":16,"enemies":"Donu and Deca","floor":50,"turns":6}],"seed_played":"142732839310573209","potions_obtained":[{"floor":7.0,"key":"SmokeBomb"},{"floor":10.0,"key":"SpeedPotion"},{"floor":13.0,"key":"PowerPotion"}],"is_trial":false,"path_per_floor":["M","M","?","$","?","R","M","?","T","M","M","R","M","$","R","B",null,"M","?","M","?","$","R","M","R","T","?","R","M","?","E","R","B",null,"M","$","M","$","M","R","?","R","T","?","E","?","R","M","R","B",null],"character_chosen":"IRONCLAD","items_purchased":["Carnage","Sword Boomerang","Master of Strategy"],"campfire_rested":2,"item_purchase_floors":[4,14,38],"current_hp_per_floor":[80,80,68,68,68,68,74,74,74,68,74,74,80,80,80,79,80,51,35,29,29,29,53,16,40,40,40,40,40,40,40,40,40,40,40,40,33,33,37,37,37,37,37,37,38,38,38,38,38,28],"gold":202,"neow_bonus":"THREE_ENEMY_KILL","is_prod":false,"is_daily":false,"chose_seed":false,"campfire_upgraded":7,"win_rate":0,"timestamp":1551686509,"path_taken":["M","M","?","$","?","R","?","?","T","M","?","R","M","$","R","BOSS","M","?","M","?","$","R","M","R","T","?","R","M","?","E","R","BOSS","M","$","M","$","M","R","?","R","T","?","E","?","R","M","R","BOSS"],"build_version":"2019-01-23","purchased_purges":1,"victory":true,"max_hp_per_floor":[80,80,80,80,80,80,80,80,80,80,80,80,80,80,80,80,80,80,80,80,80,80,80,80,80,80,40,40,40,40,40,40,40,40,40,40,40,40,40,40,40,40,40,38,38,38,38,38,38,38],"card_choices":[{"not_picked":["Perfected Strike","Clash"],"picked":"Flex","floor":1.0},{"not_picked":["Twin Strike","Thunderclap"],"picked":"Disarm","floor":2.0},{"not_picked":["Clash","Sword Boomerang"],"picked":"Heavy Blade","floor":7.0},{"not_picked":["Dual Wield","Iron Wave","Blood for Blood","Rampage"],"picked":"SKIP","floor":10.0},{"not_picked":["Havoc","Pommel Strike","Blood for Blood","Rupture"],"picked":"SKIP","floor":13.0},{"not_picked":["Barricade","Limit Break","Juggernaut"],"picked":"Demon Form","floor":16.0},{"not_picked":["Evolve+1","Warcry","Headbutt"],"picked":"Iron Wave","floor":18.0},{"not_picked":["Battle Trance","Flex","Corruption"],"picked":"Heavy Blade+1","floor":20.0},{"not_picked":["Flex","Clothesline","Iron Wave+1"],"picked":"Havoc+1","floor":24.0},{"not_picked":["Barricade","Disarm","Shrug It Off"],"picked":"Battle Trance+1","floor":29.0},{"not_picked":["Second Wind","Flex","Wild Strike","Warcry+1"],"picked":"SKIP","floor":31.0},{"not_picked":["Dark Embrace","Exhume","Impervious"],"picked":"Immolate","floor":33.0},{"not_picked":["Sword Boomerang","Armaments","Wild Strike+1","Clash"],"picked":"SKIP","floor":35.0},{"not_picked":["Shrug It Off","Armaments+1","Flex+1","Cleave"],"picked":"SKIP","floor":37.0},{"not_picked":["Shockwave+1","Sword Boomerang+1","Rage"],"picked":"Shrug It Off+1","floor":39.0},{"not_picked":["Second Wind+1","Sever Soul","Bloodletting","Twin Strike"],"picked":"SKIP","floor":45.0},{"not_picked":["Cleave+1","Clash","Pommel Strike"],"picked":"Sword Boomerang+1","floor":48.0}],"player_experience":982919,"relics_obtained":[{"floor":9.0,"key":"Question Card"},{"floor":19.0,"key":"Enchiridion"},{"floor":26.0,"key":"Bottled Tornado"},{"floor":31.0,"key":"The Courier"},{"floor":43.0,"key":"Self Forming Clay"},{"floor":45.0,"key":"Peace Pipe"},{"floor":46.0,"key":"Unceasing Top"}],"event_choices":[{"damage_healed":0.0,"max_hp_gain":0.0,"max_hp_loss":0.0,"gold_gain":0.0,"event_name":"Scrap Ooze","player_choice":"Success","floor":3.0,"gold_loss":0.0,"damage_taken":12.0,"relics_obtained":["Pen Nib"]},{"cards_removed":["Disarm"],"damage_healed":0.0,"max_hp_gain":0.0,"max_hp_loss":0.0,"gold_gain":0.0,"event_name":"WeMeetAgain","player_choice":"Gave Card","floor":5.0,"gold_loss":0.0,"damage_taken":0.0,"relics_obtained":["Boot"]},{"damage_healed":0.0,"max_hp_gain":0.0,"max_hp_loss":0.0,"gold_gain":0.0,"event_name":"Match and Keep!","player_choice":"0 cards matched","floor":8.0,"gold_loss":0.0,"damage_taken":0.0,"cards_obtained":[]},{"damage_healed":0.0,"max_hp_gain":0.0,"max_hp_loss":0.0,"gold_gain":0.0,"event_name":"Cursed Tome","player_choice":"Obtained Book","floor":19.0,"gold_loss":0.0,"damage_taken":16.0},{"damage_healed":0.0,"max_hp_gain":0.0,"max_hp_loss":0.0,"gold_gain":0.0,"event_name":"Addict","player_choice":"Obtained Relic","floor":21.0,"gold_loss":85.0,"damage_taken":0.0,"relics_obtained":["Shuriken"]},{"damage_healed":0.0,"max_hp_gain":0.0,"max_hp_loss":40.0,"gold_gain":0.0,"event_name":"Ghosts","player_choice":"Became a Ghost","floor":27.0,"gold_loss":0.0,"damage_taken":0.0,"cards_obtained":["Ghostly","Ghostly","Ghostly","Ghostly","Ghostly"]},{"damage_healed":0.0,"max_hp_gain":0.0,"max_hp_loss":0.0,"gold_gain":0.0,"event_name":"Beggar","player_choice":"Ignored","floor":30.0,"gold_loss":0.0,"damage_taken":0.0},{"cards_removed":["Strike_R"],"damage_healed":0.0,"max_hp_gain":0.0,"max_hp_loss":0.0,"gold_gain":0.0,"event_name":"Falling","player_choice":"Removed Attack","floor":41.0,"gold_loss":0.0,"damage_taken":0.0},{"damage_healed":0.0,"max_hp_gain":0.0,"max_hp_loss":2.0,"gold_gain":0.0,"event_name":"Winding Halls","player_choice":"Max HP","floor":44.0,"gold_loss":0.0,"damage_taken":0.0},{"damage_healed":0.0,"max_hp_gain":0.0,"max_hp_loss":0.0,"gold_gain":0.0,"event_name":"MindBloom","player_choice":"Fight","floor":46.0,"gold_loss":0.0,"damage_taken":0.0}],"is_beta":false,"boss_relics":[{"not_picked":["Philosopher\u0027s Stone","Calling Bell"],"picked":"Sozu"},{"not_picked":["Mark of Pain","Orrery"],"picked":"Cursed Key"}],"items_purged_floors":[22],"is_endless":false,"potions_floor_spawned":[7,10,11,13,24,29,39,45,46,48],"ascension_level":0}