{"gold_per_floor":[113,113,126,137,150,150,162,197,197,222,252,264,264,264],"floor_reached":14,"playtime":703,"items_purged":[],"score":173,"play_id":"402fb88c-49e8-44fd-82b3-cc6644e8e61e","local_time":"20190217195724","is_ascension_mode":true,"campfire_choices":[{"floor":6,"key":"REST"},{"floor":13,"key":"REST"}],"neow_cost":"NONE","seed_source_timestamp":7346041879392,"circlet_count":0,"master_deck":["AscendersBane","Defend_G","Defend_G","Defend_G","Defend_G","Defend_G","Strike_G","Strike_G","Strike_G","Strike_G","Strike_G","Survivor","Neutralize","Dagger Throw","Deadly Poison","Sucker Punch","Caltrops","Leg Sweep","Crippling Poison","Dash","PiercingWail"],"relics":["Ring of the Snake","Blue Candle","Ginger","Pear"],"potions_floor_usage":[5,8,10,14],"damage_taken":[{"damage":4,"enemies":"Jaw Worm","floor":1,"turns":6},{"damage":5,"enemies":"Small Slimes","floor":3,"turns":4},{"damage":0,"enemies":"Cultist","floor":4,"turns":3},{"damage":21,"enemies":"Exordium Thugs","floor":5,"turns":6},{"damage":3,"enemies":"3 Louse","floor":7,"turns":5},{"damage":27,"enemies":"3 Sentries","floor":8,"turns":9},{"damage":15,"enemies":"Lagavulin","floor":10,"turns":7},{"damage":1,"enemies":"Blue Slaver","floor":12,"turns":4},{"damage":18,"enemies":"3 Sentries","floor":14,"turns":6}],"seed_played":"-351323816553866866","potions_obtained":[{"floor":1,"key":"PowerPotion"},{"floor":7,"key":"SkillPotion"},{"floor":8,"key":"SteroidPotion"},{"floor":12,"key":"SpeedPotion"}],"is_trial":false,"path_per_floor":["M","?","M","M","M","R","M","E","T","E","?","M","R","E"],"character_chosen":"THE_SILENT","items_purchased":[],"campfire_rested":2,"item_purchase_floors":[],"current_hp_per_floor":[55,60,55,55,34,55,52,25,25,20,20,19,43,25],"gold":264,"neow_bonus":"THREE_CARDS","is_prod":false,"is_daily":false,"chose_seed":false,"campfire_upgraded":0,"win_rate":0,"timestamp":1550429844,"path_taken":["M","?","M","M","M","R","M","E","T","E","?","M","R","E"],"build_version":"2019-01-23","purchased_purges":0,"victory":false,"max_hp_per_floor":[66,71,71,71,71,71,71,71,71,81,81,81,81,81],"card_choices":[{"not_picked":["Caltrops","Sucker Punch"],"picked":"Dagger Throw","floor":0},{"not_picked":["Tactician","Dagger Throw"],"picked":"Deadly Poison","floor":1},{"not_picked":["Masterful Stab","Prepared"],"picked":"Sucker Punch","floor":3},{"not_picked":["Deflect","Burst","Blade Dance"],"picked":"SKIP","floor":4},{"not_picked":["Accuracy","Prepared"],"picked":"Caltrops","floor":5},{"not_picked":["Riddle With Holes","Blade Dance"],"picked":"Leg Sweep","floor":7},{"not_picked":["Cloak And Dagger","Deflect"],"picked":"Crippling Poison","floor":8},{"not_picked":["Blade Dance","Concentrate"],"picked":"Dash","floor":10},{"not_picked":["Slice","Backflip"],"picked":"PiercingWail","floor":12}],"player_experience":674060,"relics_obtained":[{"floor":8,"key":"Blue Candle"},{"floor":9,"key":"Ginger"},{"floor":10,"key":"Pear"}],"event_choices":[{"damage_healed":0,"gold_gain":0,"player_choice":"Donut","damage_taken":0,"max_hp_gain":5,"max_hp_loss":0,"event_name":"Big Fish","floor":2,"gold_loss":0},{"damage_healed":0,"gold_gain":30,"player_choice":"Searched \u00271\u0027 times","damage_taken":0,"max_hp_gain":0,"max_hp_loss":0,"event_name":"Dead Adventurer","floor":11,"gold_loss":0}],"is_beta":false,"boss_relics":[],"items_purged_floors":[],"is_endless":false,"potions_floor_spawned":[1,7,8,12],"killed_by":"3 Sentries","ascension_level":14}