{"gold_per_floor":[118,118,136,311,325,353,353,323,323,334,345,64,75,94,94,191,191,157,189,189,199,63,63,95,107,107,107,124,124,124,138,138,240,240,254,29,49,149,167,167,182,182,207,207,52,52,52,68,68,68],"floor_reached":50,"playtime":2515,"items_purged":["Doubt","Strike_R"],"score":514,"play_id":"c408721f-48f1-466c-ab07-48fafea7e32f","local_time":"20190302154333","is_ascension_mode":false,"campfire_choices":[{"data":"Armaments","floor":7,"key":"SMITH"},{"data":"Flame Barrier","floor":15,"key":"SMITH"},{"floor":23,"key":"REST"},{"floor":27,"key":"REST"},{"data":"Seeing Red","floor":30,"key":"SMITH"},{"floor":32,"key":"REST"},{"floor":40,"key":"REST"},{"data":"Shrug It Off","floor":42,"key":"SMITH"},{"floor":44,"key":"REST"},{"floor":47,"key":"REST"},{"floor":49,"key":"REST"}],"neow_cost":"NONE","seed_source_timestamp":422460860158915,"circlet_count":0,"master_deck":["Defend_R","Defend_R","Defend_R","Defend_R","Bash","Flame Barrier+1","Seeing Red+1","Feed+1","Armaments+1","Bloodletting+1","Impervious","Reaper+1","Shrug It Off+1","Flame Barrier","Spot Weakness","Thunderclap+1","Spot Weakness+1","Wild Strike+1","True Grit+1","Metallicize+1","Seeing Red+1","Inflame","Armaments+1","Limit Break+1"],"relics":["Burning Blood","Nunchaku","Dodecahedron","Whetstone","Lizard Tail","Red Mask","Bottled Flame","Toxic Egg 2","Astrolabe","Pen Nib","Vajra"],"potions_floor_usage":[6,6,6,10,19,24,28,31,33,35,39,41,48,48],"damage_taken":[{"damage":1,"enemies":"Jaw Worm","floor":1,"turns":3},{"damage":0,"enemies":"Cultist","floor":3,"turns":4},{"damage":0,"enemies":"Small Slimes","floor":5,"turns":4},{"damage":19,"enemies":"Lagavulin","floor":6,"turns":11},{"damage":0,"enemies":"Looter","floor":10,"turns":4},{"damage":3,"enemies":"Red Slaver","floor":11,"turns":4},{"damage":11,"enemies":"Exordium Thugs","floor":13,"turns":5},{"damage":7,"enemies":"2 Fungi Beasts","floor":14,"turns":4},{"damage":36,"enemies":"The Guardian","floor":16,"turns":14},{"damage":20,"enemies":"2 Thieves","floor":18,"turns":5},{"damage":43,"enemies":"Masked Bandits","floor":19,"turns":6},{"damage":26,"enemies":"Spheric Guardian","floor":21,"turns":6},{"damage":53,"enemies":"Slavers","floor":24,"turns":10},{"damage":9,"enemies":"Chosen and Byrds","floor":25,"turns":7},{"damage":21,"enemies":"Snake Plant","floor":28,"turns":5},{"damage":9,"enemies":"Snecko","floor":31,"turns":9},{"damage":146,"enemies":"Collector","floor":33,"turns":13},{"damage":46,"enemies":"3 Darklings","floor":35,"turns":11},{"damage":30,"enemies":"3 Shapes","floor":37,"turns":7},{"damage":92,"enemies":"Sphere and 2 Shapes","floor":39,"turns":7},{"damage":53,"enemies":"Writhing Mass","floor":41,"turns":14},{"damage":97,"enemies":"Transient","floor":48,"turns":5},{"damage":6,"enemies":"Awakened One","floor":50,"turns":2}],"seed_played":"1503192835515642186","potions_obtained":[{"floor":2,"key":"SkillPotion"},{"floor":2,"key":"Weak Potion"},{"floor":2,"key":"Weak Potion"},{"floor":3,"key":"EssenceOfSteel"},{"floor":6,"key":"Block Potion"},{"floor":8,"key":"SteroidPotion"},{"floor":8,"key":"SteroidPotion"},{"floor":13,"key":"Energy Potion"},{"floor":21,"key":"Ancient Potion"},{"floor":24,"key":"LiquidBronze"},{"floor":33,"key":"Regen Potion"},{"floor":35,"key":"Strength Potion"},{"floor":37,"key":"Swift Potion"},{"floor":41,"key":"Block Potion"}],"is_trial":false,"path_per_floor":["M","?","M","?","M","E","R","?","T","M","M","$","M","M","R","B",null,"M","?","?","M","$","R","E","M","T","R","M","?","R","M","R","B",null,"M","$","M","?","M","R","M","R","T","R","$","?","R","M","R","B"],"character_chosen":"IRONCLAD","items_purchased":["Whetstone","AttackPotion","Flame Barrier","Pen Nib","Inflame","Limit Break+1","BloodPotion"],"campfire_rested":7,"item_purchase_floors":[12,12,22,36,36,45,45],"current_hp_per_floor":[80,80,80,80,80,70,70,70,70,76,82,82,81,84,84,54,94,84,47,47,31,31,60,29,32,32,62,50,50,50,56,87,12,106,81,81,92,92,16,49,16,16,16,49,49,49,82,8,41,53],"gold":68,"neow_bonus":"TRANSFORM_CARD","is_prod":false,"is_daily":false,"chose_seed":false,"campfire_upgraded":4,"win_rate":0,"timestamp":1551541413,"path_taken":["M","?","?","?","M","E","R","?","T","M","?","$","M","M","R","BOSS","M","?","?","M","$","R","E","M","T","R","?","?","R","M","R","BOSS","M","$","?","?","M","R","?","R","T","R","?","?","R","M","R","BOSS"],"build_version":"2019-01-23","purchased_purges":2,"victory":false,"max_hp_per_floor":[80,80,80,80,80,83,83,83,83,83,86,86,90,94,94,94,94,94,94,94,98,98,98,102,102,102,102,102,102,102,106,106,106,106,106,106,110,110,110,110,110,110,110,110,110,110,110,110,110,110],"card_choices":[{"not_picked":["Pommel Strike","Heavy Blade"],"picked":"Flame Barrier","floor":1},{"not_picked":["Warcry","Anger"],"picked":"Seeing Red","floor":3},{"not_picked":["Entrench","Rupture"],"picked":"Feed","floor":5},{"not_picked":["Perfected Strike","Iron Wave"],"picked":"Armaments","floor":6},{"not_picked":["Cleave","Blood for Blood"],"picked":"Bloodletting","floor":10},{"not_picked":["True Grit","Anger","Wild Strike"],"picked":"SKIP","floor":11},{"not_picked":["Power Through","Inflame","Cleave"],"picked":"SKIP","floor":13},{"not_picked":["Thunderclap","Clothesline"],"picked":"Impervious","floor":14},{"not_picked":["Brutality","Dark Embrace"],"picked":"Reaper","floor":16},{"not_picked":["Searing Blow","Headbutt","Twin Strike"],"picked":"SKIP","floor":18},{"not_picked":["Sword Boomerang","Cleave"],"picked":"Shrug It Off","floor":21},{"not_picked":["Dark Embrace","Rage"],"picked":"Spot Weakness","floor":24},{"not_picked":["Evolve","Wild Strike"],"picked":"Thunderclap+1","floor":25},{"not_picked":["Rage+1","Heavy Blade","Fire Breathing"],"picked":"SKIP","floor":28},{"not_picked":["Combust","Thunderclap"],"picked":"Spot Weakness+1","floor":31},{"not_picked":["Corruption+1","Rupture+1"],"picked":"Seeing Red+1","floor":35},{"not_picked":["Perfected Strike","Searing Blow+1","Clothesline"],"picked":"SKIP","floor":37},{"not_picked":["Dropkick+1","True Grit+1"],"picked":"Armaments+1","floor":39},{"not_picked":["Heavy Blade","Evolve","Anger"],"picked":"SKIP","floor":41},{"not_picked":["Searing Blow","Twin Strike","Inflame"],"picked":"SKIP","floor":48}],"player_experience":46647,"relics_obtained":[{"floor":6,"key":"Nunchaku"},{"floor":9,"key":"Dodecahedron"},{"floor":19,"key":"Red Mask"},{"floor":24,"key":"Bottled Flame"},{"floor":26,"key":"Toxic Egg 2"},{"floor":43,"key":"Vajra"}],"event_choices":[{"damage_healed":0,"gold_gain":0,"player_choice":"Got Potions","damage_taken":0,"max_hp_gain":0,"max_hp_loss":0,"event_name":"Lab","floor":2,"gold_loss":0},{"damage_healed":0,"gold_gain":175,"player_choice":"AGREE","damage_taken":0,"max_hp_gain":0,"max_hp_loss":0,"event_name":"Liars Game","floor":4,"gold_loss":0,"cards_obtained":["Doubt"]},{"damage_healed":0,"gold_gain":0,"player_choice":"Bought 2 Potions","damage_taken":0,"max_hp_gain":0,"max_hp_loss":0,"event_name":"The Woman in Blue","floor":8,"gold_loss":0},{"damage_healed":0,"gold_gain":0,"player_choice":"Fought Bandits","damage_taken":0,"max_hp_gain":0,"max_hp_loss":0,"event_name":"Masked Bandits","floor":19,"gold_loss":0},{"cards_removed":["Strike_R"],"damage_healed":0,"gold_gain":0,"player_choice":"Purged","damage_taken":0,"max_hp_gain":0,"max_hp_loss":0,"event_name":"Purifier","floor":20,"gold_loss":0},{"damage_healed":0,"gold_gain":0,"player_choice":"Upgraded","damage_taken":0,"max_hp_gain":0,"max_hp_loss":0,"event_name":"Upgrade Shrine","floor":29,"gold_loss":0,"cards_upgraded":["Reaper"]},{"damage_healed":0,"gold_gain":100,"player_choice":"Pray","damage_taken":0,"max_hp_gain":0,"max_hp_loss":0,"event_name":"Golden Shrine","floor":38,"gold_loss":0},{"damage_healed":0,"gold_gain":0,"player_choice":"Forge","damage_taken":0,"max_hp_gain":0,"max_hp_loss":0,"event_name":"Accursed Blacksmith","floor":46,"gold_loss":0,"cards_upgraded":["Bloodletting"]}],"is_beta":false,"boss_relics":[{"not_picked":["Runic Pyramid","Ectoplasm"],"picked":"Lizard Tail"},{"not_picked":["Empty Cage","White Beast Statue"],"picked":"Astrolabe"}],"items_purged_floors":[12,22],"is_endless":false,"potions_floor_spawned":[3,5,6,13,16,21,24,33,35,37,41],"killed_by":"Awakened One","ascension_level":0}