{"gold_per_floor":[109,109,109,126,144,144,161,192,192,13,13,23,23,49,49,151,151,168,168,168,168,183,211,223,238,289,314,314,334,354,372,372,471,471,490,182,182,182,182,212,226,257,281,30,44,60,71,91,91,91],"floor_reached":51,"playtime":2966,"items_purged":["Strike_G","Strike_G","Strike_G"],"score":811,"play_id":"36b90f68-92f4-4919-8fc7-7d71f802ea74","local_time":"20181106215822","is_ascension_mode":false,"campfire_choices":[{"data":"Flying Knee","floor":6,"key":"SMITH"},{"data":"Noxious Fumes","floor":11,"key":"SMITH"},{"floor":15,"key":"REST"},{"data":"Noxious Fumes","floor":28,"key":"SMITH"},{"data":"Deflect","floor":32,"key":"SMITH"},{"floor":49,"key":"REST"}],"neow_cost":"NONE","seed_source_timestamp":1727662674599872,"circlet_count":0,"master_deck":["Defend_G","Defend_G","Defend_G","Defend_G","Defend_G","Survivor","Neutralize+1","Quick Slash","Terror+1","Flying Knee+1","Deflect+1","Deflect+1","Noxious Fumes+1","Sucker Punch+1","Acrobatics+1","Dash+1","Adrenaline+1","Sucker Punch+1","Noxious Fumes+1","Blur+1","Backflip+1","Bane+1","Tactician+1","Escape Plan+1","Distraction+1","Glass Knife+1","Footwork","Master of Strategy+1","Footwork","Outmaneuver+1","Bullet Time+1","Prepared+1","Dodge and Roll+1","Tactician+1","Heel Hook+1","Reflex+1","Backflip+1"],"relics":["Ring of the Snake","NeowsBlessing","Toxic Egg 2","Molten Egg 2","Question Card","Sozu","Meat on the Bone","PreservedInsect","The Courier","Fusion Hammer","TheAbacus","Dream Catcher","Bottled Flame","Snake Skull"],"potions_floor_usage":[30,30,47],"damage_taken":[{"damage":0,"enemies":"Jaw Worm","floor":1,"turns":1},{"damage":0,"enemies":"2 Louse","floor":4,"turns":1},{"damage":0,"enemies":"Small Slimes","floor":5,"turns":1},{"damage":0,"enemies":"Blue Slaver","floor":7,"turns":4},{"damage":27,"enemies":"3 Sentries","floor":8,"turns":12},{"damage":0,"enemies":"3 Louse","floor":12,"turns":4},{"damage":19,"enemies":"Gremlin Nob","floor":14,"turns":4},{"damage":20,"enemies":"The Guardian","floor":16,"turns":11},{"damage":0,"enemies":"Shell Parasite","floor":18,"turns":5},{"damage":0,"enemies":"Chosen","floor":22,"turns":3},{"damage":17,"enemies":"Slavers","floor":23,"turns":5},{"damage":4,"enemies":"Centurion and Healer","floor":24,"turns":7},{"damage":23,"enemies":"Cultist and Chosen","floor":25,"turns":7},{"damage":0,"enemies":"Book of Stabbing","floor":27,"turns":5},{"damage":1,"enemies":"Snecko","floor":29,"turns":5},{"damage":0,"enemies":"Chosen and Byrds","floor":30,"turns":7},{"damage":2,"enemies":"Centurion and Healer","floor":31,"turns":5},{"damage":7,"enemies":"Automaton","floor":33,"turns":9},{"damage":0,"enemies":"3 Shapes","floor":35,"turns":6},{"damage":0,"enemies":"Reptomancer","floor":40,"turns":5},{"damage":12,"enemies":"3 Darklings","floor":41,"turns":5},{"damage":1,"enemies":"Nemesis","floor":42,"turns":6},{"damage":0,"enemies":"Sphere and 2 Shapes","floor":45,"turns":5},{"damage":0,"enemies":"Transient","floor":46,"turns":5},{"damage":8,"enemies":"3 Darklings","floor":47,"turns":4},{"damage":0,"enemies":"4 Shapes","floor":48,"turns":5},{"damage":20,"enemies":"Donu and Deca","floor":50,"turns":11}],"seed_played":"6111566486402484803","potions_obtained":[{"floor":8,"key":"GamblersBrew"},{"floor":12,"key":"Explosive Potion"},{"floor":14,"key":"Weak Potion"}],"is_trial":false,"path_per_floor":["M","?","?","M","M","R","M","E","T","$","R","M","?","E","R","B",null,"M","?","?","?","M","E","M","M","T","E","R","M","M","M","R","B",null,"M","$","?","?","?","E","M","E","T","$","M","M","M","M","R","B",null],"character_chosen":"THE_SILENT","items_purchased":["Noxious Fumes","Sucker Punch+1","Footwork","TheAbacus","Bullet Time+1","Prepared+1"],"campfire_rested":2,"item_purchase_floors":[10,10,36,36,44,44],"current_hp_per_floor":[70,70,70,70,70,70,70,43,43,43,43,43,36,17,38,18,70,70,57,57,57,57,40,48,37,37,49,49,48,48,46,46,39,75,75,75,71,71,71,71,59,58,58,58,58,58,50,50,71,51],"gold":91,"neow_bonus":"THREE_ENEMY_KILL","is_prod":false,"is_daily":false,"chose_seed":false,"campfire_upgraded":4,"win_rate":0,"timestamp":1541537902,"path_taken":["M","?","?","M","M","R","M","E","T","?","R","?","?","E","R","BOSS","M","?","?","?","?","E","M","?","T","E","R","M","M","M","R","BOSS","M","$","?","?","?","E","M","E","T","$","M","M","M","M","R","BOSS"],"build_version":"2018-11-01","purchased_purges":3,"victory":true,"max_hp_per_floor":[70,70,70,70,70,70,70,70,70,70,70,70,70,70,70,70,70,70,75,75,75,75,75,75,75,75,75,75,75,75,75,75,75,75,75,75,71,71,71,71,71,71,71,71,71,71,71,71,71,71],"card_choices":[{"not_picked":["Underhanded Strike","Calculated Gamble"],"picked":"Quick Slash","floor":1},{"not_picked":["Catalyst","Calculated Gamble"],"picked":"Terror","floor":4},{"not_picked":["Riddle With Holes","Flechettes"],"picked":"Flying Knee","floor":5},{"not_picked":["Quick Slash","Choke"],"picked":"Deflect","floor":7},{"not_picked":["PiercingWail","Blade Dance"],"picked":"Deflect","floor":8},{"not_picked":["Slice+1","Dagger Throw+1"],"picked":"Acrobatics+1","floor":12},{"not_picked":["Masterful Stab+1","Expertise+1"],"picked":"Dash+1","floor":14},{"not_picked":["Unload+1","Phantasmal Killer+1","A Thousand Cuts"],"picked":"Adrenaline+1","floor":16},{"not_picked":["Terror+1","Eviscerate+1","Infinite Blades"],"picked":"Sucker Punch+1","floor":18},{"not_picked":["Backstab+1","Underhanded Strike+1","Bouncing Flask+1"],"picked":"Noxious Fumes","floor":22},{"not_picked":["Poisoned Stab+1","Flying Knee+1","Blade Dance+1"],"picked":"Blur+1","floor":23},{"not_picked":["Eviscerate+1","Well Laid Plans","Flechettes+1"],"picked":"Backflip+1","floor":24},{"not_picked":["Dash+1","Underhanded Strike+1","Deflect+1"],"picked":"Bane+1","floor":25},{"not_picked":["Poisoned Stab+1","Distraction+1","Infinite Blades+1"],"picked":"Tactician+1","floor":27},{"not_picked":["Burst+1","Acrobatics+1","Slice+1"],"picked":"Escape Plan+1","floor":29},{"not_picked":["Dagger Throw+1","Sucker Punch+1","Catalyst+1"],"picked":"Distraction+1","floor":30},{"not_picked":["Deadly Poison+1","Sucker Punch+1","Dagger Spray+1","PiercingWail+1"],"picked":"SKIP","floor":31},{"not_picked":["Venomology+1","Grand Finale+1","Wraith Form v2"],"picked":"Glass Knife+1","floor":33},{"not_picked":["Cloak And Dagger+1","Slice+1","PiercingWail+1","Bane+1"],"picked":"SKIP","floor":35},{"not_picked":["Transmutation+1","HandOfGreed+1","Impatience+1"],"picked":"Master of Strategy+1","floor":38},{"not_picked":["Backflip+1","Escape Plan+1","Underhanded Strike+1"],"picked":"Footwork","floor":40},{"not_picked":["Deflect+1","Concentrate+1","PiercingWail+1","Slice+1"],"picked":"SKIP","floor":41},{"not_picked":["Bouncing Flask+1","Sucker Punch+1","Underhanded Strike+1"],"picked":"Outmaneuver+1","floor":42},{"not_picked":["Deflect+1","Riddle With Holes+1","Deadly Poison+1"],"picked":"Dodge and Roll+1","floor":45},{"not_picked":["Flechettes+1","Outmaneuver+1","Night Terror+1"],"picked":"Tactician+1","floor":46},{"not_picked":["Poisoned Stab+1","Cloak And Dagger+1","Predator+1"],"picked":"Heel Hook+1","floor":47},{"not_picked":["Flechettes+1","Escape Plan+1","Well Laid Plans"],"picked":"Reflex+1","floor":48},{"not_picked":["Concentrate+1","Infinite Blades+1","Dodge and Roll+1"],"picked":"Backflip+1","floor":49}],"player_experience":273694,"relics_obtained":[{"floor":8,"key":"Toxic Egg 2"},{"floor":9,"key":"Molten Egg 2"},{"floor":14,"key":"Question Card"},{"floor":23,"key":"Meat on the Bone"},{"floor":26,"key":"PreservedInsect"},{"floor":27,"key":"The Courier"},{"floor":40,"key":"Dream Catcher"},{"floor":42,"key":"Bottled Flame"},{"floor":43,"key":"Snake Skull"}],"event_choices":[{"damage_healed":0,"gold_gain":0,"player_choice":"Ignored","damage_taken":0,"max_hp_gain":0,"max_hp_loss":0,"event_name":"Shining Light","floor":2,"gold_loss":0},{"damage_healed":0,"gold_gain":0,"player_choice":"Grow","damage_taken":0,"max_hp_gain":0,"max_hp_loss":0,"event_name":"Living Wall","floor":3,"gold_loss":0,"cards_upgraded":["Neutralize"]},{"cards_removed":["Strike_G"],"damage_healed":0,"gold_gain":0,"player_choice":"Card Removal","damage_taken":7,"max_hp_gain":0,"max_hp_loss":0,"event_name":"Golden Wing","floor":13,"gold_loss":0},{"damage_healed":0,"gold_gain":0,"player_choice":"Shed Blood","damage_taken":18,"max_hp_gain":5,"max_hp_loss":0,"event_name":"Forgotten Altar","floor":19,"gold_loss":0},{"cards_removed":["Strike_G"],"damage_healed":0,"gold_gain":0,"player_choice":"Elegance","damage_taken":0,"max_hp_gain":0,"max_hp_loss":0,"event_name":"Back to Basics","floor":20,"gold_loss":0},{"damage_healed":0,"gold_gain":0,"player_choice":"Upgraded","damage_taken":0,"max_hp_gain":0,"max_hp_loss":0,"event_name":"Upgrade Shrine","floor":21,"gold_loss":0,"cards_upgraded":["Terror"]},{"damage_healed":0,"gold_gain":0,"player_choice":"Max HP","damage_taken":0,"max_hp_gain":0,"max_hp_loss":4,"event_name":"Winding Halls","floor":37,"gold_loss":0},{"damage_healed":0,"gold_gain":0,"player_choice":"Memory 1","damage_taken":0,"max_hp_gain":0,"max_hp_loss":0,"event_name":"SensoryStone","floor":38,"gold_loss":0},{"damage_healed":0,"gold_gain":0,"player_choice":"Ignored","damage_taken":0,"max_hp_gain":0,"max_hp_loss":0,"event_name":"Tomb of Lord Red Mask","floor":39,"gold_loss":0}],"is_beta":false,"boss_relics":[{"not_picked":["White Beast Statue","Runic Dome"],"picked":"Sozu"},{"not_picked":["HoveringKite","Tiny House"],"picked":"Fusion Hammer"}],"items_purged_floors":[10,36,44],"is_endless":false,"potions_floor_spawned":[8,12,14,18,29,30,31,40,45],"ascension_level":0}