{"gold_per_floor":[113,113,132,132,147,173,173,195,221,221,254,254,271,302,302,302],"floor_reached":16,"playtime":491,"items_purged":[],"score":255,"play_id":"b968d41b-83fd-4724-a302-2e6fcbec5d97","local_time":"20190225232011","is_ascension_mode":true,"campfire_choices":[{"data":"Zap","floor":7.0,"key":"SMITH"},{"data":"Sunder","floor":10.0,"key":"SMITH"},{"floor":12.0,"key":"REST"},{"floor":15,"key":"REST"}],"neow_cost":"NONE","seed_source_timestamp":95816672585200,"circlet_count":0,"master_deck":["AscendersBane","Strike_B","Strike_B","Strike_B","Defend_B","Defend_B","Defend_B","Defend_B","Zap+1","Dualcast","Sweeping Beam","Sunder+1","Steam","Ball Lightning","Gash","Genetic Algorithm","FTL"],"special_seed":0,"relics":["Cracked Core","Centennial Puzzle","Nunchaku","Odd Mushroom","Strawberry","Frozen Egg 2","Blood Vial"],"potions_floor_usage":[16,16],"damage_taken":[{"damage":2.0,"enemies":"Jaw Worm","floor":1.0,"turns":5.0},{"damage":0.0,"enemies":"2 Louse","floor":3.0,"turns":3.0},{"damage":0.0,"enemies":"Small Slimes","floor":5.0,"turns":2.0},{"damage":8.0,"enemies":"Gremlin Nob","floor":6.0,"turns":3.0},{"damage":2.0,"enemies":"The Mushroom Lair","floor":8.0,"turns":3.0},{"damage":20.0,"enemies":"3 Sentries","floor":11.0,"turns":6.0},{"damage":7.0,"enemies":"Exordium Wildlife","floor":13.0,"turns":3.0},{"damage":8,"enemies":"Gremlin Nob","floor":14,"turns":3},{"damage":76,"enemies":"Hexaghost","floor":16,"turns":9}],"seed_played":"2909045639830322108","potions_obtained":[{"floor":3.0,"key":"FocusPotion"},{"floor":5.0,"key":"Fruit Juice"},{"floor":8.0,"key":"SteroidPotion"},{"floor":11.0,"key":"SneckoOil"},{"floor":13.0,"key":"GamblersBrew"}],"is_trial":false,"path_per_floor":["M","?","M","?","M","E","R","?","T","R","E","R","M","E","R","B"],"character_chosen":"DEFECT","items_purchased":[],"campfire_rested":2,"item_purchase_floors":[],"current_hp_per_floor":[69,58,58,51,56,48,48,46,53,53,33,60,53,45,72,0],"gold":302,"neow_bonus":"TEN_PERCENT_HP_BONUS","is_prod":false,"is_daily":false,"chose_seed":false,"campfire_upgraded":2,"win_rate":0,"timestamp":1551154811,"path_taken":["M","?","M","?","M","E","R","?","T","R","E","R","?","E","R","BOSS"],"build_version":"2019-01-23","purchased_purges":0,"victory":false,"max_hp_per_floor":[78,78,78,78,83,83,83,83,90,90,90,90,90,90,90,90],"card_choices":[{"not_picked":["Leap","Chaos"],"picked":"Sweeping Beam","floor":1.0},{"not_picked":["Leap","Conserve Battery"],"picked":"Sunder","floor":3.0},{"not_picked":["Steam Power","Streamline","Barrage"],"picked":"SKIP","floor":5.0},{"not_picked":["Aggregate","Skim"],"picked":"Steam","floor":6.0},{"not_picked":["Static Discharge","Scrape"],"picked":"Ball Lightning","floor":8.0},{"not_picked":["Blizzard","Coolheaded"],"picked":"Gash","floor":11.0},{"not_picked":["Rip and Tear","Aggregate"],"picked":"Genetic Algorithm","floor":13.0},{"not_picked":["BootSequence","Hyperbeam"],"picked":"FTL","floor":14}],"player_experience":1268355,"relics_obtained":[{"floor":6.0,"key":"Nunchaku"},{"floor":8.0,"key":"Odd Mushroom"},{"floor":9.0,"key":"Strawberry"},{"floor":11.0,"key":"Frozen Egg 2"},{"floor":14,"key":"Blood Vial"}],"event_choices":[{"damage_healed":0.0,"max_hp_gain":0.0,"max_hp_loss":0.0,"gold_gain":0.0,"event_name":"Scrap Ooze","player_choice":"Success","floor":2.0,"gold_loss":0.0,"damage_taken":11.0,"relics_obtained":["Centennial Puzzle"]},{"cards_removed":["Strike_B"],"damage_healed":0.0,"max_hp_gain":0.0,"max_hp_loss":0.0,"gold_gain":0.0,"event_name":"Golden Wing","player_choice":"Card Removal","floor":4.0,"gold_loss":0.0,"damage_taken":7.0},{"damage_healed":0.0,"max_hp_gain":0.0,"max_hp_loss":0.0,"gold_gain":0.0,"event_name":"Mushrooms","player_choice":"Fought Mushrooms","floor":8.0,"gold_loss":0.0,"damage_taken":0.0}],"is_beta":false,"boss_relics":[],"items_purged_floors":[],"is_endless":false,"potions_floor_spawned":[3,5,8,11,13],"killed_by":"Hexaghost","ascension_level":19}