{"gold_per_floor":[20,37,37,52,52,52,78,78,78,98,98],"floor_reached":11,"playtime":515,"items_purged":[],"score":77,"play_id":"80d7f8aa-3b2c-4195-9c7e-f6f48a0f657c","local_time":"20181130193741","is_ascension_mode":true,"campfire_choices":[{"floor":6,"key":"RECALL"},{"data":"Neutralize","floor":8,"key":"SMITH"}],"neow_cost":"NO_GOLD","seed_source_timestamp":1107908612439350,"circlet_count":0,"master_deck":["Defend_G","Defend_G","Defend_G","Defend_G","Strike_G","Strike_G","Strike_G","Strike_G","Survivor","Neutralize+1","Flying Knee","Cloak And Dagger","Accuracy","Escape Plan","Cloak And Dagger"],"relics":["Ring of the Snake","Vajra","The Specimen","Letter Opener"],"potions_floor_usage":[7,10,11],"damage_taken":[{"damage":0,"enemies":"2 Louse","floor":1,"turns":3},{"damage":0,"enemies":"Jaw Worm","floor":2,"turns":5},{"damage":0,"enemies":"Cultist","floor":4,"turns":4},{"damage":19,"enemies":"Lagavulin","floor":7,"turns":8},{"damage":10,"enemies":"Gremlin Gang","floor":10,"turns":5},{"damage":48,"enemies":"Gremlin Nob","floor":11,"turns":6}],"seed_played":"7470930583011858113","potions_obtained":[{"floor":2,"key":"Strength Potion"},{"floor":7,"key":"Swift Potion"},{"floor":10,"key":"SkillPotion"}],"is_trial":false,"path_per_floor":["M","M","?","M","T","R","E","R","T","M","E"],"character_chosen":"THE_SILENT","items_purchased":[],"campfire_rested":0,"item_purchase_floors":[],"current_hp_per_floor":[70,70,70,70,70,70,51,51,51,41,0],"gold":98,"neow_bonus":"REMOVE_TWO","is_prod":false,"is_daily":false,"chose_seed":false,"campfire_upgraded":1,"win_rate":0,"timestamp":1543603061,"path_taken":["M","M","?","M","?","R","E","R","T","?","E"],"build_version":"2018-11-15","purchased_purges":0,"victory":false,"max_hp_per_floor":[70,70,70,70,70,70,70,70,70,70,70],"card_choices":[{"not_picked":["Bane","Dodge and Roll"],"picked":"Flying Knee","floor":1},{"not_picked":["Infinite Blades","Dodge and Roll"],"picked":"Cloak And Dagger","floor":2},{"not_picked":["Outmaneuver","Quick Slash"],"picked":"Accuracy","floor":4},{"not_picked":["Leg Sweep","PiercingWail"],"picked":"Escape Plan","floor":7},{"not_picked":["Acrobatics","Setup"],"picked":"Cloak And Dagger","floor":10}],"player_experience":360423,"relics_obtained":[{"floor":5,"key":"Vajra"},{"floor":7,"key":"The Specimen"},{"floor":9,"key":"Letter Opener"}],"event_choices":[{"damage_healed":0,"gold_gain":0,"player_choice":"Ignored","damage_taken":0,"max_hp_gain":0,"max_hp_loss":0,"event_name":"Liars Game","floor":3,"gold_loss":0}],"is_beta":false,"boss_relics":[],"items_purged_floors":[],"is_endless":false,"potions_floor_spawned":[2,7,10],"killed_by":"Gremlin Nob","ascension_level":1}