{"gold_per_floor":[111,111,128,128,128,128,50,77,77,77,94,124,124,156,156,260,260,270,280,280,280,280,307,307,337,364,704,716,728,766,793,805,912,924,951,963,41,141,160,160,190,200,227,247,263,290,308,340,340,340,340,340,107,134,134],"floor_reached":56,"playtime":4203,"items_purged":[],"score":1702,"play_id":"b360c3f8-158c-4c3c-aa24-fa5ed2bff11f","local_time":"20190304092351","is_ascension_mode":true,"campfire_choices":[{"data":"Bash","floor":6,"key":"SMITH"},{"data":"Barricade","floor":10,"key":"SMITH"},{"data":"Uppercut","floor":13,"key":"SMITH"},{"floor":15,"key":"REST"},{"data":"Impervious","floor":24,"key":"SMITH"},{"data":"Shrug It Off","floor":32,"key":"SMITH"},{"floor":40,"key":"DIG"},{"floor":49,"key":"RECALL"},{"floor":52,"key":"DIG"}],"neow_cost":"NONE","seed_source_timestamp":422744413917843,"circlet_count":0,"master_deck":["Defend_R","Defend_R","Defend_R","Defend_R","Bash+1","Cleave","Pommel Strike","Barricade+1","Impervious+1","Uppercut+1","Body Slam+1","Impervious","Bite+1","Bite+1","Bite+1","Bite+1","Bite+1","Combust","Shrug It Off+1","Reaper+1","Rupture+1","Combust","Ghostly Armor"],"relics":["Burning Blood","Lantern","Shuriken","Oddly Smooth Stone","Molten Egg 2","Bird Faced Urn","Busted Crown","Enchiridion","Vajra","Anchor","MawBank","Old Coin","Pear","The Courier","Philosopher\u0027s Stone","Bottled Tornado","Shovel","Tiny Chest","Dodecahedron","Paper Frog","Girya","Self Forming Clay","Thread and Needle","Dream Catcher","Ancient Tea Set","Blue Candle","Ornamental Fan","Bronze Scales"],"potions_floor_usage":[12,14,27,41,41,48,50,54,55],"damage_taken":[{"damage":6,"enemies":"2 Louse","floor":1,"turns":3},{"damage":7,"enemies":"Small Slimes","floor":3,"turns":4},{"damage":25,"enemies":"3 Sentries","floor":8,"turns":8},{"damage":0,"enemies":"Jaw Worm","floor":11,"turns":4},{"damage":18,"enemies":"Lagavulin","floor":12,"turns":6},{"damage":15,"enemies":"3 Sentries","floor":14,"turns":10},{"damage":21,"enemies":"The Guardian","floor":16,"turns":15},{"damage":0,"enemies":"Chosen","floor":18,"turns":2},{"damage":0,"enemies":"Shell Parasite","floor":19,"turns":3},{"damage":0,"enemies":"Gremlin Leader","floor":23,"turns":7},{"damage":12,"enemies":"Book of Stabbing","floor":25,"turns":6},{"damage":0,"enemies":"Slavers","floor":27,"turns":5},{"damage":2,"enemies":"Book of Stabbing","floor":30,"turns":3},{"damage":0,"enemies":"Snake Plant","floor":31,"turns":3},{"damage":52,"enemies":"Automaton","floor":33,"turns":9},{"damage":0,"enemies":"Orb Walker","floor":35,"turns":2},{"damage":4,"enemies":"Mind Bloom Boss Battle","floor":38,"turns":5},{"damage":5,"enemies":"3 Darklings","floor":39,"turns":4},{"damage":10,"enemies":"Reptomancer","floor":41,"turns":5},{"damage":0,"enemies":"Sphere and 2 Shapes","floor":42,"turns":2},{"damage":2,"enemies":"4 Shapes","floor":44,"turns":3},{"damage":3,"enemies":"Maw","floor":45,"turns":5},{"damage":7,"enemies":"Giant Head","floor":46,"turns":7},{"damage":0,"enemies":"Spire Growth","floor":47,"turns":3},{"damage":7,"enemies":"Reptomancer","floor":48,"turns":5},{"damage":13,"enemies":"Time Eater","floor":50,"turns":9},{"damage":12,"enemies":"Shield and Spear","floor":54,"turns":9},{"damage":84,"enemies":"The Heart","floor":55,"turns":11}],"seed_played":"-6911380035806250824","potions_obtained":[{"floor":3,"key":"FearPotion"},{"floor":8,"key":"PowerPotion"},{"floor":16,"key":"EssenceOfSteel"},{"floor":25,"key":"Poison Potion"},{"floor":27,"key":"Block Potion"},{"floor":31,"key":"Explosive Potion"},{"floor":38,"key":"SteroidPotion"},{"floor":42,"key":"Swift Potion"},{"floor":44,"key":"SteroidPotion"},{"floor":48,"key":"Ancient Potion"}],"is_trial":false,"path_per_floor":["M","?","M","?","T","R","$","E","T","R","M","E","R","E","R","B",null,"M","M","?","?","?","E","R","E","T","E","T","$","E","M","R","B",null,"M","?","$","?","M","R","E","M","T","M","M","E","M","E","R","B",null,"R","$","E","B",null],"character_chosen":"IRONCLAD","items_purchased":["Barricade","Bottled Tornado","Shovel","Tiny Chest","Dodecahedron","Paper Frog","Ornamental Fan","SkillPotion"],"campfire_rested":1,"item_purchase_floors":[7,37,37,37,37,37,53,53],"current_hp_per_floor":[80,80,79,72,72,72,72,53,53,53,61,51,51,44,68,57,80,80,80,64,64,49,85,85,85,85,85,95,95,95,95,95,67,95,95,90,90,90,90,90,90,90,90,90,90,90,90,90,90,90,90,90,90,90,45],"gold":134,"neow_bonus":"RANDOM_COMMON_RELIC","is_prod":false,"is_daily":false,"chose_seed":false,"campfire_upgraded":5,"win_rate":0,"timestamp":1551709431,"path_taken":["M","?","M","?","?","R","?","E","T","R","M","E","R","E","R","BOSS","M","M","?","?","?","E","R","E","T","E","?","$","E","M","R","BOSS","M","?","$","?","M","R","E","M","T","M","M","E","M","E","R","BOSS","R","$","E","BOSS"],"build_version":"2019-01-23","purchased_purges":0,"victory":true,"max_hp_per_floor":[80,80,80,80,80,80,80,80,80,80,80,80,80,80,80,80,80,80,80,80,80,85,85,85,85,85,85,95,95,95,95,95,95,95,95,90,90,90,90,90,90,90,90,90,90,90,90,90,90,90,90,90,90,90,90],"card_choices":[{"not_picked":["Twin Strike","Wild Strike"],"picked":"Cleave","floor":1},{"not_picked":["Reckless Charge","Cleave"],"picked":"Pommel Strike","floor":3},{"not_picked":["Whirlwind","Havoc"],"picked":"Impervious","floor":8},{"not_picked":["Havoc","Whirlwind"],"picked":"Uppercut","floor":11},{"not_picked":["Second Wind","Wild Strike","Anger"],"picked":"SKIP","floor":12},{"not_picked":["Inflame","Blood for Blood+1"],"picked":"Body Slam+1","floor":14},{"not_picked":["Double Tap","Brutality"],"picked":"Impervious","floor":16},{"not_picked":["Anger+1"],"picked":"SKIP","floor":18},{"not_picked":["Sword Boomerang+1"],"picked":"SKIP","floor":19},{"not_picked":["True Grit"],"picked":"SKIP","floor":23},{"not_picked":["Intimidate"],"picked":"SKIP","floor":25},{"not_picked":["Heavy Blade+1"],"picked":"SKIP","floor":27},{"not_picked":["Combust"],"picked":"SKIP","floor":30},{"not_picked":[],"picked":"Combust","floor":30},{"not_picked":[],"picked":"Shrug It Off","floor":31},{"not_picked":[],"picked":"Reaper+1","floor":33},{"not_picked":[],"picked":"Rupture+1","floor":35},{"not_picked":[],"picked":"Combust","floor":38},{"not_picked":["Warcry+1"],"picked":"SKIP","floor":39},{"not_picked":["Fire Breathing"],"picked":"SKIP","floor":41},{"not_picked":["Perfected Strike+1"],"picked":"SKIP","floor":42},{"not_picked":["Iron Wave+1"],"picked":"SKIP","floor":44},{"not_picked":["Anger+1"],"picked":"SKIP","floor":45},{"not_picked":["Burning Pact+1"],"picked":"SKIP","floor":46},{"not_picked":["Warcry+1"],"picked":"SKIP","floor":47},{"not_picked":[],"picked":"Ghostly Armor","floor":48},{"not_picked":["Blood for Blood+1"],"picked":"SKIP","floor":54}],"player_experience":272421,"relics_obtained":[{"floor":5,"key":"Shuriken"},{"floor":8,"key":"Blood Vial"},{"floor":9,"key":"Oddly Smooth Stone"},{"floor":12,"key":"Molten Egg 2"},{"floor":14,"key":"Bird Faced Urn"},{"floor":20,"key":"Enchiridion"},{"floor":23,"key":"Vajra"},{"floor":25,"key":"Anchor"},{"floor":26,"key":"MawBank"},{"floor":27,"key":"Old Coin"},{"floor":28,"key":"Pear"},{"floor":30,"key":"The Courier"},{"floor":38,"key":"Girya"},{"floor":40,"key":"Self Forming Clay"},{"floor":41,"key":"Thread and Needle"},{"floor":46,"key":"Dream Catcher"},{"floor":48,"key":"Ancient Tea Set"},{"floor":52,"key":"Blue Candle"},{"floor":54,"key":"Bronze Scales"}],"event_choices":[{"cards_removed":["Strike_R"],"damage_healed":0,"gold_gain":0,"player_choice":"Forget","damage_taken":0,"max_hp_gain":0,"max_hp_loss":0,"event_name":"Living Wall","floor":2,"gold_loss":0},{"cards_removed":["Strike_R"],"damage_healed":0,"gold_gain":0,"player_choice":"Card Removal","damage_taken":7,"max_hp_gain":0,"max_hp_loss":0,"event_name":"Golden Wing","floor":4,"gold_loss":0},{"damage_healed":0,"gold_gain":0,"player_choice":"Obtained Book","damage_taken":16,"max_hp_gain":0,"max_hp_loss":0,"event_name":"Cursed Tome","floor":20,"gold_loss":0},{"damage_healed":0,"gold_gain":0,"player_choice":"Became a vampire (Vial)","damage_taken":0,"max_hp_gain":0,"max_hp_loss":0,"event_name":"Vampires","floor":21,"relics_lost":["Blood Vial"],"gold_loss":0,"cards_obtained":["Bite","Bite","Bite","Bite","Bite"]},{"damage_healed":0,"gold_gain":0,"player_choice":"Shed Blood","damage_taken":20,"max_hp_gain":5,"max_hp_loss":0,"event_name":"Forgotten Altar","floor":22,"gold_loss":0},{"damage_healed":0,"gold_gain":0,"player_choice":"Max HP","damage_taken":0,"max_hp_gain":0,"max_hp_loss":5,"event_name":"Winding Halls","floor":36,"gold_loss":0},{"damage_healed":0,"gold_gain":0,"player_choice":"Fight","damage_taken":0,"max_hp_gain":0,"max_hp_loss":0,"event_name":"MindBloom","floor":38,"gold_loss":0}],"is_beta":false,"boss_relics":[{"not_picked":["Runic Pyramid","Ectoplasm"],"picked":"Busted Crown"},{"not_picked":["Empty Cage","Velvet Choker"],"picked":"Philosopher\u0027s Stone"}],"items_purged_floors":[],"is_endless":false,"potions_floor_spawned":[3,8,16,25,27,31,38,42,44,45,47,48],"ascension_level":2}