{"gold_per_floor":[115,132,132,232,246,258,258,313,361,361,376,394,407,55,55,151,151,163,263,263,263],"floor_reached":21,"playtime":1674,"items_purged":["Strike_G"],"score":180,"play_id":"2ead0d5c-f639-4b91-bdda-990242c34d52","local_time":"20190224051233","is_ascension_mode":true,"campfire_choices":[{"data":"Blade Dance","floor":7,"key":"SMITH"},{"floor":15,"key":"REST"}],"neow_cost":"NONE","seed_source_timestamp":661878801343657,"circlet_count":0,"master_deck":["Defend_G","Defend_G","Defend_G","Defend_G","Defend_G","Strike_G","Strike_G+1","Strike_G","Strike_G","Survivor","Neutralize","Blade Dance+1","Blade Dance+1","Poisoned Stab","Sucker Punch","Slice","Poisoned Stab","Noxious Fumes","Infinite Blades","Footwork","Envenom","Accuracy","Accuracy"],"relics":["Ring of the Snake","NeowsBlessing","Blood Vial","Bronze Scales","TwistedFunnel","Runic Pyramid","Tough Bandages","Ninja Scroll","Bottled Lightning"],"potions_floor_usage":[16,16,19,19,21],"damage_taken":[{"damage":0,"enemies":"2 Louse","floor":1,"turns":1},{"damage":0,"enemies":"Cultist","floor":2,"turns":1},{"damage":0,"enemies":"Small Slimes","floor":5,"turns":1},{"damage":5,"enemies":"Looter","floor":6,"turns":2},{"damage":27,"enemies":"3 Sentries","floor":8,"turns":8},{"damage":8,"enemies":"Large Slime","floor":11,"turns":5},{"damage":11,"enemies":"Exordium Thugs","floor":12,"turns":4},{"damage":2,"enemies":"Looter","floor":13,"turns":3},{"damage":25,"enemies":"The Guardian","floor":16,"turns":9},{"damage":10,"enemies":"3 Byrds","floor":18,"turns":3},{"damage":27,"enemies":"Colosseum Slavers","floor":19,"turns":5},{"damage":32,"enemies":"Colosseum Nobs","floor":19,"turns":4},{"damage":10,"enemies":"Spheric Guardian","floor":21,"turns":4}],"seed_played":"8351996687294029242","potions_obtained":[{"floor":2,"key":"GamblersBrew"},{"floor":11,"key":"SneckoOil"},{"floor":12,"key":"GhostInAJar"},{"floor":16,"key":"AttackPotion"},{"floor":19,"key":"SneckoOil"}],"is_trial":false,"path_per_floor":["M","M","?","?","M","M","R","?","T","?","M","M","M","$","R","B",null,"M","?","T","M"],"character_chosen":"THE_SILENT","items_purchased":["TwistedFunnel","Footwork"],"campfire_rested":1,"item_purchase_floors":[14,14],"current_hp_per_floor":[70,70,56,56,56,51,51,26,26,26,20,11,11,11,32,9,70,60,5,5,0],"gold":263,"neow_bonus":"THREE_ENEMY_KILL","is_prod":false,"is_daily":false,"chose_seed":false,"campfire_upgraded":1,"win_rate":0,"timestamp":1551003153,"path_taken":["M","M","?","?","?","M","R","?","T","?","M","M","M","$","R","BOSS","M","?","?","M"],"build_version":"2019-01-23","purchased_purges":1,"victory":false,"max_hp_per_floor":[70,70,70,70,70,70,70,70,70,70,70,70,70,70,70,70,70,70,70,70,70],"card_choices":[{"not_picked":["Deflect","Sucker Punch"],"picked":"Blade Dance","floor":1},{"not_picked":["PiercingWail","Sucker Punch"],"picked":"Blade Dance","floor":2},{"not_picked":["Deadly Poison","Setup"],"picked":"Poisoned Stab","floor":5},{"not_picked":["Dagger Throw","Eviscerate"],"picked":"Sucker Punch","floor":6},{"not_picked":["Poisoned Stab","PiercingWail"],"picked":"Slice","floor":8},{"not_picked":["Distraction","Endless Agony"],"picked":"Poisoned Stab","floor":11},{"not_picked":["Backflip","Backstab"],"picked":"Noxious Fumes","floor":12},{"not_picked":["Eviscerate","Skewer"],"picked":"Infinite Blades","floor":13},{"not_picked":["Grand Finale","Tools of the Trade"],"picked":"Envenom","floor":16},{"not_picked":["Bane","Deflect"],"picked":"Accuracy","floor":18},{"not_picked":["Caltrops+1","Underhanded Strike+1"],"picked":"Accuracy","floor":19}],"player_experience":442231,"relics_obtained":[{"floor":9,"key":"Bronze Scales"},{"floor":19,"key":"Tough Bandages"},{"floor":19,"key":"Ninja Scroll"},{"floor":20,"key":"Bottled Lightning"}],"event_choices":[{"damage_healed":0,"gold_gain":0,"player_choice":"Entered Light","damage_taken":14,"max_hp_gain":0,"max_hp_loss":0,"event_name":"Shining Light","floor":3,"gold_loss":0,"cards_upgraded":["Strike_G","Blade Dance"]},{"damage_healed":0,"gold_gain":100,"player_choice":"Gold","damage_taken":0,"max_hp_gain":0,"max_hp_loss":0,"event_name":"Wheel of Change","floor":4,"gold_loss":0},{"damage_healed":0,"gold_gain":0,"player_choice":"Searched \u00272\u0027 times","damage_taken":0,"relics_obtained":["Blood Vial"],"max_hp_gain":0,"max_hp_loss":0,"event_name":"Dead Adventurer","floor":8,"gold_loss":0},{"damage_healed":0,"gold_gain":0,"player_choice":"Ignored","damage_taken":0,"max_hp_gain":0,"max_hp_loss":0,"event_name":"Liars Game","floor":10,"gold_loss":0},{"damage_healed":0,"gold_gain":0,"player_choice":"Fight","damage_taken":0,"max_hp_gain":0,"max_hp_loss":0,"event_name":"Colosseum","floor":19,"gold_loss":0},{"damage_healed":0,"gold_gain":0,"player_choice":"Fought Nobs","damage_taken":0,"max_hp_gain":0,"max_hp_loss":0,"event_name":"Colosseum","floor":19,"gold_loss":0}],"is_beta":false,"boss_relics":[{"not_picked":["Sozu","White Beast Statue"],"picked":"Runic Pyramid"}],"items_purged_floors":[14],"is_endless":false,"potions_floor_spawned":[2,11,12,16,19],"killed_by":"Spheric Guardian","ascension_level":1}