{"gold_per_floor":[117,135,153,153,170,170,190,190,215,215,215,228,258,43,43,142,142,152,167,177,6,19,19,19,19],"floor_reached":25,"playtime":1593,"items_purged":["Defend_G","Strike_G"],"score":277,"play_id":"6afcaf30-e562-42db-b2d8-20c7b5546c10","local_time":"20190105095335","is_ascension_mode":true,"campfire_choices":[{"data":"Neutralize","floor":6,"key":"SMITH"},{"floor":8,"key":"REST"},{"data":"Backflip","floor":10,"key":"SMITH"},{"data":"Footwork","floor":15,"key":"SMITH"},{"floor":23,"key":"REST"}],"neow_cost":"NONE","seed_source_timestamp":292913447077910,"circlet_count":0,"master_deck":["Defend_G","Defend_G","Defend_G","Strike_G","Strike_G","Strike_G","Strike_G","Survivor","Neutralize+1","Backflip+1","Dash","Blur","PiercingWail","Deflect","Footwork+1","Deadly Poison","Backflip","Blind","Die Die Die","Flying Knee","Catalyst","Well Laid Plans","Flechettes"],"relics":["Ring of the Snake","Lantern","Ancient Tea Set","Centennial Puzzle","Sozu"],"potions_floor_usage":[5,13,13,13,16,18],"damage_taken":[{"damage":0,"enemies":"2 Louse","floor":1,"turns":5},{"damage":1,"enemies":"Small Slimes","floor":2,"turns":4},{"damage":0,"enemies":"Cultist","floor":3,"turns":5},{"damage":0,"enemies":"Lots of Slimes","floor":5,"turns":6},{"damage":13,"enemies":"Gremlin Gang","floor":7,"turns":11},{"damage":0,"enemies":"3 Louse","floor":12,"turns":3},{"damage":8,"enemies":"Gremlin Nob","floor":13,"turns":4},{"damage":27,"enemies":"The Guardian","floor":16,"turns":17},{"damage":8,"enemies":"Chosen","floor":18,"turns":10},{"damage":16,"enemies":"Spheric Guardian","floor":19,"turns":6},{"damage":16,"enemies":"Snake Plant","floor":20,"turns":6},{"damage":3,"enemies":"Shelled Parasite and Fungi","floor":22,"turns":7},{"damage":39,"enemies":"Snecko","floor":25,"turns":5}],"seed_played":"4455979233809690418","potions_obtained":[{"floor":3,"key":"Energy Potion"},{"floor":7,"key":"Poison Potion"},{"floor":11,"key":"SkillPotion"},{"floor":11,"key":"EssenceOfSteel"},{"floor":13,"key":"FearPotion"},{"floor":16,"key":"Swift Potion"}],"is_trial":false,"path_per_floor":["M","M","M","?","M","R","M","R","T","R","?","M","E","$","R","B",null,"M","M","M","$","M","R","?","M"],"character_chosen":"THE_SILENT","items_purchased":["Backflip","Blind","Flechettes"],"campfire_rested":2,"item_purchase_floors":[14,14,21],"current_hp_per_floor":[63,62,62,50,50,50,37,58,58,58,58,58,50,50,50,23,58,50,34,18,18,15,36,36,0],"gold":19,"neow_bonus":"RANDOM_COMMON_RELIC","is_prod":false,"is_daily":false,"chose_seed":false,"campfire_upgraded":3,"win_rate":0,"timestamp":1546678415,"path_taken":["M","M","M","?","M","R","M","R","T","R","?","?","E","$","R","BOSS","M","?","M","$","?","R","?","M"],"build_version":"2019-01-03v4","purchased_purges":2,"victory":false,"max_hp_per_floor":[70,70,70,70,70,70,70,70,70,70,70,70,70,70,70,70,70,70,70,70,70,70,70,70,70],"card_choices":[{"not_picked":["Prepared","Acrobatics"],"picked":"Backflip","floor":1},{"not_picked":["Deadly Poison","Unload"],"picked":"Dash","floor":2},{"not_picked":["Deflect","Accuracy"],"picked":"Blur","floor":3},{"not_picked":["Concentrate","Setup"],"picked":"PiercingWail","floor":5},{"not_picked":["Dagger Throw","Outmaneuver"],"picked":"Deflect","floor":7},{"not_picked":["Bane","Crippling Poison"],"picked":"Footwork","floor":12},{"not_picked":["Doppelganger","Finisher"],"picked":"Deadly Poison","floor":13},{"not_picked":["Tools of the Trade","Phantasmal Killer"],"picked":"Die Die Die","floor":16},{"not_picked":["Terror","Caltrops+1"],"picked":"Flying Knee","floor":18},{"not_picked":["Outmaneuver","Deflect"],"picked":"Catalyst","floor":19},{"not_picked":["Caltrops","Poisoned Stab"],"picked":"Well Laid Plans","floor":20},{"not_picked":["Dagger Throw+1","Infinite Blades","Outmaneuver"],"picked":"SKIP","floor":22}],"player_experience":474267,"relics_obtained":[{"floor":9,"key":"Ancient Tea Set"},{"floor":13,"key":"Centennial Puzzle"}],"event_choices":[{"damage_healed":0,"gold_gain":0,"player_choice":"Fled","damage_taken":12,"max_hp_gain":0,"max_hp_loss":0,"event_name":"Scrap Ooze","floor":4,"gold_loss":0},{"damage_healed":0,"gold_gain":0,"player_choice":"Got Potions","damage_taken":0,"max_hp_gain":0,"max_hp_loss":0,"event_name":"Lab","floor":11,"gold_loss":0},{"cards_removed":["Defend_G"],"damage_healed":0,"gold_gain":0,"player_choice":"Purged","damage_taken":0,"max_hp_gain":0,"max_hp_loss":0,"event_name":"Purifier","floor":24,"gold_loss":0}],"is_beta":false,"boss_relics":[{"not_picked":["Pandora\u0027s Box","Eternal Feather"],"picked":"Sozu"}],"items_purged_floors":[14,21],"is_endless":false,"potions_floor_spawned":[3,7,13,16,22],"killed_by":"Snecko","ascension_level":7}