{"gold_per_floor":[110,110,129,56,76,137,137,155,179,207,169,182,209,225,225,323,323,334,347,262,108,128,128,155,155,155,155,169,204,224,241,241,241],"floor_reached":33,"playtime":2156,"items_purged":[],"score":429,"play_id":"a3642066-03df-4edb-abfe-b5fffce93e72","local_time":"20181021062722","is_ascension_mode":true,"campfire_choices":[{"floor":7,"key":"REST"},{"floor":15,"key":"REST"},{"floor":23,"key":"REST"},{"data":"Adrenaline","floor":25,"key":"SMITH"},{"floor":27,"key":"REST"},{"floor":32,"key":"REST"}],"neow_cost":"NONE","seed_source_timestamp":90871236281447,"circlet_count":0,"master_deck":["Defend_G","Defend_G","Defend_G","Defend_G","Defend_G","Strike_G","Strike_G","Strike_G","Strike_G","Strike_G","Survivor","Neutralize","Dash","Predator","All Out Attack","Backflip","Concentrate","Flying Knee","Adrenaline+1","Riddle With Holes","Dagger Spray","Acrobatics","Unload","Flying Knee+1","Prepared","Blade Dance+1","Terror+1"],"relics":["Ring of the Serpent","PreservedInsect","Boot","Tiny Chest","Orichalcum","Question Card","Bag of Preparation","Blood Vial","Lantern","Mercury Hourglass","Pantograph","Mummified Hand"],"potions_floor_usage":[16,22,29,33,33,33],"damage_taken":[{"damage":4,"enemies":"Cultist","floor":1,"turns":6},{"damage":0,"enemies":"Jaw Worm","floor":3,"turns":3},{"damage":0,"enemies":"2 Louse","floor":5,"turns":2},{"damage":11,"enemies":"Lagavulin","floor":6,"turns":6},{"damage":1,"enemies":"Exordium Thugs","floor":8,"turns":4},{"damage":14,"enemies":"3 Sentries","floor":10,"turns":4},{"damage":3,"enemies":"Red Slaver","floor":12,"turns":2},{"damage":0,"enemies":"Gremlin Nob","floor":13,"turns":2},{"damage":2,"enemies":"Looter","floor":14,"turns":2},{"damage":0,"enemies":"Slime Boss","floor":16,"turns":4},{"damage":16,"enemies":"2 Thieves","floor":18,"turns":5},{"damage":10,"enemies":"Spheric Guardian","floor":19,"turns":5},{"damage":4,"enemies":"Snake Plant","floor":22,"turns":5},{"damage":18,"enemies":"Book of Stabbing","floor":24,"turns":3},{"damage":18,"enemies":"Shelled Parasite and Fungi","floor":28,"turns":8},{"damage":0,"enemies":"Gremlin Leader","floor":29,"turns":3},{"damage":0,"enemies":"3 Cultists","floor":30,"turns":4},{"damage":0,"enemies":"Centurion and Healer","floor":31,"turns":4},{"damage":71,"enemies":"Collector","floor":33,"turns":7}],"seed_played":"5446807209383189353","potions_obtained":[{"floor":6,"key":"Explosive Potion"},{"floor":10,"key":"SteroidPotion"},{"floor":12,"key":"AttackPotion"},{"floor":19,"key":"GhostInAJar"},{"floor":24,"key":"Weak Potion"},{"floor":29,"key":"AttackPotion"}],"is_trial":false,"path_per_floor":["M","?","M","$","M","E","R","M","T","E","$","M","E","M","R","B",null,"M","M","?","$","M","R","E","R","T","R","M","E","M","M","R"],"character_chosen":"THE_SILENT","items_purchased":["All Out Attack","Riddle With Holes","Lantern"],"campfire_rested":5,"item_purchase_floors":[4,11,21],"current_hp_per_floor":[66,41,41,41,41,30,51,50,50,36,36,33,33,31,52,52,70,54,44,44,44,42,63,47,47,47,68,52,54,56,58,70,0],"gold":241,"neow_bonus":"RANDOM_COMMON_RELIC","is_prod":false,"is_daily":false,"chose_seed":false,"campfire_upgraded":1,"win_rate":0,"timestamp":1540096042,"path_taken":["M","?","M","$","M","E","R","M","T","E","?","?","E","M","R","BOSS","M","M","?","$","M","R","E","R","T","R","M","E","M","M","R","BOSS"],"build_version":"2018-10-11","purchased_purges":0,"victory":false,"max_hp_per_floor":[70,70,70,70,70,70,70,70,70,70,70,70,70,70,70,70,70,70,70,70,70,70,70,70,70,70,70,70,70,70,70,70,70],"card_choices":[{"not_picked":["Bane","Underhanded Strike"],"picked":"Dash","floor":1},{"not_picked":["Bouncing Flask","Deflect"],"picked":"Predator","floor":3},{"not_picked":["Deadly Poison","Dodge and Roll"],"picked":"Backflip","floor":5},{"not_picked":["Choke","Cloak And Dagger"],"picked":"Concentrate","floor":6},{"not_picked":["Flechettes","PiercingWail"],"picked":"Flying Knee","floor":8},{"not_picked":["Concentrate","Calculated Gamble"],"picked":"Adrenaline","floor":10},{"not_picked":["Reflex","Dagger Throw","Outmaneuver"],"picked":"Dagger Spray","floor":12},{"not_picked":["Finisher","Outmaneuver","PiercingWail"],"picked":"Acrobatics","floor":13},{"not_picked":["Envenom","Quick Slash","Deflect","Acrobatics"],"picked":"SKIP","floor":14},{"not_picked":["Glass Knife","Venomology","Grand Finale"],"picked":"Unload","floor":16},{"not_picked":["Poisoned Stab","Dagger Throw","Acrobatics","Deadly Poison"],"picked":"SKIP","floor":18},{"not_picked":["Deflect","Backflip","Slice+1"],"picked":"Flying Knee+1","floor":19},{"not_picked":["Acrobatics","Cloak And Dagger","Dagger Throw"],"picked":"Prepared","floor":22},{"not_picked":["Deflect","Prepared","Finisher+1","Corpse Explosion"],"picked":"SKIP","floor":24},{"not_picked":["Bane","Poisoned Stab","Slice"],"picked":"Blade Dance+1","floor":28},{"not_picked":["Expertise","Burst","Dagger Throw"],"picked":"Terror+1","floor":29},{"not_picked":["Dagger Throw","Dodge and Roll+1","Deflect+1","Flying Knee"],"picked":"SKIP","floor":30},{"not_picked":["Eviscerate","Prepared","Outmaneuver","Flying Knee"],"picked":"SKIP","floor":31}],"player_experience":210481,"relics_obtained":[{"floor":6,"key":"Tiny Chest"},{"floor":9,"key":"Orichalcum"},{"floor":10,"key":"Question Card"},{"floor":13,"key":"Bag of Preparation"},{"floor":24,"key":"Mercury Hourglass"},{"floor":26,"key":"Pantograph"},{"floor":29,"key":"Mummified Hand"}],"event_choices":[{"event_name":"Scrap Ooze","player_choice":"success","floor":2,"damage_taken":25},{"event_name":"Addict","player_choice":"Obtained Relic","floor":20,"damage_taken":0}],"is_beta":false,"boss_relics":[{"not_picked":["Eternal Feather","Calling Bell"],"picked":"Ring of the Serpent"}],"items_purged_floors":[],"is_endless":false,"potions_floor_spawned":[6,10,12,14,19,24,29,31],"killed_by":"Collector","ascension_level":1}