{"gold_per_floor":[119,119,133,133,58,58,85,104,155,174,174,174,204,224,224,328,328,344,344,355,371,387,387,414,414,465,465,478,478,401,316,316,417,417,437,397,232,232,78,110,122,162,220,232,344,80,99,112,112,112],"floor_reached":50,"playtime":3302,"items_purged":["Strike_B","Defend_B"],"score":760,"play_id":"9a78f226-424c-4022-977a-71ec28f2c52e","local_time":"20181204195328","is_ascension_mode":true,"campfire_choices":[{"data":"Go for the Eyes","floor":6,"key":"SMITH"},{"data":"Sunder","floor":11,"key":"SMITH"},{"data":"Coolheaded","floor":15,"key":"SMITH"},{"data":"Hologram","floor":23,"key":"SMITH"},{"data":"Biased Cognition","floor":27,"key":"SMITH"},{"floor":29,"key":"REST"},{"floor":32,"key":"REST"},{"floor":41,"key":"REST"},{"data":"Thunder Strike","floor":44,"key":"SMITH"},{"data":"Apotheosis","floor":49,"key":"SMITH"}],"neow_cost":"NONE","seed_source_timestamp":8629053157109,"circlet_count":0,"master_deck":["Strike_B","Strike_B+1","Defend_B","Defend_B","Defend_B","Zap+1","Dualcast","Steam","Go for the Eyes+1","Gash","Coolheaded+1","Conserve Battery+1","Ball Lightning","Sunder+1","Cold Snap","Gash","Electrodynamics+1","Chill","Biased Cognition+1","Hologram+1","Hologram","Writhe","Ball Lightning","FTL","Go for the Eyes","Compile Driver+1","Thunder Strike+1","Conserve Battery","Skim","Bandage Up","FTL","Compile Driver+1","FTL+1","Self Repair+1","Apotheosis+1"],"relics":["Cracked Core","Boot","Oddly Smooth Stone","Dream Catcher","Pear","Philosopher\u0027s Stone","Blue Candle","DataDisk","Centennial Puzzle","Calipers","Sozu","MawBank","Art of War","Potion Belt","Peace Pipe"],"potions_floor_usage":[16,16,24,26,33,50],"damage_taken":[{"damage":3,"enemies":"2 Louse","floor":1,"turns":3},{"damage":0,"enemies":"Cultist","floor":3,"turns":3},{"damage":9,"enemies":"3 Sentries","floor":7,"turns":8},{"damage":0,"enemies":"Small Slimes","floor":8,"turns":3},{"damage":1,"enemies":"Blue Slaver","floor":10,"turns":3},{"damage":10,"enemies":"Gremlin Nob","floor":13,"turns":3},{"damage":0,"enemies":"Exordium Thugs","floor":14,"turns":3},{"damage":10,"enemies":"Slime Boss","floor":16,"turns":6},{"damage":0,"enemies":"Spheric Guardian","floor":18,"turns":3},{"damage":0,"enemies":"Chosen","floor":20,"turns":3},{"damage":3,"enemies":"Shelled Parasite and Fungi","floor":21,"turns":5},{"damage":8,"enemies":"Snecko","floor":22,"turns":6},{"damage":21,"enemies":"Book of Stabbing","floor":24,"turns":5},{"damage":22,"enemies":"Snake Plant","floor":28,"turns":5},{"damage":47,"enemies":"Collector","floor":33,"turns":8},{"damage":5,"enemies":"3 Shapes","floor":35,"turns":2},{"damage":12,"enemies":"Nemesis","floor":40,"turns":5},{"damage":27,"enemies":"Giant Head","floor":42,"turns":8},{"damage":1,"enemies":"Mind Bloom Boss Battle","floor":45,"turns":4},{"damage":1,"enemies":"3 Darklings","floor":47,"turns":1},{"damage":12,"enemies":"Writhing Mass","floor":48,"turns":5},{"damage":87,"enemies":"Time Eater","floor":50,"turns":9}],"seed_played":"143327773196844955","potions_obtained":[{"floor":1,"key":"Strength Potion"},{"floor":4,"key":"Fruit Juice"},{"floor":4,"key":"AttackPotion"},{"floor":13,"key":"SkillPotion"},{"floor":16,"key":"SteroidPotion"},{"floor":20,"key":"LiquidBronze"},{"floor":24,"key":"PowerPotion"},{"floor":33,"key":"SneckoOil"}],"is_trial":false,"path_per_floor":["M","?","M","?","$","R","E","M","T","M","R","?","E","M","R","B",null,"M","?","M","M","M","R","E","?","T","R","M","R","$","?","R","B",null,"M","?","$","?","$","E","R","E","T","R","?","$","M","M","R","B"],"character_chosen":"DEFECT","items_purchased":["Gash","Coolheaded","Go for the Eyes","Explosive Potion","Skim","Bandage Up","FTL","Apotheosis"],"campfire_rested":3,"item_purchase_floors":[5,5,30,30,37,37,39,46],"current_hp_per_floor":[65,50,50,50,50,50,41,41,41,40,40,40,40,40,40,30,71,71,71,71,68,60,60,39,39,44,44,22,49,49,49,76,29,75,70,70,70,70,70,62,89,64,64,64,77,77,80,82,82,0],"gold":112,"neow_bonus":"RANDOM_COMMON_RELIC","is_prod":false,"is_daily":false,"chose_seed":false,"campfire_upgraded":7,"win_rate":0,"timestamp":1543949608,"path_taken":["M","?","M","?","$","R","E","?","T","M","R","?","E","M","R","BOSS","M","?","?","M","M","R","E","?","T","R","M","R","$","?","R","BOSS","M","?","?","?","$","E","R","E","T","R","?","?","M","M","R","BOSS"],"build_version":"2018-11-15","purchased_purges":2,"victory":false,"max_hp_per_floor":[75,75,75,75,75,75,75,75,75,75,75,75,85,85,85,85,85,85,85,85,85,85,85,85,85,90,90,90,90,90,90,90,90,90,90,90,90,90,90,90,90,90,90,90,90,90,90,90,90,90],"card_choices":[{"not_picked":["Skim","Blizzard"],"picked":"Steam","floor":1},{"not_picked":["Sweeping Beam","Steam Power"],"picked":"Go for the Eyes","floor":3},{"not_picked":["Fusion","Sweeping Beam"],"picked":"Conserve Battery","floor":7},{"not_picked":["Compile Driver","Static Discharge"],"picked":"Ball Lightning","floor":8},{"not_picked":["Auto Shields","Reinforced Body"],"picked":"Sunder","floor":10},{"not_picked":["Double Energy","Reboot"],"picked":"Cold Snap","floor":13},{"not_picked":["Stack","Static Discharge"],"picked":"Gash","floor":14},{"not_picked":["Thunder Strike","Creative AI"],"picked":"Electrodynamics","floor":16},{"not_picked":["Leap","Sunder"],"picked":"Chill","floor":18},{"not_picked":["Turbo","Rebound+1"],"picked":"Hologram","floor":20},{"not_picked":["Barrage","Redo"],"picked":"Hologram","floor":21},{"not_picked":["Recycle","Cold Snap","Darkness"],"picked":"SKIP","floor":22},{"not_picked":["Hello World","Streamline","Multi-Cast"],"picked":"SKIP","floor":24},{"not_picked":["Recycle+1","Streamline"],"picked":"Ball Lightning","floor":28},{"not_picked":["Darkness","Gash"],"picked":"FTL","floor":29},{"not_picked":["Redo","Barrage"],"picked":"Compile Driver+1","floor":32},{"not_picked":["Amplify","Seek"],"picked":"Thunder Strike","floor":33},{"not_picked":["Hologram+1","Sweeping Beam"],"picked":"Conserve Battery","floor":35},{"not_picked":["Lockon+1","White Noise"],"picked":"Compile Driver+1","floor":40},{"not_picked":["Genetic Algorithm+1","Redo"],"picked":"FTL+1","floor":41},{"not_picked":["Rebound","Sunder+1"],"picked":"Self Repair+1","floor":42},{"not_picked":["Sweeping Beam+1","Barrage+1","Genetic Algorithm"],"picked":"SKIP","floor":47},{"not_picked":["Storm","Loop+1","Hello World"],"picked":"SKIP","floor":48}],"player_experience":296470,"relics_obtained":[{"floor":7,"key":"Oddly Smooth Stone"},{"floor":9,"key":"Dream Catcher"},{"floor":13,"key":"Pear"},{"floor":24,"key":"Blue Candle"},{"floor":26,"key":"Centennial Puzzle"},{"floor":40,"key":"MawBank"},{"floor":42,"key":"Art of War"},{"floor":43,"key":"Potion Belt"},{"floor":45,"key":"Peace Pipe"}],"event_choices":[{"damage_healed":0,"gold_gain":0,"player_choice":"Entered Light","damage_taken":15,"max_hp_gain":0,"max_hp_loss":0,"event_name":"Shining Light","floor":2,"gold_loss":0,"cards_upgraded":["Strike_B","Zap"]},{"damage_healed":0,"gold_gain":0,"player_choice":"Got Potions","damage_taken":0,"max_hp_gain":0,"max_hp_loss":0,"event_name":"Lab","floor":4,"gold_loss":0},{"cards_removed":["Strike_B"],"damage_healed":0,"gold_gain":0,"player_choice":"Purged","damage_taken":0,"max_hp_gain":0,"max_hp_loss":0,"event_name":"Purifier","floor":12,"gold_loss":0},{"damage_healed":0,"gold_gain":0,"player_choice":"1 cards matched","damage_taken":0,"max_hp_gain":0,"max_hp_loss":0,"event_name":"Match and Keep!","floor":19,"gold_loss":0,"cards_obtained":["Biased Cognition"]},{"damage_healed":0,"gold_gain":0,"player_choice":"Opened","damage_taken":0,"relics_obtained":["DataDisk"],"max_hp_gain":0,"max_hp_loss":0,"event_name":"The Mausoleum","floor":25,"gold_loss":0,"cards_obtained":["Writhe"]},{"damage_healed":0,"gold_gain":0,"player_choice":"Obtained Relic","damage_taken":0,"relics_obtained":["Calipers"],"max_hp_gain":0,"max_hp_loss":0,"event_name":"Addict","floor":31,"gold_loss":85},{"damage_healed":0,"gold_gain":0,"player_choice":"Upgraded Two","damage_taken":0,"max_hp_gain":0,"max_hp_loss":0,"event_name":"Designer","floor":36,"gold_loss":40,"cards_upgraded":["Conserve Battery","Electrodynamics"]},{"damage_healed":0,"gold_gain":0,"player_choice":"Ignored","damage_taken":0,"max_hp_gain":0,"max_hp_loss":0,"event_name":"Mysterious Sphere","floor":38,"gold_loss":0},{"damage_healed":0,"gold_gain":0,"player_choice":"Fight","damage_taken":0,"max_hp_gain":0,"max_hp_loss":0,"event_name":"MindBloom","floor":45,"gold_loss":0}],"is_beta":false,"boss_relics":[{"not_picked":["FrozenCore","Tiny House"],"picked":"Philosopher\u0027s Stone"},{"not_picked":["Runic Pyramid","Fusion Hammer"],"picked":"Sozu"}],"items_purged_floors":[39,46],"is_endless":false,"potions_floor_spawned":[1,13,16,20,24,33,35,45],"killed_by":"Time Eater","ascension_level":7}