{"gold_per_floor":[112,112,37,37,47,47,57,57,80,155,155,86,96,114,114,210,210,220,220,220,235,235,235,253,253,253,153,153,169,169,200,200,296,296,313,188,204,214,232,232,232],"floor_reached":41,"playtime":2084,"items_purged":["Strike_B","Decay","Defend_B"],"score":401,"play_id":"caf361db-b6ac-45f5-ade1-ed046de70771","local_time":"20181111233714","is_ascension_mode":false,"campfire_choices":[{"data":"Dualcast","floor":6,"key":"SMITH"},{"data":"Go for the Eyes","floor":8,"key":"SMITH"},{"data":"Zap","floor":11,"key":"SMITH"},{"data":"Auto Shields","floor":15,"key":"SMITH"},{"data":"Creative AI","floor":23,"key":"SMITH"},{"data":"Glacier","floor":25,"key":"SMITH"},{"data":"Self Repair","floor":28,"key":"SMITH"},{"floor":30,"key":"REST"},{"data":"Reinforced Body","floor":32,"key":"SMITH"},{"data":"Double Energy","floor":40,"key":"SMITH"}],"neow_cost":"NONE","seed_source_timestamp":42359938865495,"circlet_count":0,"master_deck":["Strike_B","Strike_B","Defend_B","Defend_B","Zap+1","Dualcast+1","Doom and Gloom","Rip and Tear","Go for the Eyes+1","Self Repair+1","Leap","Auto Shields+1","Creative AI+1","Glacier+1","Sweeping Beam","Reinforced Body+1","Chill+1","Multi-Cast","Redo+1","Rebound+1","Conserve Battery","Defragment","Double Energy+1","Conserve Battery+1","Turbo+1","Rip and Tear+1"],"relics":["Cracked Core","Dream Catcher","Cursed Key","Ice Cream","Pocketwatch","Orrery"],"potions_floor_usage":[24,41],"damage_taken":[{"damage":2,"enemies":"Small Slimes","floor":1,"turns":4},{"damage":1,"enemies":"Jaw Worm","floor":5,"turns":3},{"damage":0,"enemies":"Cultist","floor":7,"turns":3},{"damage":3,"enemies":"Large Slime","floor":13,"turns":4},{"damage":7,"enemies":"Exordium Thugs","floor":14,"turns":4},{"damage":34,"enemies":"Hexaghost","floor":16,"turns":9},{"damage":5,"enemies":"Spheric Guardian","floor":18,"turns":4},{"damage":21,"enemies":"Shell Parasite","floor":21,"turns":6},{"damage":18,"enemies":"Colosseum Slavers","floor":22,"turns":5},{"damage":17,"enemies":"Shelled Parasite and Fungi","floor":24,"turns":8},{"damage":41,"enemies":"Cultist and Chosen","floor":29,"turns":9},{"damage":4,"enemies":"Book of Stabbing","floor":31,"turns":8},{"damage":37,"enemies":"Automaton","floor":33,"turns":16},{"damage":4,"enemies":"Orb Walker","floor":35,"turns":5},{"damage":34,"enemies":"3 Darklings","floor":37,"turns":7},{"damage":41,"enemies":"Spire Growth","floor":38,"turns":7},{"damage":17,"enemies":"4 Shapes","floor":39,"turns":7},{"damage":25,"enemies":"Maw","floor":41,"turns":10}],"seed_played":"6909089232823334053","potions_obtained":[{"floor":13,"key":"Ancient Potion"},{"floor":16,"key":"Energy Potion"},{"floor":29,"key":"SpeedPotion"},{"floor":31,"key":"FearPotion"}],"is_trial":false,"path_per_floor":["M","?","$","?","M","R","M","R","T","?","R","$","M","M","R","B",null,"M","?","?","M","?","R","M","R","T","$","R","M","R","E","R","B",null,"M","$","M","M","M","R","M"],"character_chosen":"DEFECT","items_purchased":["Self Repair"],"campfire_rested":1,"item_purchase_floors":[12],"current_hp_per_floor":[80,80,80,80,79,79,79,79,79,71,71,71,75,75,75,48,82,82,82,82,68,57,57,47,47,47,47,47,16,40,46,46,19,82,82,82,58,27,20,20,0],"gold":232,"neow_bonus":"TEN_PERCENT_HP_BONUS","is_prod":false,"is_daily":false,"chose_seed":false,"campfire_upgraded":9,"win_rate":0,"timestamp":1541975834,"path_taken":["M","?","$","?","M","R","?","R","T","?","R","?","M","?","R","BOSS","M","?","?","?","?","R","M","R","T","$","R","M","R","E","R","BOSS","M","$","M","M","M","R","M"],"build_version":"2018-11-08","purchased_purges":3,"victory":false,"max_hp_per_floor":[82,82,82,82,82,82,82,82,82,82,82,82,82,82,82,82,82,82,82,82,82,82,82,82,82,82,82,82,82,82,82,82,82,82,82,82,82,82,82,82,82],"card_choices":[{"not_picked":["Redo","Lockon"],"picked":"Doom and Gloom","floor":1},{"not_picked":["Tempest","Sweeping Beam"],"picked":"Rip and Tear","floor":5},{"not_picked":["Hello World","Barrage"],"picked":"Go for the Eyes","floor":7},{"not_picked":["Go for the Eyes","Coolheaded"],"picked":"Leap","floor":13},{"not_picked":["Genetic Algorithm","Beam Cell"],"picked":"Auto Shields","floor":14},{"not_picked":["Biased Cognition","Thunder Strike"],"picked":"Creative AI","floor":16},{"not_picked":["Consume","Leap","Ball Lightning"],"picked":"SKIP","floor":18},{"not_picked":["Loop","Sweeping Beam"],"picked":"Glacier","floor":21},{"not_picked":["Skim+1","Auto Shields+1"],"picked":"Sweeping Beam","floor":24},{"not_picked":["Redo","Sweeping Beam"],"picked":"Reinforced Body","floor":29},{"not_picked":["Gash","Machine Learning"],"picked":"Chill+1","floor":30},{"not_picked":["Scrape","Fission","Stack"],"picked":"SKIP","floor":31},{"not_picked":["Creative AI","Electrodynamics"],"picked":"Multi-Cast","floor":33},{"not_picked":["Hologram","Go for the Eyes"],"picked":"Redo+1","floor":34},{"not_picked":["Stack","Static Discharge"],"picked":"Rebound+1","floor":34},{"not_picked":["Ball Lightning","Reprogram"],"picked":"Conserve Battery","floor":34},{"not_picked":["Hello World+1","Streamline+1"],"picked":"Defragment","floor":34},{"not_picked":["Leap","Coolheaded"],"picked":"Double Energy","floor":35},{"not_picked":["Gash+1","Leap"],"picked":"Conserve Battery+1","floor":37},{"not_picked":["Coolheaded+1","Auto Shields"],"picked":"Turbo+1","floor":38},{"not_picked":["Amplify","Steam+1"],"picked":"Rip and Tear+1","floor":39}],"player_experience":292683,"relics_obtained":[{"floor":9,"key":"Dream Catcher"},{"floor":26,"key":"Ice Cream"},{"floor":31,"key":"Pocketwatch"}],"event_choices":[{"damage_healed":0,"gold_gain":0,"player_choice":"Ignored","damage_taken":0,"max_hp_gain":0,"max_hp_loss":0,"event_name":"Liars Game","floor":2,"gold_loss":0},{"cards_removed":["Defend_B"],"damage_healed":0,"gold_gain":0,"player_choice":"Purged","damage_taken":0,"max_hp_gain":0,"max_hp_loss":0,"event_name":"Purifier","floor":4,"gold_loss":0},{"damage_healed":0,"gold_gain":75,"player_choice":"Touch","damage_taken":8,"max_hp_gain":0,"max_hp_loss":0,"event_name":"FaceTrader","floor":10,"gold_loss":0},{"damage_healed":0,"gold_gain":0,"player_choice":"Ignored","damage_taken":0,"max_hp_gain":0,"max_hp_loss":0,"event_name":"Ghosts","floor":19,"gold_loss":0},{"cards_removed":["Strike_B"],"damage_healed":0,"gold_gain":0,"player_choice":"Purged","damage_taken":0,"max_hp_gain":0,"max_hp_loss":0,"event_name":"Purifier","floor":20,"gold_loss":0},{"damage_healed":0,"gold_gain":0,"player_choice":"Fight","damage_taken":0,"max_hp_gain":0,"max_hp_loss":0,"event_name":"Colosseum","floor":22,"gold_loss":0},{"damage_healed":0,"gold_gain":0,"player_choice":"Fled From Nobs","damage_taken":0,"max_hp_gain":0,"max_hp_loss":0,"event_name":"Colosseum","floor":22,"gold_loss":0}],"is_beta":false,"boss_relics":[{"not_picked":["Lizard Tail","Snecko Eye"],"picked":"Cursed Key"},{"not_picked":["Runic Pyramid","Velvet Choker"],"picked":"Orrery"}],"items_purged_floors":[3,27,36],"is_endless":false,"potions_floor_spawned":[13,16,22,29,31,33,38],"killed_by":"Maw","ascension_level":0}