{"gold_per_floor":[214,140,159,159,159,159,194,213,237,266,7,38,55,74,74,172,172,189,189,189,76,76,76,96,124,124,136,147,24,24,35,35,130,130,149,0,12,12,23,23,42,42,42,42,42,42,71,71,71,71],"floor_reached":51,"playtime":3136,"items_purged":["Strike_G","Strike_G"],"score":851,"play_id":"c2620308-3ecb-4273-b2ea-25ff6fd57612","local_time":"20181127155516","is_ascension_mode":true,"campfire_choices":[{"data":"Noxious Fumes","floor":6,"key":"SMITH"},{"floor":15,"key":"REST"},{"data":"Catalyst","floor":23,"key":"SMITH"},{"floor":30,"key":"REST"},{"data":"Well Laid Plans","floor":32,"key":"SMITH"},{"data":"Night Terror","floor":40,"key":"SMITH"},{"floor":42,"key":"REST"},{"data":"Leg Sweep","floor":44,"key":"SMITH"},{"data":"Noxious Fumes","floor":46,"key":"SMITH"},{"floor":49,"key":"REST"}],"neow_cost":"NONE","seed_source_timestamp":23471328455887,"circlet_count":0,"master_deck":["Defend_G","Defend_G","Defend_G","Defend_G","Defend_G","Strike_G","Strike_G","Strike_G","Survivor","Neutralize+1","Dagger Throw","Noxious Fumes+1","Deadly Poison","Blur","Unload","Dodge and Roll","Backstab","Leg Sweep+1","Night Terror+1","Escape Plan","Catalyst+1","Well Laid Plans+1","Bouncing Flask","Noxious Fumes+1","Poisoned Stab+1","Calculated Gamble+1","Deflect","Catalyst+1","Burst","Deflect+1","Escape Plan+1","Caltrops+1"],"relics":["Ring of the Snake","Bronze Scales","Regal Pillow","Happy Flower","Anchor","Potion Belt","Black Star","MutagenicStrength","Centennial Puzzle","Strawberry","Mercury Hourglass","Sozu","Art of War","Lantern","Ornamental Fan","Matryoshka"],"potions_floor_usage":[16,24,25,33],"damage_taken":[{"damage":1,"enemies":"2 Louse","floor":1,"turns":3},{"damage":2,"enemies":"Jaw Worm","floor":3,"turns":4},{"damage":24,"enemies":"Gremlin Nob","floor":7,"turns":4},{"damage":0,"enemies":"Cultist","floor":8,"turns":3},{"damage":14,"enemies":"3 Sentries","floor":10,"turns":6},{"damage":7,"enemies":"Gremlin Nob","floor":12,"turns":4},{"damage":0,"enemies":"Exordium Wildlife","floor":13,"turns":3},{"damage":0,"enemies":"Blue Slaver","floor":14,"turns":2},{"damage":13,"enemies":"Slime Boss","floor":16,"turns":8},{"damage":8,"enemies":"2 Thieves","floor":18,"turns":5},{"damage":8,"enemies":"Colosseum Slavers","floor":20,"turns":5},{"damage":0,"enemies":"Chosen","floor":24,"turns":5},{"damage":28,"enemies":"Book of Stabbing","floor":25,"turns":5},{"damage":12,"enemies":"Snake Plant","floor":27,"turns":3},{"damage":4,"enemies":"3 Cultists","floor":28,"turns":5},{"damage":5,"enemies":"Snecko","floor":31,"turns":5},{"damage":49,"enemies":"Automaton","floor":33,"turns":8},{"damage":17,"enemies":"3 Darklings","floor":35,"turns":5},{"damage":0,"enemies":"Orb Walker","floor":37,"turns":3},{"damage":8,"enemies":"4 Shapes","floor":39,"turns":6},{"damage":28,"enemies":"Jaw Worm Horde","floor":41,"turns":5},{"damage":24,"enemies":"Reptomancer","floor":47,"turns":4},{"damage":25,"enemies":"Time Eater","floor":50,"turns":4}],"seed_played":"-8010683104893876122","potions_obtained":[{"floor":3,"key":"FearPotion"},{"floor":10,"key":"Ancient Potion"},{"floor":12,"key":"SteroidPotion"},{"floor":16,"key":"GhostInAJar"},{"floor":25,"key":"Ancient Potion"},{"floor":27,"key":"FairyPotion"},{"floor":28,"key":"Ancient Potion"},{"floor":33,"key":"SteroidPotion"}],"is_trial":false,"path_per_floor":["M","$","M","?","?","R","E","M","T","E","$","E","M","M","R","B",null,"M","?","?","$","?","R","M","E","T","M","M","$","R","M","R","B",null,"M","$","M","$","M","R","M","R","T","R","?","R","E","?","R","B",null],"character_chosen":"THE_SILENT","items_purchased":["Noxious Fumes","Backstab","Fruit Juice","Well Laid Plans","Bouncing Flask","Deflect","Art of War"],"campfire_rested":4,"item_purchase_floors":[2,11,11,21,21,29,36],"current_hp_per_floor":[69,69,67,67,67,67,43,43,43,29,29,22,22,22,58,45,70,62,62,54,54,54,54,54,38,38,26,22,22,61,56,56,7,82,65,65,65,65,57,57,29,68,68,68,68,68,44,44,82,57],"gold":71,"neow_bonus":"HUNDRED_GOLD","is_prod":false,"is_daily":false,"chose_seed":false,"campfire_upgraded":6,"win_rate":0,"timestamp":1543330516,"path_taken":["M","$","M","?","?","R","E","M","T","E","$","E","?","M","R","BOSS","M","?","?","$","?","R","?","E","T","?","M","$","R","M","R","BOSS","M","$","?","$","M","R","M","R","T","R","?","R","E","?","R","BOSS"],"build_version":"2018-11-15","purchased_purges":2,"victory":true,"max_hp_per_floor":[70,70,70,70,70,70,70,70,70,70,70,70,70,70,70,70,70,70,70,70,70,70,70,70,82,82,82,82,82,82,82,82,82,82,82,82,82,82,82,82,82,82,82,82,82,82,82,82,82,82],"card_choices":[{"not_picked":["Poisoned Stab","Accuracy"],"picked":"Dagger Throw","floor":1},{"not_picked":["Skewer","PiercingWail"],"picked":"Deadly Poison","floor":3},{"not_picked":["Dagger Throw","Noxious Fumes"],"picked":"Blur","floor":7},{"not_picked":["Flying Knee","Prepared"],"picked":"Unload","floor":8},{"not_picked":["Finisher","Reflex"],"picked":"Dodge and Roll","floor":10},{"not_picked":["Calculated Gamble","Choke","Bane"],"picked":"SKIP","floor":12},{"not_picked":["Underhanded Strike","Sucker Punch","Dagger Throw"],"picked":"SKIP","floor":13},{"not_picked":["Backflip","Noxious Fumes"],"picked":"Leg Sweep","floor":14},{"not_picked":["Glass Knife","Storm of Steel"],"picked":"Night Terror","floor":16},{"not_picked":["Acrobatics+1","Flying Knee+1"],"picked":"Escape Plan","floor":18},{"not_picked":["Deadly Poison","Quick Slash"],"picked":"Noxious Fumes","floor":24},{"not_picked":["Terror+1","Eviscerate","Expertise"],"picked":"SKIP","floor":25},{"not_picked":["Flying Knee","Quick Slash"],"picked":"Poisoned Stab+1","floor":27},{"not_picked":["Underhanded Strike","Unload"],"picked":"Calculated Gamble+1","floor":28},{"not_picked":["Dagger Throw+1","Leg Sweep+1"],"picked":"Catalyst+1","floor":31},{"not_picked":["Storm of Steel","Glass Knife"],"picked":"Burst","floor":33},{"not_picked":["Poisoned Stab+1","Dodge and Roll"],"picked":"Deflect+1","floor":35},{"not_picked":["Blade Dance+1","Riddle With Holes","Reflex"],"picked":"SKIP","floor":37},{"not_picked":["Deflect","All Out Attack"],"picked":"Escape Plan+1","floor":39},{"not_picked":["Bane+1","Outmaneuver"],"picked":"Caltrops+1","floor":41},{"not_picked":["Poisoned Stab+1","Infinite Blades","Tactician"],"picked":"SKIP","floor":47}],"player_experience":270424,"relics_obtained":[{"floor":7,"key":"Regal Pillow"},{"floor":9,"key":"Happy Flower"},{"floor":10,"key":"Anchor"},{"floor":12,"key":"Potion Belt"},{"floor":25,"key":"Centennial Puzzle"},{"floor":25,"key":"Strawberry"},{"floor":26,"key":"Mercury Hourglass"},{"floor":43,"key":"Lantern"},{"floor":47,"key":"Ornamental Fan"},{"floor":47,"key":"Matryoshka"}],"event_choices":[{"damage_healed":0,"gold_gain":0,"player_choice":"Grow","damage_taken":0,"max_hp_gain":0,"max_hp_loss":0,"event_name":"Living Wall","floor":4,"gold_loss":0,"cards_upgraded":["Neutralize"]},{"damage_healed":0,"gold_gain":0,"player_choice":"Gave Potion","damage_taken":0,"relics_obtained":["Bronze Scales"],"max_hp_gain":0,"max_hp_loss":0,"event_name":"WeMeetAgain","floor":5,"gold_loss":0},{"damage_healed":0,"gold_gain":0,"player_choice":"Read","damage_taken":0,"max_hp_gain":0,"max_hp_loss":0,"event_name":"The Library","floor":19,"gold_loss":0,"cards_obtained":["Catalyst"]},{"damage_healed":0,"gold_gain":0,"player_choice":"Fight","damage_taken":0,"max_hp_gain":0,"max_hp_loss":0,"event_name":"Colosseum","floor":20,"gold_loss":0},{"damage_healed":0,"gold_gain":0,"player_choice":"Fled From Nobs","damage_taken":0,"max_hp_gain":0,"max_hp_loss":0,"event_name":"Colosseum","floor":20,"gold_loss":0},{"damage_healed":0,"gold_gain":0,"player_choice":"Inject Mutagens","damage_taken":0,"relics_obtained":["MutagenicStrength"],"max_hp_gain":0,"max_hp_loss":0,"event_name":"Drug Dealer","floor":22,"gold_loss":0},{"damage_healed":0,"gold_gain":0,"player_choice":"Memory 1","damage_taken":0,"max_hp_gain":0,"max_hp_loss":0,"event_name":"SensoryStone","floor":45,"gold_loss":0},{"damage_healed":0,"gold_gain":0,"player_choice":"0 cards matched","damage_taken":0,"max_hp_gain":0,"max_hp_loss":0,"event_name":"Match and Keep!","floor":48,"gold_loss":0,"cards_obtained":[]}],"is_beta":false,"boss_relics":[{"not_picked":["Eternal Feather","HoveringKite"],"picked":"Black Star"},{"not_picked":["Orrery","Empty Cage"],"picked":"Sozu"}],"items_purged_floors":[11,29],"is_endless":false,"potions_floor_spawned":[3,10,12,16,20,25,27,28,33,39,47],"ascension_level":4}