{"gold_per_floor":[110,185,8,8,8,33,43,74,74,92,92],"floor_reached":11,"playtime":505,"items_purged":[],"score":122,"play_id":"07ab2190-110e-4d15-835b-ee0e6c0e47ed","local_time":"20190224120041","is_ascension_mode":true,"campfire_choices":[],"neow_cost":"NONE","seed_source_timestamp":583741187843339,"circlet_count":0,"master_deck":["AscendersBane","Strike_R","Strike_R","Strike_R","Strike_R","Strike_R","Defend_R","Defend_R","Defend_R","Defend_R","Bash","Infernal Blade","Enlightenment","Iron Wave","Twin Strike","Flame Barrier","Armaments","Impervious","Headbutt"],"relics":["Burning Blood","Gambling Chip","Shuriken","Kunai"],"potions_floor_usage":[6,8,11],"damage_taken":[{"damage":19,"enemies":"2 Louse","floor":1,"turns":3},{"damage":40,"enemies":"Lagavulin","floor":6,"turns":5},{"damage":11,"enemies":"Small Slimes","floor":7,"turns":4},{"damage":15,"enemies":"3 Sentries","floor":8,"turns":9},{"damage":0,"enemies":"Jaw Worm","floor":10,"turns":6},{"damage":18,"enemies":"Gremlin Gang","floor":11,"turns":2}],"seed_played":"8152707176102160269","potions_obtained":[{"floor":1,"key":"PowerPotion"},{"floor":6,"key":"Swift Potion"},{"floor":10,"key":"FearPotion"}],"is_trial":false,"path_per_floor":["M","?","$","?","$","E","M","E","T","M","M"],"character_chosen":"IRONCLAD","items_purchased":["Enlightenment","Iron Wave","Twin Strike"],"campfire_rested":0,"item_purchase_floors":[3,3,3],"current_hp_per_floor":[67,56,56,56,56,22,17,8,8,14,0],"gold":92,"neow_bonus":"TEN_PERCENT_HP_BONUS","is_prod":false,"is_daily":false,"chose_seed":false,"campfire_upgraded":0,"win_rate":0,"timestamp":1551006041,"path_taken":["M","?","$","?","?","E","M","E","T","M","?"],"build_version":"2019-01-23","purchased_purges":0,"victory":false,"max_hp_per_floor":[88,88,88,88,88,88,88,88,88,88,88],"card_choices":[{"not_picked":["Twin Strike","Dropkick"],"picked":"Infernal Blade","floor":1},{"not_picked":["Metallicize","Bloodletting"],"picked":"Flame Barrier","floor":6},{"not_picked":["Rage","Rupture"],"picked":"Armaments","floor":7},{"not_picked":["Sword Boomerang","Sever Soul"],"picked":"Impervious","floor":8},{"not_picked":["Spot Weakness","True Grit"],"picked":"Headbutt","floor":10}],"player_experience":756084,"relics_obtained":[{"floor":6,"key":"Gambling Chip"},{"floor":8,"key":"Shuriken"},{"floor":9,"key":"Kunai"}],"event_choices":[{"damage_healed":0,"gold_gain":75,"player_choice":"Gather Gold","damage_taken":11,"max_hp_gain":0,"max_hp_loss":0,"event_name":"World of Goop","floor":2,"gold_loss":0},{"damage_healed":0,"gold_gain":0,"player_choice":"Ignored","damage_taken":0,"max_hp_gain":0,"max_hp_loss":0,"event_name":"Shining Light","floor":4,"gold_loss":0}],"is_beta":false,"boss_relics":[],"items_purged_floors":[],"is_endless":false,"potions_floor_spawned":[1,6,10],"killed_by":"Gremlin Gang","ascension_level":10}