{"gold_per_floor":[111,124,124,139,314,331,348,362,387,387,157,177,77,89,89,89],"floor_reached":16,"playtime":1053,"items_purged":["Doubt","Strike_R"],"score":94,"play_id":"ab7f6320-d68f-4999-95dd-7c01e88991a1","local_time":"20180928032414","is_ascension_mode":false,"campfire_choices":[{"data":"Rampage","floor":10,"key":"SMITH"},{"data":"Bash","floor":15,"key":"SMITH"}],"neow_cost":"PERCENT_DAMAGE","seed_source_timestamp":42072311804516,"circlet_count":0,"master_deck":["Strike_R","Strike_R","Defend_R","Defend_R","Defend_R","Bash+1","Cleave","Anger","Rampage+1","Clash"],"relics":["Burning Blood","Juzu Bracelet","Bag of Marbles","Odd Mushroom"],"potions_floor_usage":[16,16],"damage_taken":[{"damage":6,"enemies":"2 Louse","floor":1,"turns":3},{"damage":3,"enemies":"Jaw Worm","floor":2,"turns":5},{"damage":0,"enemies":"Cultist","floor":4,"turns":3},{"damage":2,"enemies":"3 Louse","floor":6,"turns":3},{"damage":5,"enemies":"Looter","floor":7,"turns":4},{"damage":5,"enemies":"Exordium Thugs","floor":8,"turns":4},{"damage":19,"enemies":"The Mushroom Lair","floor":12,"turns":4},{"damage":6,"enemies":"Large Slime","floor":14,"turns":4},{"damage":59,"enemies":"The Guardian","floor":16,"turns":10}],"seed_played":"3147285693879415458","potions_obtained":[{"floor":1,"key":"AttackPotion"},{"floor":4,"key":"PowerPotion"}],"is_trial":false,"path_per_floor":["M","M","?","M","?","M","M","M","T","R","$","?","$","M","R"],"character_chosen":"IRONCLAD","items_purchased":["Bag of Marbles"],"campfire_rested":0,"item_purchase_floors":[11],"current_hp_per_floor":[56,59,59,65,65,69,70,71,71,71,71,58,58,58,58,0],"gold":89,"neow_bonus":"REMOVE_TWO","is_prod":false,"is_daily":false,"chose_seed":false,"campfire_upgraded":2,"win_rate":0.0,"timestamp":1538097854,"path_taken":["M","M","?","M","?","?","M","M","T","R","$","?","$","M","R","BOSS"],"build_version":"2018-09-20","purchased_purges":2,"victory":false,"max_hp_per_floor":[80,80,80,80,80,80,80,80,80,80,80,80,80,80,80,80],"card_choices":[{"not_picked":["Corruption","Power Through"],"picked":"Cleave","floor":1},{"not_picked":["Warcry","Sword Boomerang"],"picked":"Anger","floor":2},{"not_picked":["Armaments","Corruption","Perfected Strike"],"picked":"SKIP","floor":4},{"not_picked":["Thunderclap","Body Slam","Juggernaut"],"picked":"SKIP","floor":6},{"not_picked":["Shrug It Off","Power Through","True Grit"],"picked":"SKIP","floor":7},{"not_picked":["Clothesline","Cleave"],"picked":"Rampage","floor":8},{"not_picked":["Entrench","Perfected Strike"],"picked":"Clash","floor":12},{"not_picked":["Perfected Strike","Twin Strike","Body Slam"],"picked":"SKIP","floor":14}],"player_experience":21587,"relics_obtained":[{"floor":9,"key":"Juzu Bracelet"},{"floor":12,"key":"Odd Mushroom"}],"event_choices":[{"event_name":"Living Wall","player_choice":"Forget","floor":3,"damage_taken":0},{"event_name":"Liars Game","player_choice":"agreed","floor":5,"damage_taken":0},{"event_name":"Mushrooms","player_choice":"Fought Mushrooms","floor":12,"damage_taken":0}],"is_beta":false,"boss_relics":[],"items_purged_floors":[11,13],"is_endless":false,"potions_floor_spawned":[1,4],"killed_by":"The Guardian","ascension_level":0}