{"gold_per_floor":[20,37,54,65,81,111,131,161,188,208,218,218,237,247,247,347,347,328,348,199,212,212,212,212,239,239,268,183,183],"floor_reached":29,"playtime":2532,"items_purged":["Power Through"],"score":281,"play_id":"78bc810b-7e42-440f-b9ae-be2474e4c3cb","local_time":"20181008060340","is_ascension_mode":false,"campfire_choices":[{"data":"Metallicize","floor":15,"key":"SMITH"},{"floor":24,"key":"REST"}],"neow_cost":"NO_GOLD","seed_source_timestamp":51042324628884,"circlet_count":0,"master_deck":["Strike_R","Strike_R","Strike_R","Strike_R","Strike_R","Defend_R","Defend_R","Defend_R","Defend_R","Bash","Cleave","Uppercut","Iron Wave","Carnage","Metallicize+1","True Grit+1","Reaper","True Grit","Second Wind","Armaments","Demon Form","Wild Strike+1","Power Through+1","Pommel Strike","Shrug It Off","Seeing Red+1","Whirlwind","Doubt","Perfected Strike+1"],"relics":["Burning Blood","Bird Faced Urn","Mummified Hand","Bottled Flame","Lantern","Cursed Key","Ornamental Fan","Gremlin Horn","Vajra","Ancient Tea Set"],"potions_floor_usage":[11,16,25],"damage_taken":[{"damage":2,"enemies":"Jaw Worm","floor":1,"turns":5},{"damage":2,"enemies":"2 Louse","floor":2,"turns":3},{"damage":7,"enemies":"Cultist","floor":3,"turns":4},{"damage":14,"enemies":"Large Slime","floor":4,"turns":7},{"damage":8,"enemies":"Blue Slaver","floor":5,"turns":4},{"damage":23,"enemies":"Lagavulin","floor":6,"turns":10},{"damage":5,"enemies":"Looter","floor":7,"turns":4},{"damage":14,"enemies":"Gremlin Nob","floor":8,"turns":4},{"damage":4,"enemies":"Exordium Wildlife","floor":10,"turns":3},{"damage":3,"enemies":"Red Slaver","floor":11,"turns":4},{"damage":0,"enemies":"2 Fungi Beasts","floor":13,"turns":2},{"damage":0,"enemies":"Looter","floor":14,"turns":4},{"damage":34,"enemies":"Hexaghost","floor":16,"turns":18},{"damage":5,"enemies":"2 Thieves","floor":18,"turns":4},{"damage":6,"enemies":"Shell Parasite","floor":19,"turns":7},{"damage":39,"enemies":"Shelled Parasite and Fungi","floor":21,"turns":10},{"damage":25,"enemies":"Colosseum Slavers","floor":22,"turns":6},{"damage":15,"enemies":"Slavers","floor":25,"turns":6},{"damage":47,"enemies":"Book of Stabbing","floor":27,"turns":8},{"damage":38,"enemies":"Cultist and Chosen","floor":29,"turns":6}],"seed_played":"4582762999348490698","potions_obtained":[{"floor":1,"key":"Swift Potion"},{"floor":6,"key":"Dexterity Potion"},{"floor":7,"key":"Swift Potion"},{"floor":11,"key":"Weak Potion"},{"floor":16,"key":"LiquidBronze"},{"floor":27,"key":"EntropicBrew"}],"is_trial":false,"path_per_floor":["M","M","M","M","M","E","M","E","T","M","M","?","M","M","R","B",null,"M","M","$","M","?","?","R","E","T","E","?"],"character_chosen":"IRONCLAD","items_purchased":["Pommel Strike","Shrug It Off"],"campfire_rested":1,"item_purchase_floors":[20,20],"current_hp_per_floor":[80,80,79,71,69,54,57,49,49,53,58,58,64,70,70,48,80,80,80,80,49,38,23,48,61,61,26,26,0],"gold":183,"neow_bonus":"ONE_RARE_RELIC","is_prod":false,"is_daily":false,"chose_seed":false,"campfire_upgraded":1,"win_rate":0,"timestamp":1538971420,"path_taken":["M","M","M","M","M","E","M","E","T","M","M","?","M","?","R","BOSS","M","M","$","M","?","?","R","E","T","E","?","M"],"build_version":"2018-10-04","purchased_purges":1,"victory":false,"max_hp_per_floor":[80,80,80,80,80,80,80,80,80,80,80,80,80,80,80,80,80,80,80,80,80,80,85,85,85,85,85,85,85],"card_choices":[{"not_picked":["Rage","Body Slam"],"picked":"Cleave","floor":1},{"not_picked":["Hemokinesis","Dual Wield"],"picked":"Uppercut","floor":2},{"not_picked":["Body Slam","Flex"],"picked":"Iron Wave","floor":3},{"not_picked":["Anger","True Grit"],"picked":"Carnage","floor":4},{"not_picked":["True Grit","Clash"],"picked":"Metallicize","floor":5},{"not_picked":["Body Slam","Twin Strike"],"picked":"True Grit","floor":6},{"not_picked":["Clash","Clothesline"],"picked":"Power Through","floor":7},{"not_picked":["Iron Wave","Dropkick"],"picked":"Reaper","floor":8},{"not_picked":["Infernal Blade","Clash"],"picked":"True Grit","floor":10},{"not_picked":["Metallicize","Searing Blow"],"picked":"Second Wind","floor":11},{"not_picked":["Twin Strike","Searing Blow"],"picked":"Armaments","floor":13},{"not_picked":["Flex","Heavy Blade","Entrench"],"picked":"SKIP","floor":14},{"not_picked":["Bludgeon","Dark Embrace"],"picked":"Demon Form","floor":16},{"not_picked":["Rage","Perfected Strike+1"],"picked":"Wild Strike+1","floor":18},{"not_picked":["Rupture","Fire Breathing"],"picked":"Power Through+1","floor":19},{"not_picked":["Perfected Strike","Heavy Blade"],"picked":"Seeing Red+1","floor":21},{"not_picked":["Disarm","Wild Strike+1"],"picked":"Whirlwind","floor":25},{"not_picked":["Warcry","Shrug It Off"],"picked":"Perfected Strike+1","floor":27}],"player_experience":121280,"relics_obtained":[{"floor":6,"key":"Mummified Hand"},{"floor":8,"key":"Bottled Flame"},{"floor":9,"key":"Lantern"},{"floor":25,"key":"Ornamental Fan"},{"floor":26,"key":"Gremlin Horn"},{"floor":27,"key":"Vajra"}],"event_choices":[{"event_name":"Living Wall","player_choice":"Grow","floor":12,"damage_taken":0},{"event_name":"Colosseum","player_choice":"Fight","floor":22,"damage_taken":0},{"event_name":"Colosseum","player_choice":"Fled From Nobs","floor":22,"damage_taken":0},{"event_name":"Forgotten Altar","player_choice":"Shed Blood","floor":23,"damage_taken":0},{"event_name":"Addict","player_choice":"Obtained Relic","floor":28,"damage_taken":0}],"is_beta":false,"boss_relics":[{"not_picked":["Snecko Eye","Runic Pyramid"],"picked":"Cursed Key"}],"items_purged_floors":[20],"is_endless":false,"potions_floor_spawned":[1,6,7,11,13,14,16,19,27],"killed_by":"Cultist and Chosen","ascension_level":0}