{"gold_per_floor":[119,20,120,7,7,7,25,51,100,113,113,141,15,43,43,147,147,160,160,176,194,43,43],"floor_reached":23,"playtime":800,"items_purged":["Defend_B","Strike_B"],"score":302,"play_id":"bea6a8d4-c1ac-4473-94df-3dd36abef9b0","local_time":"20190215141928","is_ascension_mode":true,"campfire_choices":[{"data":"White Noise","floor":6,"key":"SMITH"},{"data":"Coolheaded","floor":11,"key":"SMITH"},{"floor":15,"key":"REST"}],"neow_cost":"NONE","seed_source_timestamp":52720568658205,"circlet_count":0,"master_deck":["Strike_B","Strike_B","Strike_B","Defend_B","Defend_B","Defend_B","Zap","Dualcast+1","Coolheaded+1","Hologram","Rip and Tear","White Noise+1","Steam+1","Beam Cell","Cold Snap","Reinforced Body","Defragment","Coolheaded","Defragment","Echo Form","Compile Driver","Glacier","Defragment","Conserve Battery"],"relics":["Cracked Core","NeowsBlessing","Mercury Hourglass","War Paint","Orichalcum","Darkstone Periapt","Ornamental Fan","Eternal Feather"],"potions_floor_usage":[20,23,23,23],"damage_taken":[{"damage":0,"enemies":"2 Louse","floor":1,"turns":1},{"damage":0,"enemies":"Cultist","floor":7,"turns":1},{"damage":0,"enemies":"Lagavulin","floor":8,"turns":1},{"damage":2,"enemies":"Jaw Worm","floor":10,"turns":2},{"damage":13,"enemies":"3 Sentries","floor":12,"turns":3},{"damage":15,"enemies":"Gremlin Nob","floor":14,"turns":4},{"damage":19,"enemies":"Hexaghost","floor":16,"turns":11},{"damage":0,"enemies":"Chosen","floor":18,"turns":4},{"damage":1,"enemies":"Spheric Guardian","floor":20,"turns":6},{"damage":17,"enemies":"Cultist and Chosen","floor":21,"turns":7},{"damage":65,"enemies":"Slavers","floor":23,"turns":4}],"seed_played":"3671916636824584127","potions_obtained":[{"floor":7,"key":"SmokeBomb"},{"floor":12,"key":"LiquidBronze"},{"floor":14,"key":"GamblersBrew"},{"floor":16,"key":"FocusPotion"},{"floor":18,"key":"Energy Potion"},{"floor":20,"key":"FearPotion"},{"floor":21,"key":"GamblersBrew"}],"is_trial":false,"path_per_floor":["M","$","?","$","?","R","M","E","T","M","R","E","$","E","R","B",null,"M","?","M","M","$","E"],"character_chosen":"DEFECT","items_purchased":["Hologram","Rip and Tear","White Noise","Defragment","Coolheaded","Conserve Battery"],"campfire_rested":1,"item_purchase_floors":[2,4,4,13,13,22],"current_hp_per_floor":[68,68,68,68,61,61,61,61,61,59,59,46,46,31,53,34,65,65,65,64,47,47,0],"gold":43,"neow_bonus":"THREE_ENEMY_KILL","is_prod":false,"is_daily":false,"chose_seed":false,"campfire_upgraded":2,"win_rate":0,"timestamp":1550236768,"path_taken":["M","$","?","?","?","R","M","E","T","M","R","E","$","E","R","BOSS","M","?","M","M","?","E"],"build_version":"2019-01-23","purchased_purges":2,"victory":false,"max_hp_per_floor":[75,75,75,75,75,75,75,75,75,75,75,75,75,75,75,75,75,75,75,75,75,75,75],"card_choices":[{"not_picked":["Lockon","Undo"],"picked":"Coolheaded","floor":1},{"not_picked":["Scrape","Compile Driver"],"picked":"Steam","floor":7},{"not_picked":["Compile Driver","Stack"],"picked":"Beam Cell","floor":8},{"not_picked":["Redo","White Noise"],"picked":"Cold Snap","floor":10},{"not_picked":["Lockon","Rip and Tear"],"picked":"Reinforced Body","floor":12},{"not_picked":["Steam","Stack"],"picked":"Defragment","floor":14},{"not_picked":["Core Surge","Seek"],"picked":"Echo Form","floor":16},{"not_picked":["Blizzard","Redo"],"picked":"Compile Driver","floor":18},{"not_picked":["Stack","Barrage"],"picked":"Glacier","floor":20},{"not_picked":["Conserve Battery","Double Energy"],"picked":"Defragment","floor":21}],"player_experience":662040,"relics_obtained":[{"floor":8,"key":"War Paint"},{"floor":9,"key":"Orichalcum"},{"floor":12,"key":"Darkstone Periapt"},{"floor":14,"key":"Ornamental Fan"}],"event_choices":[{"damage_healed":0,"gold_gain":100,"player_choice":"Pray","damage_taken":0,"max_hp_gain":0,"max_hp_loss":0,"event_name":"Golden Shrine","floor":3,"gold_loss":0},{"damage_healed":0,"gold_gain":0,"player_choice":"Success","damage_taken":7,"relics_obtained":["Mercury Hourglass"],"max_hp_gain":0,"max_hp_loss":0,"event_name":"Scrap Ooze","floor":5,"gold_loss":0},{"damage_healed":0,"gold_gain":0,"player_choice":"Bought 0 Potions","damage_taken":0,"max_hp_gain":0,"max_hp_loss":0,"event_name":"The Woman in Blue","floor":19,"gold_loss":0}],"is_beta":false,"boss_relics":[{"not_picked":["Fusion Hammer","Lizard Tail"],"picked":"Eternal Feather"}],"items_purged_floors":[2,22],"is_endless":false,"potions_floor_spawned":[7,12,14,16,18,20,21],"killed_by":"Slavers","ascension_level":6}