{"gold_per_floor":[109,123,133,148,165,165,193,193,493,455,555,572,591,591,591,688,688,706,726,726,77,93,122,122,149,176,176,191,290,290,310,310,310],"floor_reached":33,"playtime":2083,"items_purged":["Strike_B"],"score":542,"play_id":"c12e2042-8c60-41b5-b5ee-f8b1584701d3","local_time":"20190128032502","is_ascension_mode":true,"campfire_choices":[{"floor":6,"key":"REST"},{"data":"Buffer","floor":8,"key":"SMITH"},{"data":"Zap","floor":15,"key":"SMITH"},{"floor":24,"key":"REST"},{"floor":32,"key":"REST"}],"neow_cost":"PERCENT_DAMAGE","seed_source_timestamp":1114880398535989,"circlet_count":0,"master_deck":["AscendersBane","Strike_B","Defend_B","Defend_B","Defend_B","Defend_B","Zap+1","Dualcast","Steam Power","Capacitor","Compile Driver","Cold Snap","Gash","Conserve Battery","Buffer+1","Doom and Gloom","Glacier","Seek","Defragment","Self Repair","Core Surge","Gash","Necronomicurse","Beam Cell"],"relics":["Cracked Core","Boot","Old Coin","Sozu","OrangePellets","Juzu Bracelet","Bag of Preparation","Unceasing Top","Gambling Chip","Lantern","Necronomicon"],"potions_floor_usage":[5,18,22],"damage_taken":[{"damage":1,"enemies":"Cultist","floor":1,"turns":3},{"damage":4,"enemies":"Jaw Worm","floor":2,"turns":3},{"damage":0,"enemies":"Small Slimes","floor":3,"turns":3},{"damage":27,"enemies":"Gremlin Gang","floor":4,"turns":6},{"damage":10,"enemies":"Exordium Wildlife","floor":5,"turns":7},{"damage":22,"enemies":"Lagavulin","floor":7,"turns":9},{"damage":0,"enemies":"2 Fungi Beasts","floor":12,"turns":4},{"damage":0,"enemies":"Large Slime","floor":13,"turns":6},{"damage":0,"enemies":"Slime Boss","floor":16,"turns":9},{"damage":2,"enemies":"Chosen","floor":18,"turns":4},{"damage":4,"enemies":"Spheric Guardian","floor":19,"turns":7},{"damage":0,"enemies":"Snake Plant","floor":22,"turns":8},{"damage":60,"enemies":"Slavers","floor":23,"turns":7},{"damage":36,"enemies":"Gremlin Leader","floor":25,"turns":8},{"damage":0,"enemies":"Centurion and Healer","floor":28,"turns":7},{"damage":0,"enemies":"3 Cultists","floor":31,"turns":5},{"damage":48,"enemies":"Automaton","floor":33,"turns":6}],"seed_played":"-4063639448236783760","potions_obtained":[{"floor":4,"key":"Weak Potion"},{"floor":7,"key":"SkillPotion"},{"floor":13,"key":"Swift Potion"}],"is_trial":false,"path_per_floor":["M","M","M","M","M","R","E","R","T","?","?","M","M","?","R","B",null,"M","M","?","$","M","E","R","E","T","?","M","?","?","M","R","B"],"character_chosen":"DEFECT","items_purchased":["OrangePellets","Self Repair","Juzu Bracelet","Bag of Preparation"],"campfire_rested":3,"item_purchase_floors":[21,21,21,21],"current_hp_per_floor":[49,45,45,18,8,30,8,8,8,8,8,8,8,8,8,8,58,56,52,75,75,75,22,44,15,15,15,22,22,6,13,35,0],"gold":310,"neow_bonus":"TRANSFORM_TWO_CARDS","is_prod":false,"is_daily":false,"chose_seed":false,"campfire_upgraded":2,"win_rate":0,"timestamp":1548667502,"path_taken":["M","?","M","M","M","R","E","R","T","?","?","M","?","?","R","BOSS","M","M","?","$","M","E","R","E","T","?","M","?","?","M","R","BOSS"],"build_version":"2019-01-23","purchased_purges":1,"victory":false,"max_hp_per_floor":[75,75,75,75,75,75,75,75,75,75,75,75,75,75,75,75,75,75,75,75,75,75,75,75,75,75,75,75,75,75,75,75,75],"card_choices":[{"not_picked":["Turbo","Stack"],"picked":"Compile Driver","floor":1},{"not_picked":["Rebound","Coolheaded"],"picked":"Cold Snap","floor":2},{"not_picked":["Chaos","Go for the Eyes"],"picked":"Gash","floor":3},{"not_picked":["Hologram","Turbo","Steam Power"],"picked":"SKIP","floor":4},{"not_picked":["Beam Cell","Compile Driver"],"picked":"Conserve Battery","floor":5},{"not_picked":["Hologram","Double Energy"],"picked":"Buffer","floor":7},{"not_picked":["Hologram","Reprogram"],"picked":"Doom and Gloom","floor":12},{"not_picked":["Stack","Gash"],"picked":"Glacier","floor":13},{"not_picked":["Thunder Strike","Amplify"],"picked":"Seek","floor":16},{"not_picked":["Fusion","Barrage","Storm"],"picked":"SKIP","floor":18},{"not_picked":["Turbo","Heatsinks"],"picked":"Defragment","floor":19},{"not_picked":["Glacier","Redo","Beam Cell"],"picked":"SKIP","floor":22},{"not_picked":["Coolheaded","Recycle","Rainbow"],"picked":"SKIP","floor":23},{"not_picked":["Hello World","Conserve Battery"],"picked":"Core Surge","floor":25},{"not_picked":["Gash","Cold Snap","Ball Lightning"],"picked":"SKIP","floor":28},{"not_picked":["Cold Snap","Ball Lightning"],"picked":"Gash","floor":28},{"not_picked":["Redo","Ball Lightning"],"picked":"Beam Cell","floor":31}],"player_experience":904623,"relics_obtained":[{"floor":7,"key":"Boot"},{"floor":9,"key":"Old Coin"},{"floor":23,"key":"Unceasing Top"},{"floor":25,"key":"Gambling Chip"},{"floor":26,"key":"Lantern"},{"floor":30,"key":"Necronomicon"}],"event_choices":[{"damage_healed":0,"gold_gain":0,"player_choice":"Left Gold","damage_taken":0,"max_hp_gain":0,"max_hp_loss":0,"event_name":"World of Goop","floor":10,"gold_loss":38},{"damage_healed":0,"gold_gain":100,"player_choice":"Pray","damage_taken":0,"max_hp_gain":0,"max_hp_loss":0,"event_name":"Golden Shrine","floor":11,"gold_loss":0},{"damage_healed":0,"gold_gain":0,"player_choice":"Ignored","damage_taken":0,"max_hp_gain":0,"max_hp_loss":0,"event_name":"Liars Game","floor":14,"gold_loss":0},{"damage_healed":25,"gold_gain":0,"player_choice":"Heal","damage_taken":0,"max_hp_gain":0,"max_hp_loss":0,"event_name":"The Library","floor":20,"gold_loss":0},{"damage_healed":0,"gold_gain":0,"player_choice":"Ignored","damage_taken":0,"max_hp_gain":0,"max_hp_loss":0,"event_name":"The Mausoleum","floor":27,"gold_loss":0},{"damage_healed":0,"gold_gain":99,"player_choice":"Stole From Cult","damage_taken":0,"max_hp_gain":0,"max_hp_loss":0,"event_name":"Nest","floor":29,"gold_loss":0},{"damage_healed":0,"gold_gain":0,"player_choice":"Obtained Book","damage_taken":16,"max_hp_gain":0,"max_hp_loss":0,"event_name":"Cursed Tome","floor":30,"gold_loss":0}],"is_beta":false,"boss_relics":[{"not_picked":["Tiny House","Lizard Tail"],"picked":"Sozu"}],"items_purged_floors":[21],"is_endless":false,"potions_floor_spawned":[4,7,13,19,22,23,31],"killed_by":"Automaton","ascension_level":12}