{"gold_per_floor":[113,113,130,142,142,92,92,123,174,174,188,94,104,118,118,216,216,234,85,98,115,115,115,145,156,209,209,209,223,223,322,322,419,419,431,446,82,92,107,107,135,135,185,185],"floor_reached":44,"playtime":3094,"items_purged":[],"score":689,"play_id":"5cb2cd0f-90e7-46b4-aced-324d108f8769","local_time":"20181204214038","is_ascension_mode":true,"campfire_choices":[{"data":"Defragment","floor":7,"key":"SMITH"},{"data":"Coolheaded","floor":15,"key":"SMITH"},{"floor":23,"key":"REST"},{"floor":28,"key":"REST"},{"floor":30,"key":"REST"},{"floor":32,"key":"REST"},{"floor":40,"key":"REST"},{"data":"Echo Form","floor":42,"key":"SMITH"}],"neow_cost":"NONE","seed_source_timestamp":15268288972529,"circlet_count":0,"master_deck":["Strike_B","Defend_B","Defend_B","Defend_B","Defend_B","Zap+1","Dualcast","Doom and Gloom","Capacitor","Defragment+1","Hologram","Seek","Steam","Coolheaded+1","Compile Driver","Amplify","Loop","Consume","Steam","Chill","Defragment+1","Conserve Battery+1","Echo Form+1","Undo","Self Repair","Loop","Blizzard","Leap+1","Biased Cognition"],"relics":["Cracked Core","Blood Vial","Bronze Scales","Sozu","Smiling Mask","Tiny Chest","Nuclear Battery","FossilizedHelix","Oddly Smooth Stone","Omamori"],"potions_floor_usage":[13,18,39],"damage_taken":[{"damage":1,"enemies":"Jaw Worm","floor":1,"turns":4},{"damage":1,"enemies":"Cultist","floor":3,"turns":3},{"damage":0,"enemies":"2 Louse","floor":4,"turns":2},{"damage":27,"enemies":"Lagavulin","floor":8,"turns":8},{"damage":0,"enemies":"2 Fungi Beasts","floor":11,"turns":2},{"damage":0,"enemies":"Gremlin Gang","floor":13,"turns":3},{"damage":0,"enemies":"Looter","floor":14,"turns":4},{"damage":2,"enemies":"The Guardian","floor":16,"turns":8},{"damage":19,"enemies":"2 Thieves","floor":18,"turns":3},{"damage":16,"enemies":"Spheric Guardian","floor":20,"turns":4},{"damage":35,"enemies":"Snake Plant","floor":21,"turns":4},{"damage":12,"enemies":"Book of Stabbing","floor":24,"turns":7},{"damage":7,"enemies":"Centurion and Healer","floor":25,"turns":11},{"damage":29,"enemies":"Shelled Parasite and Fungi","floor":29,"turns":5},{"damage":37,"enemies":"Collector","floor":33,"turns":17},{"damage":20,"enemies":"3 Shapes","floor":35,"turns":6},{"damage":1,"enemies":"Orb Walker","floor":36,"turns":5},{"damage":25,"enemies":"Jaw Worm Horde","floor":38,"turns":6},{"damage":22,"enemies":"Spire Growth","floor":39,"turns":7},{"damage":0,"enemies":"Giant Head","floor":41,"turns":13},{"damage":112,"enemies":"Transient","floor":44,"turns":5}],"seed_played":"-5902951112614530168","potions_obtained":[{"floor":4,"key":"FocusPotion"},{"floor":8,"key":"SkillPotion"},{"floor":13,"key":"Swift Potion"},{"floor":14,"key":"SteroidPotion"},{"floor":16,"key":"Swift Potion"}],"is_trial":false,"path_per_floor":["M","?","M","M","$","?","R","E","T","?","M","$","M","M","R","B",null,"M","$","M","M","?","R","E","M","T","?","R","M","R","?","R","B",null,"M","M","$","M","M","R","E","R","T","M"],"character_chosen":"DEFECT","items_purchased":["Steam","Coolheaded","Loop","Consume","FossilizedHelix","Loop"],"campfire_rested":5,"item_purchase_floors":[12,12,19,19,37,37],"current_hp_per_floor":[67,67,66,66,66,66,66,39,39,39,41,41,43,45,45,45,68,51,51,37,4,4,26,16,11,11,11,33,6,28,28,50,15,60,42,43,43,34,21,43,59,59,59,0],"gold":185,"neow_bonus":"UPGRADE_CARD","is_prod":false,"is_daily":false,"chose_seed":false,"campfire_upgraded":3,"win_rate":0,"timestamp":1543956038,"path_taken":["M","?","?","M","?","?","R","E","T","?","M","$","M","M","R","BOSS","M","$","?","M","?","R","E","?","T","?","R","?","R","?","R","BOSS","M","M","$","M","M","R","E","R","T","M"],"build_version":"2018-11-15","purchased_purges":0,"victory":false,"max_hp_per_floor":[75,75,75,75,75,75,75,75,75,75,75,75,75,75,75,75,75,75,75,75,75,75,75,75,75,75,75,75,75,75,75,75,75,75,75,75,75,75,75,75,75,75,75,75],"card_choices":[{"not_picked":["Hologram","Turbo"],"picked":"Doom and Gloom","floor":1},{"not_picked":["Stack","Redo"],"picked":"Capacitor","floor":3},{"not_picked":["Double Energy","Turbo"],"picked":"Defragment","floor":4},{"not_picked":["Static Discharge","Blizzard"],"picked":"Hologram","floor":8},{"not_picked":["Compile Driver","Conserve Battery"],"picked":"Seek","floor":11},{"not_picked":["Rip and Tear","Scrape"],"picked":"Compile Driver","floor":13},{"not_picked":["Streamline","Sweeping Beam","Beam Cell"],"picked":"SKIP","floor":14},{"not_picked":["Hyperbeam","Reboot"],"picked":"Amplify","floor":16},{"not_picked":["Turbo","Compile Driver","Recycle"],"picked":"SKIP","floor":18},{"not_picked":["Streamline","Steam Power","Gash+1"],"picked":"SKIP","floor":20},{"not_picked":["Turbo+1","Self Repair"],"picked":"Steam","floor":21},{"not_picked":["Compile Driver","Lockon"],"picked":"Chill","floor":24},{"not_picked":["Streamline+1","Sweeping Beam","Stack"],"picked":"SKIP","floor":25},{"not_picked":["Ball Lightning+1","Hologram"],"picked":"Conserve Battery+1","floor":29},{"not_picked":["Fission","Creative AI"],"picked":"Echo Form","floor":33},{"not_picked":["Redo+1","Barrage+1"],"picked":"Undo","floor":35},{"not_picked":["Cold Snap","Coolheaded"],"picked":"Self Repair","floor":36},{"not_picked":["Barrage+1","Turbo"],"picked":"Blizzard","floor":38},{"not_picked":["Rebound+1","Hologram+1"],"picked":"Leap+1","floor":39},{"not_picked":["Self Repair+1","Redo+1"],"picked":"Biased Cognition","floor":41}],"player_experience":299772,"relics_obtained":[{"floor":8,"key":"Blood Vial"},{"floor":9,"key":"Bronze Scales"},{"floor":24,"key":"Smiling Mask"},{"floor":26,"key":"Tiny Chest"},{"floor":41,"key":"Oddly Smooth Stone"},{"floor":43,"key":"Omamori"}],"event_choices":[{"damage_healed":0,"gold_gain":0,"player_choice":"Bought 0 Potions","damage_taken":0,"max_hp_gain":0,"max_hp_loss":0,"event_name":"The Woman in Blue","floor":2,"gold_loss":0},{"cards_removed":["Strike_B"],"damage_healed":0,"gold_gain":0,"player_choice":"Card Removal","damage_taken":0,"max_hp_gain":0,"max_hp_loss":0,"event_name":"The Cleric","floor":6,"gold_loss":50},{"cards_removed":["Strike_B"],"damage_healed":0,"gold_gain":0,"player_choice":"Offered Basic","damage_taken":0,"max_hp_gain":0,"max_hp_loss":0,"event_name":"Bonfire Elementals","floor":10,"gold_loss":0},{"cards_removed":["Strike_B"],"damage_healed":0,"gold_gain":0,"player_choice":"Purged","damage_taken":0,"max_hp_gain":0,"max_hp_loss":0,"event_name":"Purifier","floor":22,"gold_loss":0},{"damage_healed":0,"gold_gain":0,"player_choice":"Copied","damage_taken":0,"max_hp_gain":0,"max_hp_loss":0,"event_name":"Duplicator","floor":27,"gold_loss":0,"cards_obtained":["Defragment"]},{"damage_healed":0,"gold_gain":99,"player_choice":"Stole From Cult","damage_taken":0,"max_hp_gain":0,"max_hp_loss":0,"event_name":"Nest","floor":31,"gold_loss":0}],"is_beta":false,"boss_relics":[{"not_picked":["Astrolabe","Busted Crown"],"picked":"Sozu"},{"not_picked":["Calling Bell","Fusion Hammer"],"picked":"Nuclear Battery"}],"items_purged_floors":[],"is_endless":false,"potions_floor_spawned":[4,8,13,14,16,20,25,33,36,39],"killed_by":"Transient","ascension_level":7}