{"gold_per_floor":[110,127,51,51,62,88,88,108,156,156,168,178,178,178,178,178],"floor_reached":16,"playtime":519,"items_purged":[],"score":153,"play_id":"44ab0b32-f669-41c0-ba1e-df998cf6146a","local_time":"20190131171934","is_ascension_mode":true,"campfire_choices":[{"data":"Footwork","floor":7,"key":"SMITH"},{"floor":13,"key":"REST"},{"floor":15,"key":"REST"}],"neow_cost":"NONE","seed_source_timestamp":933931800045948,"circlet_count":0,"master_deck":["AscendersBane","Defend_G","Defend_G","Defend_G","Defend_G","Defend_G","Strike_G","Strike_G","Strike_G","Strike_G","Survivor","Neutralize+1","Dagger Spray","Bouncing Flask","Footwork+1","Decay","Flying Knee","Die Die Die","Sucker Punch+1","Flying Knee","Bane"],"relics":["Ring of the Snake","Dodecahedron","Ancient Tea Set"],"potions_floor_usage":[5,6,6,11],"damage_taken":[{"damage":0,"enemies":"Cultist","floor":1,"turns":4},{"damage":0,"enemies":"Jaw Worm","floor":2,"turns":5},{"damage":4,"enemies":"Small Slimes","floor":5,"turns":5},{"damage":33,"enemies":"Gremlin Nob","floor":6,"turns":4},{"damage":0,"enemies":"Looter","floor":8,"turns":4},{"damage":9,"enemies":"Lots of Slimes","floor":11,"turns":2},{"damage":18,"enemies":"Exordium Thugs","floor":12,"turns":5},{"damage":51,"enemies":"Slime Boss","floor":16,"turns":10}],"seed_played":"-1479347985286587840","potions_obtained":[{"floor":0,"key":"SkillPotion"},{"floor":0,"key":"SteroidPotion"},{"floor":0,"key":"Weak Potion"},{"floor":2,"key":"Regen Potion"},{"floor":6,"key":"Regen Potion"}],"is_trial":false,"path_per_floor":["M","M","$","?","M","E","R","M","T","?","M","M","R","?","R","B"],"character_chosen":"THE_SILENT","items_purchased":["Footwork"],"campfire_rested":2,"item_purchase_floors":[3],"current_hp_per_floor":[63,63,63,63,59,38,38,38,38,24,20,2,23,23,44,0],"gold":178,"neow_bonus":"THREE_SMALL_POTIONS","is_prod":false,"is_daily":false,"chose_seed":false,"campfire_upgraded":1,"win_rate":0,"timestamp":1548951574,"path_taken":["M","M","$","?","?","E","R","M","T","?","M","M","R","?","R","BOSS"],"build_version":"2019-01-23","purchased_purges":0,"victory":false,"max_hp_per_floor":[70,70,70,70,70,70,70,70,70,70,70,70,70,70,70,70],"card_choices":[{"not_picked":["PiercingWail","Skewer"],"picked":"Dagger Spray","floor":1},{"not_picked":["PiercingWail","Blur"],"picked":"Bouncing Flask","floor":2},{"not_picked":["Quick Slash","Bane"],"picked":"Flying Knee","floor":5},{"not_picked":["Blade Dance","Finisher"],"picked":"Die Die Die","floor":6},{"not_picked":["Outmaneuver","Setup"],"picked":"Sucker Punch","floor":8},{"not_picked":["Predator","Dodge and Roll"],"picked":"Flying Knee","floor":11},{"not_picked":["Choke","Blade Dance"],"picked":"Bane","floor":12}],"player_experience":563966,"relics_obtained":[{"floor":6,"key":"Dodecahedron"},{"floor":9,"key":"Ancient Tea Set"}],"event_choices":[{"damage_healed":0,"gold_gain":0,"player_choice":"Cursed","damage_taken":0,"max_hp_gain":0,"max_hp_loss":0,"event_name":"Wheel of Change","floor":4,"gold_loss":0,"cards_obtained":["Decay"]},{"damage_healed":0,"gold_gain":0,"player_choice":"Entered Light","damage_taken":14,"max_hp_gain":0,"max_hp_loss":0,"event_name":"Shining Light","floor":10,"gold_loss":0,"cards_upgraded":["Sucker Punch","Neutralize"]},{"cards_removed":["Strike_G"],"damage_healed":0,"gold_gain":0,"player_choice":"Forget","damage_taken":0,"max_hp_gain":0,"max_hp_loss":0,"event_name":"Living Wall","floor":14,"gold_loss":0}],"is_beta":false,"boss_relics":[],"items_purged_floors":[],"is_endless":false,"potions_floor_spawned":[2,6],"killed_by":"Slime Boss","ascension_level":10}