{"gold_per_floor":[114,131,150,164,176,205,217,227,227,227,227,246,82,92,92,192,192,192],"floor_reached":18,"playtime":1116,"items_purged":["Strike_G"],"score":168,"play_id":"8a770d5a-d42d-4c72-9832-a5a118e80668","local_time":"20181107193445","is_ascension_mode":false,"campfire_choices":[{"floor":15,"key":"REST"}],"neow_cost":"NONE","seed_source_timestamp":1807307989815063,"circlet_count":0,"master_deck":["Defend_G","Defend_G","Defend_G","Defend_G","Defend_G","Strike_G","Strike_G","Strike_G","Strike_G","Survivor","Neutralize","Blur","Sucker Punch","Calculated Gamble","Reflex","Skewer","Footwork","Tactician","Backflip","Outmaneuver","Leg Sweep","Acrobatics","Bullet Time"],"relics":["Ring of the Snake","PreservedInsect","Orichalcum","Ornamental Fan","Ginger","Lizard Tail"],"potions_floor_usage":[6,8,16,16],"damage_taken":[{"damage":1,"enemies":"Cultist","floor":1,"turns":7},{"damage":0,"enemies":"Small Slimes","floor":2,"turns":3},{"damage":0,"enemies":"Jaw Worm","floor":3,"turns":4},{"damage":13,"enemies":"2 Fungi Beasts","floor":4,"turns":5},{"damage":9,"enemies":"Exordium Wildlife","floor":5,"turns":6},{"damage":22,"enemies":"3 Sentries","floor":6,"turns":10},{"damage":5,"enemies":"Red Slaver","floor":7,"turns":6},{"damage":1,"enemies":"3 Louse","floor":8,"turns":4},{"damage":2,"enemies":"Exordium Wildlife","floor":12,"turns":6},{"damage":0,"enemies":"Blue Slaver","floor":14,"turns":6},{"damage":34,"enemies":"The Guardian","floor":16,"turns":20},{"damage":0,"enemies":"Shell Parasite","floor":18,"turns":3}],"seed_played":"4228076562542163055","potions_obtained":[{"floor":1,"key":"SteroidPotion"},{"floor":3,"key":"Explosive Potion"},{"floor":12,"key":"AttackPotion"},{"floor":14,"key":"GamblersBrew"}],"is_trial":false,"path_per_floor":["M","M","M","M","M","E","M","M","T","?","T","M","$","M","R","B",null,"M"],"character_chosen":"THE_SILENT","items_purchased":["Outmaneuver","Leg Sweep"],"campfire_rested":1,"item_purchase_floors":[13,13],"current_hp_per_floor":[69,69,69,56,47,25,20,19,19,19,19,17,17,17,38,4,70,70],"gold":192,"neow_bonus":"RANDOM_COMMON_RELIC","is_prod":false,"is_daily":false,"chose_seed":false,"campfire_upgraded":0,"win_rate":0,"timestamp":1541615685,"path_taken":["M","M","?","M","M","E","?","M","T","?","?","M","$","M","R","BOSS","M"],"build_version":"2018-11-01","purchased_purges":1,"victory":false,"max_hp_per_floor":[70,70,70,70,70,70,70,70,70,70,70,70,70,70,70,70,70,70],"card_choices":[{"not_picked":["Prepared","Dagger Throw"],"picked":"Blur","floor":1},{"not_picked":["Bane","Riddle With Holes"],"picked":"Sucker Punch","floor":2},{"not_picked":["Prepared","Quick Slash"],"picked":"Calculated Gamble","floor":3},{"not_picked":["PiercingWail","Eviscerate"],"picked":"Reflex","floor":4},{"not_picked":["Prepared","Sucker Punch"],"picked":"Skewer","floor":5},{"not_picked":["Infinite Blades","After Image"],"picked":"Footwork","floor":6},{"not_picked":["Predator","Flying Knee"],"picked":"Tactician","floor":7},{"not_picked":["Cloak And Dagger","Bane"],"picked":"Backflip","floor":8},{"not_picked":["Blade Dance","Predator","PiercingWail"],"picked":"SKIP","floor":12},{"not_picked":["Deadly Poison","Infinite Blades"],"picked":"Acrobatics","floor":14},{"not_picked":["Glass Knife","A Thousand Cuts"],"picked":"Bullet Time","floor":16}],"player_experience":276660,"relics_obtained":[{"floor":6,"key":"Orichalcum"},{"floor":9,"key":"Ornamental Fan"},{"floor":11,"key":"Ginger"}],"event_choices":[{"damage_healed":0,"gold_gain":0,"player_choice":"Searched \u00271\u0027 times","damage_taken":0,"max_hp_gain":0,"max_hp_loss":0,"event_name":"Dead Adventurer","floor":10,"gold_loss":0}],"is_beta":false,"boss_relics":[{"not_picked":["Runic Pyramid","Astrolabe"],"picked":"Lizard Tail"}],"items_purged_floors":[13],"is_endless":false,"potions_floor_spawned":[1,3,12,14],"killed_by":"Shell Parasite","ascension_level":0}