{"gold_per_floor":[117,117,16,91,166,166,185,213,238,265,20,37,37,37,37,132,132,152,186,186,186,196,196,296,329,352,39,53,53,114,18,18,120,120,139,186,186,198,278,313,333,333,358,376,407,291,325,112,112,112],"floor_reached":51,"playtime":4943,"items_purged":["Strike_B","Strike_B","Strike_B","Static Discharge","Meteor Strike+1"],"score":939,"play_id":"382b03dc-8596-4db4-99c8-ca18c31b4dca","local_time":"20181215144347","is_ascension_mode":true,"campfire_choices":[{"data":"Zap","floor":6,"key":"SMITH"},{"data":"Conserve Battery","floor":13,"key":"SMITH"},{"data":"Ball Lightning","floor":15,"key":"SMITH"},{"data":"Self Repair","floor":23,"key":"SMITH"},{"data":"Loop","floor":32,"key":"SMITH"},{"data":"Buffer","floor":42,"key":"SMITH"},{"data":"Defragment","floor":49,"key":"SMITH"}],"neow_cost":"NONE","seed_source_timestamp":243789867938303,"circlet_count":0,"master_deck":["Zap+1","Dualcast","Consume+1","Conserve Battery+1","Ball Lightning+1","Self Repair+1","Ball Lightning+1","Echo Form","Core Surge+1","Cold Snap+1","Ghostly","Ghostly","Ghostly","Ghostly","Ghostly","Ball Lightning+1","Beam Cell+1","Loop+1","Chill+1","Buffer+1","Self Repair","Machine Learning","Undo+1","Coolheaded+1","FTL+1","Hologram+1","Defragment+1"],"relics":["Cracked Core","Pantograph","Molten Egg 2","PreservedInsect","Blood Vial","Membership Card","Sozu","Red Mask","Strawberry","Torii","Toxic Egg 2","Lantern","Frozen Eye","Bag of Marbles","Pen Nib","Tiny Chest","Medical Kit","Pandora\u0027s Box","Thread and Needle","Du-Vu Doll","Meat on the Bone","Pear","Orichalcum","Art of War","Singing Bowl","Shuriken"],"potions_floor_usage":[8],"damage_taken":[{"damage":6,"enemies":"Jaw Worm","floor":1,"turns":3},{"damage":4,"enemies":"Cultist","floor":7,"turns":4},{"damage":17,"enemies":"Gremlin Nob","floor":8,"turns":4},{"damage":17,"enemies":"3 Sentries","floor":10,"turns":4},{"damage":0,"enemies":"Small Slimes","floor":12,"turns":3},{"damage":7,"enemies":"Slime Boss","floor":16,"turns":7},{"damage":0,"enemies":"Chosen","floor":18,"turns":4},{"damage":29,"enemies":"Masked Bandits","floor":19,"turns":5},{"damage":0,"enemies":"3 Byrds","floor":22,"turns":5},{"damage":0,"enemies":"Colosseum Slavers","floor":24,"turns":5},{"damage":19,"enemies":"Colosseum Nobs","floor":24,"turns":5},{"damage":1,"enemies":"Gremlin Leader","floor":25,"turns":5},{"damage":10,"enemies":"3 Cultists","floor":28,"turns":6},{"damage":4,"enemies":"Book of Stabbing","floor":30,"turns":5},{"damage":15,"enemies":"Automaton","floor":33,"turns":10},{"damage":0,"enemies":"3 Shapes","floor":35,"turns":5},{"damage":0,"enemies":"2 Orb Walkers","floor":36,"turns":7},{"damage":0,"enemies":"3 Darklings","floor":38,"turns":5},{"damage":9,"enemies":"Reptomancer","floor":40,"turns":9},{"damage":0,"enemies":"4 Shapes","floor":41,"turns":6},{"damage":0,"enemies":"Spire Growth","floor":44,"turns":6},{"damage":0,"enemies":"Giant Head","floor":45,"turns":8},{"damage":0,"enemies":"Nemesis","floor":47,"turns":6},{"damage":10,"enemies":"Time Eater","floor":50,"turns":12}],"seed_played":"8494005404508995754","potions_obtained":[{"floor":1,"key":"Ancient Potion"},{"floor":7,"key":"EssenceOfSteel"},{"floor":12,"key":"GamblersBrew"}],"is_trial":false,"path_per_floor":["M","?","$","?","T","R","M","E","T","E","$","M","R","$","R","B",null,"M","?","?","?","M","R","?","E","T","$","M","$","E","$","R","B",null,"M","?","T","M","T","E","M","R","T","M","E","$","E","$","R","B",null],"character_chosen":"DEFECT","items_purchased":["Conserve Battery","Membership Card","Frozen Eye","Bag of Marbles","Pen Nib","Medical Kit","Defragment","Shuriken"],"campfire_rested":0,"item_purchase_floors":[3,11,27,27,27,31,46,48],"current_hp_per_floor":[76,76,76,65,65,65,61,44,44,27,27,36,36,36,36,56,82,82,60,67,44,44,44,35,44,44,44,44,44,44,44,44,39,44,44,44,44,44,44,52,54,54,54,54,54,54,56,56,56,53],"gold":112,"neow_bonus":"TEN_PERCENT_HP_BONUS","is_prod":false,"is_daily":false,"chose_seed":false,"campfire_upgraded":7,"win_rate":0,"timestamp":1544906627,"path_taken":["M","?","?","?","?","R","M","E","T","E","?","?","R","$","R","BOSS","M","?","?","?","M","R","?","E","T","?","?","$","E","$","R","BOSS","M","?","?","M","?","E","?","R","T","M","E","$","E","?","R","BOSS"],"build_version":"2018-12-13","purchased_purges":5,"victory":true,"max_hp_per_floor":[82,82,82,82,82,82,82,82,82,82,82,82,82,82,82,82,82,82,82,89,44,44,44,44,44,44,44,44,44,44,44,44,44,44,44,44,44,44,44,54,54,54,54,54,54,54,56,56,56,56],"card_choices":[{"not_picked":["BootSequence","Ball Lightning"],"picked":"Consume","floor":1},{"not_picked":["Barrage","Static Discharge"],"picked":"Ball Lightning","floor":7},{"not_picked":["Lockon","Gash"],"picked":"Self Repair","floor":8},{"not_picked":["Coolheaded","Streamline+1"],"picked":"Ball Lightning+1","floor":10},{"not_picked":["Rip and Tear+1","Gash+1"],"picked":"Echo Form","floor":12},{"not_picked":["Seek","Amplify"],"picked":"Core Surge+1","floor":16},{"not_picked":["Steam","Redo"],"picked":"Cold Snap+1","floor":18},{"not_picked":["Streamline+1","Conserve Battery"],"picked":"Ball Lightning+1","floor":22},{"not_picked":["Blizzard+1","Redo"],"picked":"Beam Cell+1","floor":24},{"not_picked":["Go for the Eyes+1","Sweeping Beam+1"],"picked":"Loop","floor":25},{"not_picked":["Aggregate+1","Go for the Eyes+1"],"picked":"Chill+1","floor":28},{"not_picked":["Conserve Battery+1","Turbo+1","Steam Power+1"],"picked":"SKIP","floor":30},{"not_picked":["Amplify+1","Biased Cognition"],"picked":"Buffer","floor":33},{"not_picked":["Ball Lightning+1","Barrage+1","Leap+1"],"picked":"SKIP","floor":35},{"not_picked":["Leap+1","Streamline+1"],"picked":"Coolheaded+1","floor":38},{"not_picked":["Steam+1","Biased Cognition"],"picked":"FTL+1","floor":40},{"not_picked":["Recycle+1","Beam Cell+1","Hologram+1"],"picked":"SKIP","floor":41},{"not_picked":["Recycle+1","Beam Cell+1"],"picked":"Hologram+1","floor":41},{"not_picked":["Double Energy+1","Barrage+1","Blizzard+1"],"picked":"SKIP","floor":44},{"not_picked":["Fusion+1","Hologram+1","Scrape+1"],"picked":"SKIP","floor":45},{"not_picked":["Storm","Hologram+1","Turbo+1"],"picked":"Singing Bowl","floor":47}],"player_experience":195869,"relics_obtained":[{"floor":5,"key":"Pantograph"},{"floor":8,"key":"Molten Egg 2"},{"floor":9,"key":"PreservedInsect"},{"floor":10,"key":"Blood Vial"},{"floor":19,"key":"Red Mask"},{"floor":24,"key":"Torii"},{"floor":24,"key":"Toxic Egg 2"},{"floor":25,"key":"Lantern"},{"floor":30,"key":"Tiny Chest"},{"floor":36,"key":"Thread and Needle"},{"floor":37,"key":"Du-Vu Doll"},{"floor":39,"key":"Meat on the Bone"},{"floor":40,"key":"Pear"},{"floor":43,"key":"Orichalcum"},{"floor":45,"key":"Art of War"},{"floor":47,"key":"Singing Bowl"}],"event_choices":[{"damage_healed":0,"gold_gain":0,"player_choice":"Upgraded","damage_taken":0,"max_hp_gain":0,"max_hp_loss":0,"event_name":"Upgrade Shrine","floor":2,"gold_loss":0,"cards_upgraded":["Consume"]},{"damage_healed":0,"gold_gain":75,"player_choice":"Gather Gold","damage_taken":11,"max_hp_gain":0,"max_hp_loss":0,"event_name":"World of Goop","floor":4,"gold_loss":0},{"damage_healed":0,"gold_gain":0,"player_choice":"Fought Bandits","damage_taken":0,"max_hp_gain":0,"max_hp_loss":0,"event_name":"Masked Bandits","floor":19,"gold_loss":0},{"damage_healed":0,"gold_gain":0,"player_choice":"Opened","damage_taken":0,"relics_obtained":["Strawberry"],"max_hp_gain":0,"max_hp_loss":0,"event_name":"The Mausoleum","floor":20,"gold_loss":0},{"damage_healed":0,"gold_gain":0,"player_choice":"Became a Ghost","damage_taken":0,"max_hp_gain":0,"max_hp_loss":45,"event_name":"Ghosts","floor":21,"gold_loss":0,"cards_obtained":["Ghostly","Ghostly","Ghostly","Ghostly","Ghostly"]},{"damage_healed":0,"gold_gain":0,"player_choice":"Fight","damage_taken":0,"max_hp_gain":0,"max_hp_loss":0,"event_name":"Colosseum","floor":24,"gold_loss":0},{"damage_healed":0,"gold_gain":0,"player_choice":"Fought Nobs","damage_taken":0,"max_hp_gain":0,"max_hp_loss":0,"event_name":"Colosseum","floor":24,"gold_loss":0},{"damage_healed":0,"gold_gain":0,"player_choice":"Fight","damage_taken":0,"max_hp_gain":0,"max_hp_loss":0,"event_name":"Mysterious Sphere","floor":36,"gold_loss":0}],"is_beta":false,"boss_relics":[{"not_picked":["Cursed Key","Orrery"],"picked":"Sozu"},{"not_picked":["Eternal Feather","Philosopher\u0027s Stone"],"picked":"Pandora\u0027s Box"}],"items_purged_floors":[3,11,27,46,48],"is_endless":false,"potions_floor_spawned":[1,7,12,18,19,24,25,28,38,40,41,45],"ascension_level":1}