{"gold_per_floor":[111,186,111,124,124,124,162,162,162,262,278,312,327,342,342,342],"floor_reached":16,"playtime":478,"items_purged":["Regret"],"score":176,"play_id":"5378fd83-77f6-4f49-836a-ac6f0e68d067","local_time":"20190128183615","is_ascension_mode":true,"campfire_choices":[{"floor":6.0,"key":"REST"},{"floor":8.0,"key":"REST"},{"data":"Loop","floor":15,"key":"SMITH"}],"neow_cost":"CURSE","seed_source_timestamp":1171113681293883,"circlet_count":0,"master_deck":["AscendersBane","Strike_B","Strike_B","Strike_B","Strike_B","Defend_B","Defend_B","Defend_B","Defend_B","Zap","Dualcast","Rip and Tear","Cold Snap","Loop+1","Genetic Algorithm","Streamline"],"special_seed":0,"relics":["Cracked Core","Torii","Golden Idol","Blood Vial","Potion Belt","Lantern"],"potions_floor_usage":[13],"damage_taken":[{"damage":5.0,"enemies":"Cultist","floor":1.0,"turns":4.0},{"damage":7.0,"enemies":"Small Slimes","floor":4.0,"turns":3.0},{"damage":33.0,"enemies":"Gremlin Nob","floor":7.0,"turns":5.0},{"damage":1.0,"enemies":"Jaw Worm","floor":11.0,"turns":3.0},{"damage":39.0,"enemies":"3 Sentries","floor":12.0,"turns":9.0},{"damage":2,"enemies":"Blue Slaver","floor":13,"turns":3},{"damage":1,"enemies":"Exordium Wildlife","floor":14,"turns":2},{"damage":38,"enemies":"Slime Boss","floor":16,"turns":3}],"seed_played":"-8560988504534092210","potions_obtained":[{"floor":1.0,"key":"Dexterity Potion"},{"floor":12.0,"key":"GamblersBrew"}],"is_trial":false,"path_per_floor":["M","?","$","M","?","R","E","R","T","?","M","E","M","M","R","B"],"character_chosen":"DEFECT","items_purchased":[],"campfire_rested":2,"item_purchase_floors":[],"current_hp_per_floor":[63,52,52,45,27,49,16,38,38,38,39,2,2,3,3,0],"gold":342,"neow_bonus":"ONE_RARE_RELIC","is_prod":false,"is_daily":false,"chose_seed":false,"campfire_upgraded":1,"win_rate":0,"timestamp":1548722175,"path_taken":["M","?","$","M","?","R","E","R","T","?","M","E","M","M","R","BOSS"],"build_version":"2019-01-23","purchased_purges":1,"victory":false,"max_hp_per_floor":[75,75,75,75,75,75,75,75,75,75,75,75,75,75,75,75],"card_choices":[{"not_picked":["Compile Driver","Ball Lightning"],"picked":"Rip and Tear","floor":1.0},{"not_picked":["Barrage","Steam"],"picked":"Cold Snap","floor":4.0},{"not_picked":["Coolheaded","Sweeping Beam"],"picked":"Loop","floor":7.0},{"not_picked":["Cold Snap","Skim","Hello World"],"picked":"SKIP","floor":11.0},{"not_picked":["Gash","Beam Cell"],"picked":"Genetic Algorithm","floor":12.0},{"not_picked":["Hologram","Force Field"],"picked":"Streamline","floor":13},{"not_picked":["Stack","Rip and Tear","Hello World"],"picked":"SKIP","floor":14}],"player_experience":909380,"relics_obtained":[{"floor":7.0,"key":"Blood Vial"},{"floor":9.0,"key":"Potion Belt"},{"floor":12.0,"key":"Lantern"}],"event_choices":[{"damage_healed":0.0,"max_hp_gain":0.0,"max_hp_loss":0.0,"gold_gain":75.0,"event_name":"World of Goop","player_choice":"Gather Gold","floor":2.0,"gold_loss":0.0,"damage_taken":11.0},{"damage_healed":0.0,"max_hp_gain":0.0,"max_hp_loss":0.0,"gold_gain":0.0,"event_name":"Golden Idol","player_choice":"Take Damage","floor":5.0,"gold_loss":0.0,"damage_taken":18.0,"relics_obtained":["Golden Idol"]},{"damage_healed":0.0,"max_hp_gain":0.0,"max_hp_loss":0.0,"gold_gain":100.0,"event_name":"Golden Shrine","player_choice":"Pray","floor":10.0,"gold_loss":0.0,"damage_taken":0.0}],"is_beta":false,"boss_relics":[],"items_purged_floors":[3],"is_endless":false,"potions_floor_spawned":[1,12],"killed_by":"Slime Boss","ascension_level":12}