{"gold_per_floor":[109,109,184,200,216,216,259,259,282,282,0,36,51,66,66,66],"floor_reached":16,"playtime":603,"items_purged":["Strike_G"],"score":110,"play_id":"460db591-2d56-4738-b9b3-ab68dc9a31f2","local_time":"20181111184029","is_ascension_mode":false,"campfire_choices":[{"data":"Neutralize","floor":6.0,"key":"SMITH"},{"data":"Footwork","floor":8.0,"key":"SMITH"},{"floor":15,"key":"REST"}],"neow_cost":"NONE","seed_source_timestamp":0,"circlet_count":0,"master_deck":["Defend_G","Defend_G","Defend_G","Defend_G","Defend_G","Strike_G","Strike_G","Strike_G","Survivor","Neutralize+1","Footwork+1","Quick Slash","Sucker Punch","Poisoned Stab","Well Laid Plans","Acrobatics","Catalyst","Flying Knee","Deflect","Prepared"],"special_seed":0,"relics":["Ring of the Snake","NeowsBlessing","Golden Idol","Dream Catcher","Happy Flower","Bottled Tornado"],"potions_floor_usage":[14],"damage_taken":[{"damage":0.0,"enemies":"Jaw Worm","floor":1.0,"turns":1.0},{"damage":0.0,"enemies":"2 Louse","floor":4.0,"turns":1.0},{"damage":0.0,"enemies":"Cultist","floor":5.0,"turns":1.0},{"damage":20.0,"enemies":"3 Sentries","floor":7.0,"turns":7.0},{"damage":1,"enemies":"Lagavulin","floor":12,"turns":9},{"damage":2,"enemies":"Looter","floor":13,"turns":4},{"damage":13,"enemies":"Exordium Thugs","floor":14,"turns":7},{"damage":26,"enemies":"Slime Boss","floor":16,"turns":9}],"seed_played":"7975396857271060867","potions_obtained":[{"floor":1.0,"key":"Explosive Potion"},{"floor":5.0,"key":"Strength Potion"},{"floor":13,"key":"GhostInAJar"}],"is_trial":false,"path_per_floor":["M","?","?","M","M","R","E","R","T","?","$","E","M","M","R","B"],"character_chosen":"THE_SILENT","items_purchased":["Poisoned Stab","Well Laid Plans","Acrobatics","Catalyst"],"campfire_rested":1,"item_purchase_floors":[11,11,11,11],"current_hp_per_floor":[70,65,59,59,59,59,39,39,39,39,39,38,36,23,42,16],"gold":66,"neow_bonus":"THREE_ENEMY_KILL","is_prod":false,"is_daily":false,"chose_seed":false,"campfire_upgraded":2,"win_rate":0,"timestamp":1541958029,"path_taken":["M","?","?","?","M","R","E","R","T","?","?","E","M","M","R","BOSS"],"build_version":"2018-11-08","purchased_purges":1,"victory":false,"max_hp_per_floor":[70,65,65,65,65,65,65,65,65,65,65,65,65,65,65,65],"card_choices":[{"not_picked":["Tactician","Slice"],"picked":"Footwork","floor":1.0},{"not_picked":["Underhanded Strike","Dagger Throw","Blade Dance"],"picked":"SKIP","floor":4.0},{"not_picked":["Eviscerate","Dagger Throw"],"picked":"Quick Slash","floor":5.0},{"not_picked":["Prepared","PiercingWail"],"picked":"Sucker Punch","floor":7.0},{"not_picked":["Underhanded Strike","Sucker Punch"],"picked":"Flying Knee","floor":12},{"not_picked":["Dodge and Roll","Calculated Gamble"],"picked":"Deflect","floor":13},{"not_picked":["Dagger Throw","Finisher"],"picked":"Prepared","floor":14}],"player_experience":288668,"relics_obtained":[{"floor":7.0,"key":"Dream Catcher"},{"floor":9.0,"key":"Happy Flower"},{"floor":12,"key":"Bottled Tornado"}],"event_choices":[{"damage_healed":0.0,"max_hp_gain":0.0,"max_hp_loss":5.0,"gold_gain":0.0,"event_name":"Golden Idol","player_choice":"Lose Max HP","floor":2.0,"gold_loss":0.0,"damage_taken":0.0,"relics_obtained":["Golden Idol"]},{"damage_healed":0.0,"max_hp_gain":0.0,"max_hp_loss":0.0,"gold_gain":75.0,"event_name":"FaceTrader","player_choice":"Touch","floor":3.0,"gold_loss":0.0,"damage_taken":6.0},{"cards_removed":["Strike_G"],"damage_healed":0.0,"max_hp_gain":0.0,"max_hp_loss":0.0,"gold_gain":0.0,"event_name":"Bonfire Elementals","player_choice":"Offered Basic","floor":10.0,"gold_loss":0.0,"damage_taken":0.0}],"is_beta":false,"boss_relics":[],"items_purged_floors":[11],"is_endless":false,"potions_floor_spawned":[1,5,13],"killed_by":"Slime Boss","ascension_level":0}