{"gold_per_floor":[109,109,15,29,49,77,77,2,25,25,56,56,74,107,107,203,203,219,219,119,59,59,59,80,80,106,147,163,163,84,84,84,178,178,199,199,213,115,134,134,177,177,204,228,252,252,252,47,47,47],"floor_reached":51,"playtime":2674,"items_purged":["Strike_G","Shame","Defend_G+1"],"score":1416,"play_id":"9c20137c-ea37-4911-8295-4e5cc3413192","local_time":"20190304111547","is_ascension_mode":true,"campfire_choices":[{"data":"Noxious Fumes","floor":7,"key":"SMITH"},{"floor":10,"key":"REST"},{"floor":15,"key":"REST"},{"data":"Footwork","floor":23,"key":"SMITH"},{"floor":25,"key":"REST"},{"data":"Catalyst","floor":29,"key":"SMITH"},{"floor":32,"key":"REST"},{"data":"Night Terror","floor":40,"key":"SMITH"},{"data":"Ghostly","floor":42,"key":"SMITH"},{"data":"Ghostly","floor":47,"key":"SMITH"},{"floor":49,"key":"REST"}],"neow_cost":"NONE","seed_source_timestamp":203240315838522,"circlet_count":0,"master_deck":["AscendersBane","Defend_G+1","Defend_G+1","Defend_G+1","Defend_G+1","Strike_G+1","Strike_G+1","Strike_G+1","Survivor","Neutralize","Noxious Fumes+1","Dash","Sucker Punch","Deadly Poison+1","Cloak And Dagger","PiercingWail","Night Terror+1","Footwork+1","Catalyst+1","Backflip","Dagger Spray+1","Bouncing Flask","Ghostly+1","Ghostly+1","Ghostly","Wraith Form v2","Prepared+1","Panacea","Well Laid Plans+1"],"special_seed":0,"relics":["Ring of the Snake","Potion Belt","War Paint","Snake Skull","Golden Idol","Bottled Lightning","Orrery","Omamori","Lantern","Centennial Puzzle","Velvet Choker","CultistMask","Art of War","Strawberry"],"potions_floor_usage":[11,16,24,27,27,33,45,50,50,50],"damage_taken":[{"damage":0.0,"enemies":"Cultist","floor":1.0,"turns":4.0},{"damage":0.0,"enemies":"2 Louse","floor":4.0,"turns":2.0},{"damage":1.0,"enemies":"Small Slimes","floor":5.0,"turns":4.0},{"damage":31.0,"enemies":"3 Sentries","floor":6.0,"turns":8.0},{"damage":10,"enemies":"Lagavulin","floor":11,"turns":7},{"damage":6,"enemies":"3 Louse","floor":13,"turns":3},{"damage":5,"enemies":"3 Sentries","floor":14,"turns":7},{"damage":21,"enemies":"Slime Boss","floor":16,"turns":10},{"damage":15,"enemies":"Shell Parasite","floor":18,"turns":6},{"damage":2,"enemies":"2 Thieves","floor":21,"turns":4},{"damage":10,"enemies":"Snake Plant","floor":24,"turns":4},{"damage":22,"enemies":"Gremlin Leader","floor":27,"turns":5},{"damage":7,"enemies":"Snecko","floor":28,"turns":5},{"damage":0,"enemies":"Collector","floor":33,"turns":7},{"damage":5,"enemies":"3 Darklings","floor":35,"turns":6},{"damage":0,"enemies":"3 Shapes","floor":37,"turns":5},{"damage":0,"enemies":"Writhing Mass","floor":39,"turns":5},{"damage":0,"enemies":"Nemesis","floor":41,"turns":7},{"damage":3,"enemies":"Jaw Worm Horde","floor":44,"turns":6},{"damage":2,"enemies":"4 Shapes","floor":45,"turns":7},{"damage":28,"enemies":"Donu and Deca","floor":50,"turns":8}],"seed_played":"369079657315717020","potions_obtained":[{"floor":4.0,"key":"Strength Potion"},{"floor":13,"key":"Ancient Potion"},{"floor":16,"key":"AttackPotion"},{"floor":18,"key":"SkillPotion"},{"floor":27,"key":"GamblersBrew"},{"floor":33,"key":"SteroidPotion"},{"floor":37,"key":"GamblersBrew"},{"floor":39,"key":"Explosive Potion"},{"floor":45,"key":"Weak Potion"}],"is_trial":false,"path_per_floor":["M","$","$","M","M","E","R","$","T","R","E","?","M","E","R","B",null,"M","?","$","M","?","R","M","R","T","E","M","R","$","?","R","B",null,"M","?","M","$","M","R","E","R","T","M","M","$","R","$","R","B",null],"character_chosen":"THE_SILENT","items_purchased":["Dash","Strength Potion","Bouncing Flask","Panacea","GhostInAJar"],"campfire_rested":5,"item_purchase_floors":[3,3,30,38,48],"current_hp_per_floor":[59,59,59,59,58,27,27,27,27,46,36,36,30,25,43,22,51,36,36,36,34,34,34,24,42,42,20,13,13,13,13,22,22,28,23,23,23,23,23,23,23,23,30,27,25,25,25,25,36,8],"gold":47,"neow_bonus":"REMOVE_CARD","is_prod":false,"is_daily":false,"chose_seed":false,"campfire_upgraded":6,"win_rate":0,"timestamp":1551694547,"path_taken":["M","?","$","M","M","E","R","$","T","R","E","?","M","E","R","BOSS","M","?","$","M","?","R","M","R","T","E","M","R","$","?","R","BOSS","M","?","?","$","M","R","E","R","T","M","M","?","R","$","R","BOSS"],"build_version":"2019-01-23","purchased_purges":3,"victory":true,"max_hp_per_floor":[66,66,66,66,66,66,66,66,66,66,66,60,60,60,60,60,60,60,60,60,60,60,60,60,60,60,60,60,60,60,30,30,30,30,30,30,30,30,30,30,30,30,37,37,37,37,37,37,37,37],"card_choices":[{"not_picked":["Deadly Poison","Dagger Spray"],"picked":"Noxious Fumes","floor":1.0},{"not_picked":["Heel Hook","Blade Dance","Quick Slash"],"picked":"SKIP","floor":4.0},{"not_picked":["All Out Attack","Dagger Throw"],"picked":"Sucker Punch","floor":5.0},{"not_picked":["Dash","Doppelganger"],"picked":"Deadly Poison","floor":6.0},{"not_picked":["Skewer","Calculated Gamble"],"picked":"Cloak And Dagger","floor":11},{"not_picked":["Dagger Throw","Outmaneuver"],"picked":"PiercingWail","floor":13},{"not_picked":["PiercingWail","Deflect","Blade Dance"],"picked":"SKIP","floor":14},{"not_picked":["Envenom","Malaise"],"picked":"Night Terror","floor":16},{"not_picked":["Catalyst","Bouncing Flask"],"picked":"Footwork","floor":17},{"not_picked":["PiercingWail","Cloak And Dagger"],"picked":"Catalyst","floor":17},{"not_picked":["Masterful Stab","Choke"],"picked":"Backflip","floor":17},{"not_picked":["Finisher","PiercingWail","All Out Attack"],"picked":"SKIP","floor":18},{"not_picked":["Choke","Outmaneuver","Footwork"],"picked":"SKIP","floor":21},{"not_picked":["Underhanded Strike","Backflip"],"picked":"Dagger Spray+1","floor":24},{"not_picked":["Deadly Poison","Sucker Punch+1","Poisoned Stab"],"picked":"SKIP","floor":27},{"not_picked":["Poisoned Stab","Sucker Punch","Terror"],"picked":"SKIP","floor":28},{"not_picked":["After Image","Unload"],"picked":"Wraith Form v2","floor":33},{"not_picked":["Dagger Spray","Slice"],"picked":"Prepared+1","floor":35},{"not_picked":["Accuracy","PiercingWail","Distraction+1"],"picked":"SKIP","floor":37},{"not_picked":["Cloak And Dagger","Deadly Poison","Riddle With Holes+1"],"picked":"SKIP","floor":39},{"not_picked":["PiercingWail","Bane"],"picked":"Well Laid Plans+1","floor":41},{"not_picked":["Dash","Footwork","Deadly Poison"],"picked":"SKIP","floor":44},{"not_picked":["Poisoned Stab","Dodge and Roll","Backflip+1"],"picked":"SKIP","floor":45}],"player_experience":820296,"relics_obtained":[{"floor":6.0,"key":"Potion Belt"},{"floor":9,"key":"War Paint"},{"floor":11,"key":"Snake Skull"},{"floor":14,"key":"Bottled Lightning"},{"floor":26,"key":"Lantern"},{"floor":27,"key":"Centennial Puzzle"},{"floor":41,"key":"Art of War"},{"floor":43,"key":"Strawberry"}],"event_choices":[{"damage_healed":0,"gold_gain":0,"player_choice":"Lose Max HP","damage_taken":0,"relics_obtained":["Golden Idol"],"max_hp_gain":0,"max_hp_loss":6,"event_name":"Golden Idol","floor":12,"gold_loss":0},{"damage_healed":0,"gold_gain":0,"player_choice":"Stole Relic","damage_taken":0,"relics_obtained":["Omamori"],"max_hp_gain":0,"max_hp_loss":0,"event_name":"Addict","floor":19,"gold_loss":0,"cards_obtained":["Shame"]},{"damage_healed":0,"gold_gain":0,"player_choice":"Simplicity","damage_taken":0,"max_hp_gain":0,"max_hp_loss":0,"event_name":"Back to Basics","floor":22,"gold_loss":0,"cards_upgraded":["Defend_G","Defend_G","Defend_G","Defend_G","Strike_G","Strike_G","Strike_G"]},{"damage_healed":0,"gold_gain":0,"player_choice":"Became a Ghost","damage_taken":0,"max_hp_gain":0,"max_hp_loss":30,"event_name":"Ghosts","floor":31,"gold_loss":0,"cards_obtained":["Ghostly","Ghostly","Ghostly"]},{"damage_healed":0,"gold_gain":0,"player_choice":"Trade","damage_taken":0,"relics_obtained":["CultistMask"],"max_hp_gain":0,"max_hp_loss":0,"event_name":"FaceTrader","floor":36,"gold_loss":0}],"is_beta":false,"boss_relics":[{"not_picked":["Snecko Eye","WristBlade"],"picked":"Orrery"},{"not_picked":["Calling Bell","White Beast Statue"],"picked":"Velvet Choker"}],"items_purged_floors":[8,20,48],"is_endless":false,"potions_floor_spawned":[4,13,16,18,27,33,37,39,45],"ascension_level":16}