{"gold_per_floor":[116,134,147,147,147,182,182,196,196,196,221,221,234,262,262,362,362,380,118,118,43,143,143,162,261,261,261,295,312,312,13,13,108,108,127,127,137,57,77,77,77,77,100,2,2,37,37,57,57,57],"floor_reached":50,"playtime":2122,"items_purged":["Strike_R","Strike_R"],"score":748,"play_id":"07c84e0d-a114-4ebb-abb4-fd903663ed36","local_time":"20190222235933","is_ascension_mode":true,"campfire_choices":[{"data":"Whirlwind","floor":10,"key":"SMITH"},{"floor":12,"key":"REST"},{"data":"Bash","floor":15,"key":"SMITH"},{"data":"Seeing Red","floor":23,"key":"SMITH"},{"data":"Seeing Red","floor":30,"key":"SMITH"},{"data":"Secret Technique","floor":32,"key":"SMITH"},{"data":"Enlightenment","floor":40,"key":"SMITH"},{"data":"Chrysalis","floor":42,"key":"SMITH"},{"floor":47,"key":"REST"},{"data":"Metallicize","floor":49,"key":"SMITH"}],"neow_cost":"NONE","seed_source_timestamp":452454133861914,"circlet_count":0,"master_deck":["Defend_R+1","Defend_R+1","Defend_R+1","Defend_R","Bash+1","Shrug It Off+1","Whirlwind+1","Battle Trance","Clothesline","Impervious","Rampage","Feed","Flex","Seeing Red+1","Ghostly Armor","Metallicize+1","Uppercut","Metallicize","Carnage","Rampage","Clothesline","Dropkick","Seeing Red+1","Secret Technique+1","Chrysalis+1","Impervious","Shockwave","Enlightenment+1","Pummel","Inflame+1","Good Instincts","Corruption+1","Metallicize+1"],"relics":["Burning Blood","Matryoshka","Lantern","Mercury Hourglass","War Paint","The Courier","Philosopher\u0027s Stone","Letter Opener","Pantograph","Frozen Egg 2","Black Star","Happy Flower","GremlinMask","Bronze Scales","Molten Egg 2"],"potions_floor_usage":[6,16,16,28,29,41,46],"damage_taken":[{"damage":7,"enemies":"Jaw Worm","floor":1,"turns":3},{"damage":4,"enemies":"2 Louse","floor":2,"turns":3},{"damage":11,"enemies":"Cultist","floor":3,"turns":5},{"damage":32,"enemies":"Gremlin Nob","floor":6,"turns":4},{"damage":3,"enemies":"Looter","floor":8,"turns":4},{"damage":22,"enemies":"Lagavulin","floor":11,"turns":5},{"damage":0,"enemies":"3 Louse","floor":13,"turns":2},{"damage":10,"enemies":"3 Sentries","floor":14,"turns":3},{"damage":0,"enemies":"Slime Boss","floor":16,"turns":6},{"damage":24,"enemies":"3 Byrds","floor":18,"turns":4},{"damage":15,"enemies":"Spheric Guardian","floor":24,"turns":6},{"damage":13,"enemies":"Book of Stabbing","floor":28,"turns":6},{"damage":6,"enemies":"Shelled Parasite and Fungi","floor":29,"turns":5},{"damage":80,"enemies":"Collector","floor":33,"turns":12},{"damage":0,"enemies":"Orb Walker","floor":35,"turns":5},{"damage":25,"enemies":"3 Shapes","floor":37,"turns":6},{"damage":22,"enemies":"3 Darklings","floor":39,"turns":3},{"damage":0,"enemies":"Sphere and 2 Shapes","floor":41,"turns":5},{"damage":40,"enemies":"Nemesis","floor":46,"turns":9},{"damage":17,"enemies":"Transient","floor":48,"turns":5},{"damage":108,"enemies":"Awakened One","floor":50,"turns":11}],"seed_played":"8316813325965514731","potions_obtained":[{"floor":2,"key":"Energy Potion"},{"floor":7,"key":"SpeedPotion"},{"floor":7,"key":"Fire Potion"},{"floor":7,"key":"SmokeBomb"},{"floor":14,"key":"AttackPotion"},{"floor":16,"key":"Strength Potion"},{"floor":18,"key":"SkillPotion"},{"floor":39,"key":"Regen Potion"},{"floor":46,"key":"FairyPotion"}],"is_trial":false,"path_per_floor":["M","M","M","?","?","E","?","M","T","R","E","R","M","E","R","B",null,"M","$","?","?","?","R","M","?","T","?","E","M","R","$","R","B",null,"M","?","M","$","M","R","M","R","T","$","?","E","R","M","R","B"],"character_chosen":"IRONCLAD","items_purchased":["Seeing Red","Ghostly Armor","Metallicize","Uppercut","Secret Technique","Chrysalis","Inflame+1","Good Instincts"],"campfire_rested":2,"item_purchase_floors":[19,19,19,19,31,31,44,44],"current_hp_per_floor":[79,81,76,58,87,61,61,64,64,64,48,74,80,76,76,82,87,72,72,72,72,72,72,66,66,66,66,62,65,65,65,65,16,79,88,88,69,69,53,53,59,59,59,59,59,34,64,53,53,0],"gold":57,"neow_bonus":"TEN_PERCENT_HP_BONUS","is_prod":false,"is_daily":false,"chose_seed":false,"campfire_upgraded":8,"win_rate":0,"timestamp":1550876373,"path_taken":["M","M","M","?","?","E","?","?","T","R","E","R","M","E","R","BOSS","M","$","?","?","?","R","?","?","T","?","E","M","R","$","R","BOSS","M","?","M","$","M","R","M","R","T","$","?","E","R","M","R","BOSS"],"build_version":"2019-01-23","purchased_purges":2,"victory":false,"max_hp_per_floor":[88,88,88,88,88,88,88,88,88,88,88,88,88,88,88,88,88,91,91,91,91,91,91,94,94,94,94,97,100,100,100,100,100,100,103,103,103,103,103,103,103,103,103,103,103,103,103,103,103,103],"card_choices":[{"not_picked":["Sentinel","Corruption"],"picked":"Shrug It Off","floor":1},{"not_picked":["Heavy Blade","Flex","Clash"],"picked":"SKIP","floor":2},{"not_picked":["Evolve","Sword Boomerang"],"picked":"Whirlwind","floor":3},{"not_picked":["Hemokinesis","Sever Soul"],"picked":"Battle Trance","floor":6},{"not_picked":["Entrench","Cleave"],"picked":"Clothesline","floor":8},{"not_picked":["Flex","Rupture"],"picked":"Impervious","floor":11},{"not_picked":["Perfected Strike","Thunderclap","Clothesline"],"picked":"SKIP","floor":13},{"not_picked":["Perfected Strike","Searing Blow"],"picked":"Rampage","floor":14},{"not_picked":["Offering","Berserk"],"picked":"Feed","floor":16},{"not_picked":["Heavy Blade","Second Wind"],"picked":"Flex","floor":18},{"not_picked":["Warcry","Uppercut"],"picked":"Carnage","floor":24},{"not_picked":["Thunderclap","Iron Wave+1"],"picked":"Dropkick","floor":28},{"not_picked":["Flex","Sword Boomerang"],"picked":"Seeing Red","floor":29},{"not_picked":["Brutality+1","Exhume"],"picked":"Impervious","floor":33},{"not_picked":["Rupture+1","Clash"],"picked":"Shockwave","floor":35},{"not_picked":["Secret Technique","Violence"],"picked":"Enlightenment","floor":36},{"not_picked":["Feel No Pain+1","Havoc","Sentinel+1"],"picked":"SKIP","floor":37},{"not_picked":["Second Wind","Shrug It Off"],"picked":"Pummel","floor":39},{"not_picked":["Cleave+1","Sword Boomerang"],"picked":"Corruption+1","floor":46},{"not_picked":["Dual Wield+1","Anger+1"],"picked":"Metallicize+1","floor":48}],"player_experience":724048,"relics_obtained":[{"floor":6,"key":"Matryoshka"},{"floor":9,"key":"Lantern"},{"floor":9,"key":"Mercury Hourglass"},{"floor":11,"key":"War Paint"},{"floor":14,"key":"The Courier"},{"floor":26,"key":"Letter Opener"},{"floor":26,"key":"Pantograph"},{"floor":28,"key":"Frozen Egg 2"},{"floor":43,"key":"Happy Flower"},{"floor":46,"key":"Bronze Scales"},{"floor":46,"key":"Molten Egg 2"}],"event_choices":[{"damage_healed":0,"gold_gain":0,"player_choice":"Entered Light","damage_taken":18,"max_hp_gain":0,"max_hp_loss":0,"event_name":"Shining Light","floor":4,"gold_loss":0,"cards_upgraded":["Defend_R","Defend_R"]},{"damage_healed":29,"gold_gain":0,"player_choice":"Banana","damage_taken":0,"max_hp_gain":0,"max_hp_loss":0,"event_name":"Big Fish","floor":5,"gold_loss":0},{"damage_healed":0,"gold_gain":0,"player_choice":"Got Potions","damage_taken":0,"max_hp_gain":0,"max_hp_loss":0,"event_name":"Lab","floor":7,"gold_loss":0},{"damage_healed":0,"gold_gain":0,"player_choice":"Read","damage_taken":0,"max_hp_gain":0,"max_hp_loss":0,"event_name":"The Library","floor":20,"gold_loss":0,"cards_obtained":["Metallicize"]},{"cards_removed":["Strike_R"],"damage_healed":0,"gold_gain":0,"player_choice":"Gave Gold","damage_taken":0,"max_hp_gain":0,"max_hp_loss":0,"event_name":"Beggar","floor":21,"gold_loss":75},{"damage_healed":0,"gold_gain":100,"player_choice":"Pray","damage_taken":0,"max_hp_gain":0,"max_hp_loss":0,"event_name":"Golden Shrine","floor":22,"gold_loss":0},{"damage_healed":0,"gold_gain":99,"player_choice":"Stole From Cult","damage_taken":0,"max_hp_gain":0,"max_hp_loss":0,"event_name":"Nest","floor":25,"gold_loss":0},{"damage_healed":0,"gold_gain":0,"cards_transformed":["Strike_R","Strike_R"],"player_choice":"Became Test Subject","damage_taken":0,"max_hp_gain":0,"max_hp_loss":0,"event_name":"Drug Dealer","floor":27,"gold_loss":0,"cards_obtained":["Rampage","Clothesline"]},{"damage_healed":0,"gold_gain":0,"player_choice":"Memory 1","damage_taken":0,"max_hp_gain":0,"max_hp_loss":0,"event_name":"SensoryStone","floor":36,"gold_loss":0},{"damage_healed":0,"gold_gain":0,"player_choice":"Trade","damage_taken":0,"relics_obtained":["GremlinMask"],"max_hp_gain":0,"max_hp_loss":0,"event_name":"FaceTrader","floor":45,"gold_loss":0}],"is_beta":false,"boss_relics":[{"not_picked":["Cursed Key","Astrolabe"],"picked":"Philosopher\u0027s Stone"},{"not_picked":["Lizard Tail","Coffee Dripper"],"picked":"Black Star"}],"items_purged_floors":[19,38],"is_endless":false,"potions_floor_spawned":[2,8,14,16,18,39,46],"killed_by":"Awakened One","ascension_level":6}