{"gold_per_floor":[117,132,82,42,42,42,77,91,114,114,126,151,168,202,202,306,306,324,274,285,81,98,98,133,133,159,159,159,82,92,103,103,205,205,215,263,279,292,292,292,35,52,52,67,77,77,77,77,77,77],"floor_reached":51,"playtime":3504,"items_purged":["Strike_G"],"score":1216,"play_id":"b40992fc-ea2b-4673-a9e4-aa3d382b446b","local_time":"20190210133216","is_ascension_mode":true,"campfire_choices":[{"data":"Neutralize","floor":6,"key":"SMITH"},{"floor":10,"key":"REST"},{"data":"Footwork","floor":15,"key":"SMITH"},{"data":"Crippling Poison","floor":23,"key":"SMITH"},{"data":"Footwork","floor":25,"key":"SMITH"},{"data":"Footwork","floor":28,"key":"SMITH"},{"data":"Catalyst","floor":32,"key":"SMITH"},{"data":"Footwork","floor":40,"key":"SMITH"},{"data":"Well Laid Plans","floor":47,"key":"SMITH"},{"data":"Burst","floor":49,"key":"SMITH"}],"neow_cost":"NONE","seed_source_timestamp":5153749656087,"circlet_count":0,"master_deck":["AscendersBane","Defend_G","Defend_G","Defend_G","Defend_G","Defend_G","Strike_G","Strike_G","Survivor","Neutralize+1","Burst+1","Deadly Poison","Footwork+1","Crippling Poison+1","Footwork+1","Cloak And Dagger","Leg Sweep","Backflip","After Image+1","Dagger Spray+1","Catalyst+1","Deadly Poison","Footwork+1","Bouncing Flask","Caltrops+1","Die Die Die","Footwork+1","Well Laid Plans+1","Grand Finale"],"relics":["Ring of the Snake","Potion Belt","Bag of Marbles","Centennial Puzzle","FossilizedHelix","Velvet Choker","Bronze Scales","Snake Skull","MutagenicStrength","Eternal Feather","Dead Branch","Strawberry","Girya"],"potions_floor_usage":[7,7,14,20,24,24,33,33,36,37,45,45,50,50,50],"damage_taken":[{"damage":0,"enemies":"2 Louse","floor":1,"turns":3},{"damage":0,"enemies":"Cultist","floor":2,"turns":5},{"damage":33,"enemies":"3 Sentries","floor":7,"turns":17},{"damage":1,"enemies":"Jaw Worm","floor":8,"turns":5},{"damage":4,"enemies":"Gremlin Gang","floor":11,"turns":5},{"damage":4,"enemies":"Exordium Thugs","floor":13,"turns":6},{"damage":0,"enemies":"Lagavulin","floor":14,"turns":12},{"damage":0,"enemies":"The Guardian","floor":16,"turns":14},{"damage":0,"enemies":"Shell Parasite","floor":18,"turns":7},{"damage":0,"enemies":"Chosen","floor":20,"turns":7},{"damage":10,"enemies":"3 Cultists","floor":22,"turns":7},{"damage":20,"enemies":"Gremlin Leader","floor":24,"turns":8},{"damage":0,"enemies":"Snecko","floor":30,"turns":4},{"damage":0,"enemies":"Snake Plant","floor":31,"turns":2},{"damage":0,"enemies":"Collector","floor":33,"turns":8},{"damage":0,"enemies":"3 Shapes","floor":35,"turns":2},{"damage":22,"enemies":"2 Orb Walkers","floor":36,"turns":5},{"damage":5,"enemies":"3 Darklings","floor":37,"turns":3},{"damage":0,"enemies":"Maw","floor":38,"turns":3},{"damage":0,"enemies":"Writhing Mass","floor":42,"turns":5},{"damage":10,"enemies":"Spire Growth","floor":44,"turns":9},{"damage":7,"enemies":"Transient","floor":45,"turns":5},{"damage":8,"enemies":"Time Eater","floor":50,"turns":5}],"seed_played":"3567867964872025533","potions_obtained":[{"floor":4,"key":"Swift Potion"},{"floor":4,"key":"SpeedPotion"},{"floor":4,"key":"SkillPotion"},{"floor":8,"key":"PowerPotion"},{"floor":11,"key":"Fruit Juice"},{"floor":13,"key":"LiquidBronze"},{"floor":16,"key":"Strength Potion"},{"floor":18,"key":"GamblersBrew"},{"floor":30,"key":"SpeedPotion"},{"floor":31,"key":"PowerPotion"},{"floor":33,"key":"SteroidPotion"},{"floor":35,"key":"Energy Potion"},{"floor":37,"key":"SteroidPotion"},{"floor":44,"key":"Fire Potion"},{"floor":45,"key":"EssenceOfSteel"}],"is_trial":false,"path_per_floor":["?","?","M","T","M","?","M","$","?","?","?","M","?","?"],"character_chosen":"THE_SILENT","items_purchased":["Catalyst","Deadly Poison","Bouncing Flask","Strawberry","FairyPotion"],"campfire_rested":1,"item_purchase_floors":[21,21,29,41,41],"current_hp_per_floor":[63,63,63,63,63,63,30,29,29,50,46,46,42,42,42,42,63,63,63,68,68,58,58,38,38,38,38,38,38,38,38,38,38,66,66,44,39,39,39,54,61,61,61,51,44,44,59,59,74,66],"gold":77,"neow_bonus":"ONE_RANDOM_RARE_CARD","is_prod":false,"is_daily":false,"chose_seed":false,"campfire_upgraded":9,"win_rate":0,"timestamp":1549801936,"path_taken":["M","M","?","?","$","R","E","M","T","R","?","?","?","E","R","BOSS","M","?","?","?","M","R","E","R","T","?","R","$","M","M","R","BOSS","M","?","M","M","?","R","$","?","T","M","M","?","R","?","R","BOSS"],"build_version":"2019-01-23","purchased_purges":1,"victory":true,"max_hp_per_floor":[70,70,70,70,70,70,70,70,70,70,70,70,70,70,70,70,70,70,70,75,75,75,75,75,75,75,75,75,75,75,75,75,75,75,75,75,75,75,75,75,82,82,82,82,82,78,78,78,78,78],"card_choices":[{"not_picked":["Quick Slash","Poisoned Stab"],"picked":"Deadly Poison","floor":1},{"not_picked":["Dodge and Roll","PiercingWail"],"picked":"Footwork","floor":2},{"not_picked":["Predator","Bane"],"picked":"Crippling Poison","floor":7},{"not_picked":["Acrobatics","Dagger Spray"],"picked":"Footwork","floor":8},{"not_picked":["Deflect","Sucker Punch"],"picked":"Cloak And Dagger","floor":11},{"not_picked":["Slice","Calculated Gamble"],"picked":"Leg Sweep","floor":13},{"not_picked":["Burst","Finisher"],"picked":"Backflip","floor":14},{"not_picked":["Unload","Doppelganger"],"picked":"After Image","floor":16},{"not_picked":["Eviscerate","Riddle With Holes"],"picked":"Dagger Spray+1","floor":18},{"not_picked":["Dagger Spray+1","Choke","Tactician"],"picked":"SKIP","floor":20},{"not_picked":["Slice+1","Flying Knee+1","Skewer"],"picked":"SKIP","floor":22},{"not_picked":["Expertise+1","Envenom"],"picked":"Footwork","floor":24},{"not_picked":["Accuracy","Reflex+1","Underhanded Strike"],"picked":"SKIP","floor":30},{"not_picked":["Flying Knee+1","PiercingWail"],"picked":"Caltrops+1","floor":31},{"not_picked":["Unload","Storm of Steel"],"picked":"Die Die Die","floor":33},{"not_picked":["PiercingWail","Blade Dance","Quick Slash"],"picked":"SKIP","floor":35},{"not_picked":["Caltrops","Flying Knee"],"picked":"Footwork","floor":36},{"not_picked":["Bane+1","Expertise","Concentrate+1"],"picked":"SKIP","floor":37},{"not_picked":["Acrobatics","Escape Plan+1","Finisher"],"picked":"SKIP","floor":38},{"not_picked":["Tactician+1","Poisoned Stab","Bane"],"picked":"SKIP","floor":42},{"not_picked":["Venomology","PiercingWail"],"picked":"Well Laid Plans","floor":44},{"not_picked":["Dagger Throw","Flechettes+1","Quick Slash"],"picked":"SKIP","floor":45}],"player_experience":321195,"relics_obtained":[{"floor":7,"key":"Potion Belt"},{"floor":9,"key":"Bag of Marbles"},{"floor":12,"key":"Centennial Puzzle"},{"floor":14,"key":"FossilizedHelix"},{"floor":24,"key":"Bronze Scales"},{"floor":26,"key":"Snake Skull"},{"floor":36,"key":"Dead Branch"},{"floor":43,"key":"Girya"}],"event_choices":[{"cards_removed":["Strike_G"],"damage_healed":0,"gold_gain":0,"player_choice":"Card Removal","damage_taken":0,"max_hp_gain":0,"max_hp_loss":0,"event_name":"The Cleric","floor":3,"gold_loss":50},{"damage_healed":0,"gold_gain":0,"player_choice":"Bought 3 Potions","damage_taken":0,"max_hp_gain":0,"max_hp_loss":0,"event_name":"The Woman in Blue","floor":4,"gold_loss":0},{"damage_healed":0,"gold_gain":0,"player_choice":"Bet on Murderer","damage_taken":0,"max_hp_gain":0,"max_hp_loss":0,"event_name":"The Joust","floor":19,"gold_loss":50},{"damage_healed":0,"gold_gain":0,"player_choice":"Inject Mutagens","damage_taken":0,"relics_obtained":["MutagenicStrength"],"max_hp_gain":0,"max_hp_loss":0,"event_name":"Drug Dealer","floor":27,"gold_loss":0},{"damage_healed":0,"gold_gain":0,"player_choice":"Fight","damage_taken":0,"max_hp_gain":0,"max_hp_loss":0,"event_name":"Mysterious Sphere","floor":36,"gold_loss":0},{"damage_healed":0,"gold_gain":0,"player_choice":"Upgraded","damage_taken":0,"max_hp_gain":0,"max_hp_loss":0,"event_name":"Upgrade Shrine","floor":39,"gold_loss":0,"cards_upgraded":["After Image"]},{"damage_healed":0,"gold_gain":0,"player_choice":"Max HP","damage_taken":0,"max_hp_gain":0,"max_hp_loss":4,"event_name":"Winding Halls","floor":46,"gold_loss":0},{"damage_healed":0,"gold_gain":0,"cards_transformed":["Strike_G"],"player_choice":"Transformed","damage_taken":0,"max_hp_gain":0,"max_hp_loss":0,"event_name":"Transmorgrifier","floor":48,"gold_loss":0,"cards_obtained":["Grand Finale"]}],"is_beta":false,"boss_relics":[{"not_picked":["Black Star","Sozu"],"picked":"Velvet Choker"},{"not_picked":["Pandora\u0027s Box","Astrolabe"],"picked":"Eternal Feather"}],"items_purged_floors":[21],"is_endless":false,"potions_floor_spawned":[8,11,13,16,18,30,31,33,35,37,44,45],"ascension_level":10}