{"gold_per_floor":[118,118,134,134,59,84,100,132,132,132,32,107,139,139,139,139],"floor_reached":16,"playtime":749,"items_purged":["Shame","Strike_B"],"score":197,"play_id":"fb349b2b-254b-42ba-9b41-3658756b9c68","local_time":"20190114123525","is_ascension_mode":true,"campfire_choices":[{"floor":10,"key":"REST"},{"floor":15,"key":"REST"}],"neow_cost":"CURSE","seed_source_timestamp":1958364334709122,"circlet_count":0,"master_deck":["Strike_B+1","Strike_B","Defend_B","Defend_B","Defend_B+1","Defend_B","Zap","Dualcast","Rainbow","Defragment","BootSequence","Capacitor","FTL","Auto Shields"],"relics":["Cracked Core","Juzu Bracelet","Sundial","Centennial Puzzle","Molten Egg 2"],"potions_floor_usage":[],"damage_taken":[{"damage":4,"enemies":"Small Slimes","floor":1,"turns":3},{"damage":4,"enemies":"Jaw Worm","floor":3,"turns":3},{"damage":12,"enemies":"Lagavulin","floor":6,"turns":8},{"damage":0,"enemies":"2 Louse","floor":7,"turns":2},{"damage":31,"enemies":"3 Sentries","floor":8,"turns":9},{"damage":0,"enemies":"Lagavulin","floor":13,"turns":7},{"damage":35,"enemies":"Slime Boss","floor":16,"turns":9}],"seed_played":"4583869286663034009","potions_obtained":[{"floor":6,"key":"FocusPotion"},{"floor":8,"key":"Poison Potion"}],"is_trial":false,"path_per_floor":["M","?","M","?","$","E","M","E","T","R","$","?","E","?","R","B"],"character_chosen":"DEFECT","items_purchased":[],"campfire_rested":2,"item_purchase_floors":[],"current_hp_per_floor":[64,64,60,45,45,33,33,2,2,24,24,13,13,13,35,0],"gold":139,"neow_bonus":"THREE_RARE_CARDS","is_prod":false,"is_daily":false,"chose_seed":false,"campfire_upgraded":0,"win_rate":0,"timestamp":1547490925,"path_taken":["M","?","M","?","$","E","M","E","T","R","?","?","E","?","R","BOSS"],"build_version":"2019-01-10","purchased_purges":2,"victory":false,"max_hp_per_floor":[75,75,75,75,75,75,75,75,75,75,75,75,75,75,75,75],"card_choices":[{"not_picked":["Thunder Strike","Reboot"],"picked":"Rainbow","floor":0},{"not_picked":["Stack","Turbo","Leap"],"picked":"SKIP","floor":1},{"not_picked":["Coolheaded","Turbo"],"picked":"Defragment","floor":3},{"not_picked":["Steam Power","Coolheaded"],"picked":"BootSequence","floor":6},{"not_picked":["Double Energy","Steam"],"picked":"Capacitor","floor":7},{"not_picked":["Stack","Capacitor"],"picked":"FTL","floor":8},{"not_picked":["Sunder","Reinforced Body"],"picked":"Auto Shields","floor":13}],"player_experience":597938,"relics_obtained":[{"floor":6,"key":"Juzu Bracelet"},{"floor":8,"key":"Sundial"},{"floor":9,"key":"Centennial Puzzle"},{"floor":13,"key":"Molten Egg 2"}],"event_choices":[{"cards_removed":["Strike_B"],"damage_healed":0,"gold_gain":0,"player_choice":"Forget","damage_taken":0,"max_hp_gain":0,"max_hp_loss":0,"event_name":"Living Wall","floor":2,"gold_loss":0},{"damage_healed":0,"gold_gain":0,"player_choice":"Entered Light","damage_taken":15,"max_hp_gain":0,"max_hp_loss":0,"event_name":"Shining Light","floor":4,"gold_loss":0,"cards_upgraded":["Strike_B","Defend_B"]},{"damage_healed":0,"gold_gain":75,"player_choice":"Gather Gold","damage_taken":11,"max_hp_gain":0,"max_hp_loss":0,"event_name":"World of Goop","floor":12,"gold_loss":0},{"damage_healed":0,"gold_gain":0,"player_choice":"Ignored","damage_taken":0,"max_hp_gain":0,"max_hp_loss":0,"event_name":"Liars Game","floor":14,"gold_loss":0}],"is_beta":false,"boss_relics":[],"items_purged_floors":[5,11],"is_endless":false,"potions_floor_spawned":[6,8],"killed_by":"Slime Boss","ascension_level":8}