{"gold_per_floor":[115,132,132,145,164,164,199,274,274,310,102,102,115,136,136,136],"floor_reached":16,"playtime":782,"items_purged":["Strike_R"],"score":185,"play_id":"bf5f37db-3794-4652-83c8-4457633bb93a","local_time":"20190129203644","is_ascension_mode":true,"campfire_choices":[{"data":"Bash","floor":6,"key":"SMITH"},{"data":"Feed","floor":12,"key":"SMITH"},{"data":"Ghostly Armor","floor":15,"key":"SMITH"}],"neow_cost":"NONE","seed_source_timestamp":1654418155759273,"circlet_count":0,"master_deck":["AscendersBane","Strike_R+1","Strike_R","Strike_R","Defend_R","Defend_R","Defend_R","Defend_R","Bash+1","Ghostly Armor+1","Cleave+1","Rampage","Feed+1","Feel No Pain"],"relics":["Burning Blood","Golden Idol","Bag of Marbles","Red Skull","The Courier","Whetstone"],"potions_floor_usage":[7,10],"damage_taken":[{"damage":0,"enemies":"Small Slimes","floor":1,"turns":5},{"damage":5,"enemies":"Cultist","floor":2,"turns":5},{"damage":0,"enemies":"Jaw Worm","floor":4,"turns":4},{"damage":4,"enemies":"2 Fungi Beasts","floor":5,"turns":4},{"damage":20,"enemies":"Lagavulin","floor":7,"turns":5},{"damage":15,"enemies":"3 Sentries","floor":10,"turns":9},{"damage":0,"enemies":"3 Louse","floor":13,"turns":1},{"damage":7,"enemies":"Large Slime","floor":14,"turns":4},{"damage":52,"enemies":"Hexaghost","floor":16,"turns":9}],"seed_played":"6507420793663817123","potions_obtained":[{"floor":1,"key":"Energy Potion"},{"floor":2,"key":"FearPotion"},{"floor":4,"key":"AttackPotion"},{"floor":7,"key":"Poison Potion"}],"is_trial":false,"path_per_floor":["M","M","?","M","M","R","E","?","T","E","$","R","M","M","R","B"],"character_chosen":"IRONCLAD","items_purchased":["Feel No Pain","Whetstone"],"campfire_rested":0,"item_purchase_floors":[11,11],"current_hp_per_floor":[78,79,59,65,67,67,53,45,45,39,39,39,45,48,48,0],"gold":136,"neow_bonus":"REMOVE_CARD","is_prod":false,"is_daily":false,"chose_seed":false,"campfire_upgraded":3,"win_rate":0,"timestamp":1548812204,"path_taken":["M","M","?","M","M","R","E","?","T","E","$","R","M","?","R","BOSS"],"build_version":"2019-01-23","purchased_purges":1,"victory":false,"max_hp_per_floor":[80,80,80,80,80,80,80,80,80,83,83,83,83,87,87,87],"card_choices":[{"not_picked":["Reckless Charge","Wild Strike"],"picked":"Ghostly Armor","floor":1},{"not_picked":["Warcry","Rampage"],"picked":"Cleave","floor":2},{"not_picked":["Thunderclap","True Grit","Wild Strike"],"picked":"SKIP","floor":4},{"not_picked":["Warcry","Searing Blow"],"picked":"Rampage","floor":5},{"not_picked":["Warcry","Wild Strike"],"picked":"Feed","floor":7},{"not_picked":["Cleave","Wild Strike","Evolve"],"picked":"SKIP","floor":10},{"not_picked":["Heavy Blade","Body Slam","Wild Strike"],"picked":"SKIP","floor":13},{"not_picked":["Perfected Strike","Blood for Blood","Evolve"],"picked":"SKIP","floor":14}],"player_experience":513828,"relics_obtained":[{"floor":7,"key":"Bag of Marbles"},{"floor":9,"key":"Red Skull"},{"floor":10,"key":"The Courier"}],"event_choices":[{"damage_healed":0,"gold_gain":0,"player_choice":"Take Damage","damage_taken":20,"relics_obtained":["Golden Idol"],"max_hp_gain":0,"max_hp_loss":0,"event_name":"Golden Idol","floor":3,"gold_loss":0},{"damage_healed":0,"gold_gain":75,"player_choice":"Touch","damage_taken":8,"max_hp_gain":0,"max_hp_loss":0,"event_name":"FaceTrader","floor":8,"gold_loss":0}],"is_beta":false,"boss_relics":[],"items_purged_floors":[11],"is_endless":false,"potions_floor_spawned":[1,2,4,7],"killed_by":"Hexaghost","ascension_level":13}