{"gold_per_floor":[215,229,244,319,332,332,343,343,343,343,29,29,29,42,42,42],"floor_reached":16,"playtime":855,"items_purged":["Strike_G"],"score":124,"play_id":"9d91155c-9bca-4d0a-ab63-94a38b0358e3","local_time":"20190114200200","is_ascension_mode":true,"campfire_choices":[{"floor":6,"key":"REST"},{"data":"Neutralize","floor":8,"key":"SMITH"},{"data":"Distraction","floor":13,"key":"SMITH"},{"data":"Terror","floor":15,"key":"SMITH"}],"neow_cost":"NONE","seed_source_timestamp":270321527440496,"circlet_count":0,"master_deck":["Defend_G","Defend_G","Defend_G","Defend_G","Defend_G","Strike_G","Strike_G","Strike_G","Strike_G","Survivor","Neutralize+1","Terror+1","Distraction+1","Backflip","Acrobatics","Flying Knee","Blur"],"relics":["Ring of the Snake","Bag of Marbles","Question Card"],"potions_floor_usage":[3,5],"damage_taken":[{"damage":0,"enemies":"2 Louse","floor":1,"turns":5},{"damage":0,"enemies":"Jaw Worm","floor":2,"turns":4},{"damage":2,"enemies":"Small Slimes","floor":3,"turns":5},{"damage":27,"enemies":"Exordium Thugs","floor":5,"turns":9},{"damage":12,"enemies":"3 Louse","floor":7,"turns":8},{"damage":0,"enemies":"Large Slime","floor":14,"turns":12},{"damage":42,"enemies":"Slime Boss","floor":16,"turns":10}],"seed_played":"4028849085067541782","potions_obtained":[{"floor":2,"key":"Regen Potion"},{"floor":3,"key":"Dexterity Potion"}],"is_trial":false,"path_per_floor":["M","M","M","?","M","R","M","R","T","?","$","?","R","M","R","B"],"character_chosen":"THE_SILENT","items_purchased":["Question Card"],"campfire_rested":1,"item_purchase_floors":[11],"current_hp_per_floor":[63,63,66,55,28,49,37,37,37,60,60,60,60,60,60,18],"gold":42,"neow_bonus":"HUNDRED_GOLD","is_prod":false,"is_daily":false,"chose_seed":false,"campfire_upgraded":3,"win_rate":0,"timestamp":1547492520,"path_taken":["M","M","M","?","M","R","M","R","T","?","$","?","R","M","R","BOSS"],"build_version":"2019-01-10","purchased_purges":1,"victory":false,"max_hp_per_floor":[70,70,70,70,70,70,70,70,70,70,70,70,70,70,70,70],"card_choices":[{"not_picked":["Bane","Prepared"],"picked":"Terror","floor":1},{"not_picked":["Terror","Catalyst"],"picked":"Distraction","floor":2},{"not_picked":["Quick Slash","Tactician"],"picked":"Backflip","floor":3},{"not_picked":["Expertise","Concentrate"],"picked":"Acrobatics","floor":5},{"not_picked":["Dodge and Roll","Riddle With Holes"],"picked":"Flying Knee","floor":7},{"not_picked":["Prepared","Acrobatics","Sucker Punch"],"picked":"Blur","floor":14}],"player_experience":511703,"relics_obtained":[{"floor":9,"key":"Bag of Marbles"}],"event_choices":[{"damage_healed":0,"gold_gain":75,"player_choice":"Gather Gold","damage_taken":11,"max_hp_gain":0,"max_hp_loss":0,"event_name":"World of Goop","floor":4,"gold_loss":0},{"damage_healed":23,"gold_gain":0,"player_choice":"Banana","damage_taken":0,"max_hp_gain":0,"max_hp_loss":0,"event_name":"Big Fish","floor":10,"gold_loss":0},{"damage_healed":0,"gold_gain":0,"player_choice":"Ignored","damage_taken":0,"max_hp_gain":0,"max_hp_loss":0,"event_name":"Liars Game","floor":12,"gold_loss":0}],"is_beta":false,"boss_relics":[],"items_purged_floors":[11],"is_endless":false,"potions_floor_spawned":[2,3],"killed_by":"Slime Boss","ascension_level":7}