{"gold_per_floor":[16,91,91,91,103,103,123,138,138,167,180,16,16,27,27,128,128,138,237,253,267,267,267,284,15,15,43,43,70,70,102,102,203,203,219,219,238,238,256,284,284,310,310,53,53,69,69,88,88,88],"floor_reached":51,"playtime":2883,"items_purged":["Defend_B","Writhe"],"score":1105,"play_id":"727b4bfd-64c7-4930-99cd-b53369d2a343","local_time":"20190302191740","is_ascension_mode":true,"campfire_choices":[{"floor":6,"key":"REST"},{"floor":13,"key":"REST"},{"data":"Go for the Eyes","floor":15,"key":"SMITH"},{"data":"Seek","floor":23,"key":"SMITH"},{"data":"1","floor":30,"key":"LIFT"},{"data":"2","floor":32,"key":"LIFT"},{"floor":41,"key":"REST"},{"data":"Creative AI","floor":45,"key":"SMITH"},{"data":"3","floor":47,"key":"LIFT"},{"floor":49,"key":"REST"}],"neow_cost":"NO_GOLD","seed_source_timestamp":16146140082715,"circlet_count":0,"master_deck":["Strike_B+1","Strike_B","Strike_B+1","Defend_B","Defend_B","Zap","Dualcast","Compile Driver","Go for the Eyes+1","Conserve Battery","Cold Snap","Beam Cell","Seek+1","Core Surge","Capacitor","Go for the Eyes","Biased Cognition+1","Glacier+1","Hologram","Melter+1","Ball Lightning","Rebound","Redo+1","Coolheaded+1","Creative AI+1","Reprogram+1","Beam Cell+1","Consume+1","Leap+1","Core Surge","Turbo+1"],"relics":["Cracked Core","Girya","Meat on the Bone","Dream Catcher","Nuclear Battery","Lantern","Regal Pillow","Bag of Preparation","Art of War","Juzu Bracelet","Cursed Key","Torii","Peace Pipe","Dodecahedron","Vajra"],"potions_floor_usage":[7,10,16,20,27,33,42,48,50,50],"damage_taken":[{"damage":4,"enemies":"Jaw Worm","floor":1,"turns":3},{"damage":12,"enemies":"Small Slimes","floor":5,"turns":3},{"damage":0,"enemies":"2 Louse","floor":7,"turns":2},{"damage":7,"enemies":"Large Slime","floor":8,"turns":5},{"damage":29,"enemies":"Lagavulin","floor":10,"turns":7},{"damage":7,"enemies":"Red Slaver","floor":11,"turns":2},{"damage":6,"enemies":"Looter","floor":14,"turns":3},{"damage":15,"enemies":"The Guardian","floor":16,"turns":13},{"damage":0,"enemies":"Chosen","floor":18,"turns":4},{"damage":20,"enemies":"Spheric Guardian","floor":20,"turns":4},{"damage":0,"enemies":"Cultist and Chosen","floor":21,"turns":8},{"damage":0,"enemies":"Sentry and Sphere","floor":24,"turns":3},{"damage":0,"enemies":"Book of Stabbing","floor":27,"turns":5},{"damage":12,"enemies":"Gremlin Leader","floor":31,"turns":9},{"damage":39,"enemies":"Automaton","floor":33,"turns":13},{"damage":0,"enemies":"Orb Walker","floor":35,"turns":2},{"damage":15,"enemies":"3 Darklings","floor":37,"turns":6},{"damage":2,"enemies":"Transient","floor":39,"turns":5},{"damage":30,"enemies":"Giant Head","floor":40,"turns":10},{"damage":0,"enemies":"Nemesis","floor":42,"turns":5},{"damage":20,"enemies":"Sphere and 2 Shapes","floor":46,"turns":5},{"damage":0,"enemies":"Writhing Mass","floor":48,"turns":6},{"damage":60,"enemies":"Awakened One","floor":50,"turns":16}],"seed_played":"7170426388911075640","potions_obtained":[{"floor":7,"key":"Fruit Juice"},{"floor":8,"key":"Poison Potion"},{"floor":11,"key":"Weak Potion"},{"floor":14,"key":"Energy Potion"},{"floor":18,"key":"Explosive Potion"},{"floor":21,"key":"Regen Potion"},{"floor":27,"key":"SkillPotion"},{"floor":31,"key":"Ancient Potion"},{"floor":35,"key":"Energy Potion"},{"floor":48,"key":"LiquidBronze"}],"is_trial":false,"path_per_floor":["M","?","?","?","M","R","M","M","T","E","M","$","R","M","R","B",null,"M","?","M","M","?","R","M","$","T","E","?","T","R","E","R","B",null,"M","?","M","?","M","E","R","E","T","$","R","M","R","M","R","B",null],"character_chosen":"DEFECT","items_purchased":["Core Surge","Lantern","Rebound","Vajra"],"campfire_rested":4,"item_purchase_floors":[12,25,25,44],"current_hp_per_floor":[64,53,38,31,19,41,46,39,39,22,27,27,51,45,45,42,71,71,71,51,51,51,51,51,51,51,65,50,50,50,50,50,23,70,70,70,55,55,53,35,74,74,74,74,74,54,54,54,81,33],"gold":88,"neow_bonus":"ONE_RARE_RELIC","is_prod":false,"is_daily":false,"chose_seed":false,"campfire_upgraded":3,"win_rate":0,"timestamp":1551550660,"path_taken":["M","?","?","?","M","R","M","M","T","E","M","$","R","?","R","BOSS","M","?","M","M","?","R","?","?","T","E","?","?","R","E","R","BOSS","M","?","M","?","M","E","R","E","T","$","R","M","R","M","R","BOSS"],"build_version":"2019-01-23","purchased_purges":2,"victory":true,"max_hp_per_floor":[75,75,75,75,75,75,80,80,80,80,80,80,80,80,80,80,80,80,80,80,80,80,80,80,80,80,80,85,85,85,85,85,85,85,85,85,85,81,81,81,81,81,81,81,81,81,81,81,81,81],"card_choices":[{"not_picked":["Undo","Steam"],"picked":"Compile Driver","floor":1},{"not_picked":["Cold Snap","Reprogram"],"picked":"Go for the Eyes","floor":5},{"not_picked":["Storm","Coolheaded"],"picked":"Conserve Battery","floor":7},{"not_picked":["Lockon","Static Discharge"],"picked":"Cold Snap","floor":8},{"not_picked":["Compile Driver","Stack"],"picked":"Beam Cell","floor":10},{"not_picked":["Steam Power","Barrage"],"picked":"Seek","floor":11},{"not_picked":["Turbo","Cold Snap"],"picked":"Capacitor","floor":13},{"not_picked":["Redo","Genetic Algorithm"],"picked":"Go for the Eyes","floor":14},{"not_picked":["Meteor Strike","Fission"],"picked":"Biased Cognition","floor":16},{"not_picked":["Rip and Tear","Ball Lightning"],"picked":"Glacier+1","floor":18},{"not_picked":["Redo","Static Discharge"],"picked":"Hologram","floor":20},{"not_picked":["Streamline","Beam Cell"],"picked":"Melter+1","floor":21},{"not_picked":["Storm","Hello World+1"],"picked":"Ball Lightning","floor":24},{"not_picked":["Static Discharge","Ball Lightning+1"],"picked":"Redo+1","floor":27},{"not_picked":["Barrage","Gash+1"],"picked":"Coolheaded+1","floor":31},{"not_picked":["Electrodynamics","Machine Learning"],"picked":"Creative AI","floor":33},{"not_picked":["Gash","Steam"],"picked":"Reprogram+1","floor":35},{"not_picked":["Sweeping Beam","Streamline+1"],"picked":"Beam Cell+1","floor":37},{"not_picked":["Darkness","Lockon"],"picked":"Consume+1","floor":39},{"not_picked":["Consume+1","Hyperbeam"],"picked":"Leap+1","floor":40},{"not_picked":["Meteor Strike","Gash"],"picked":"Core Surge","floor":42},{"not_picked":["Undo","Static Discharge+1"],"picked":"Turbo+1","floor":46},{"not_picked":["Coolheaded","Cold Snap+1","Go for the Eyes"],"picked":"SKIP","floor":48}],"player_experience":822799,"relics_obtained":[{"floor":9,"key":"Meat on the Bone"},{"floor":10,"key":"Dream Catcher"},{"floor":26,"key":"Regal Pillow"},{"floor":27,"key":"Bag of Preparation"},{"floor":29,"key":"Art of War"},{"floor":31,"key":"Juzu Bracelet"},{"floor":40,"key":"Torii"},{"floor":42,"key":"Peace Pipe"},{"floor":43,"key":"Dodecahedron"}],"event_choices":[{"damage_healed":0,"gold_gain":75,"player_choice":"Gather Gold","damage_taken":11,"max_hp_gain":0,"max_hp_loss":0,"event_name":"World of Goop","floor":2,"gold_loss":0},{"damage_healed":0,"gold_gain":0,"player_choice":"Entered Light","damage_taken":15,"max_hp_gain":0,"max_hp_loss":0,"event_name":"Shining Light","floor":3,"gold_loss":0,"cards_upgraded":["Strike_B","Strike_B"]},{"cards_removed":["Strike_B"],"damage_healed":0,"gold_gain":0,"player_choice":"Card Removal","damage_taken":7,"max_hp_gain":0,"max_hp_loss":0,"event_name":"Golden Wing","floor":4,"gold_loss":0},{"damage_healed":0,"gold_gain":99,"player_choice":"Stole From Cult","damage_taken":0,"max_hp_gain":0,"max_hp_loss":0,"event_name":"Nest","floor":19,"gold_loss":0},{"damage_healed":0,"gold_gain":0,"player_choice":"Forge","damage_taken":0,"max_hp_gain":0,"max_hp_loss":0,"event_name":"Accursed Blacksmith","floor":22,"gold_loss":0,"cards_upgraded":["Biased Cognition"]},{"damage_healed":0,"gold_gain":0,"player_choice":"Shed Blood","damage_taken":20,"max_hp_gain":5,"max_hp_loss":0,"event_name":"Forgotten Altar","floor":28,"gold_loss":0},{"cards_removed":["Defend_B"],"damage_healed":0,"gold_gain":0,"player_choice":"Purged","damage_taken":0,"max_hp_gain":0,"max_hp_loss":0,"event_name":"Purifier","floor":36,"gold_loss":0},{"damage_healed":0,"gold_gain":0,"player_choice":"Max HP","damage_taken":0,"max_hp_gain":0,"max_hp_loss":4,"event_name":"Winding Halls","floor":38,"gold_loss":0}],"is_beta":false,"boss_relics":[{"not_picked":["Lizard Tail","Fusion Hammer"],"picked":"Nuclear Battery"},{"not_picked":["Philosopher\u0027s Stone","Black Star"],"picked":"Cursed Key"}],"items_purged_floors":[25,44],"is_endless":false,"potions_floor_spawned":[7,8,11,14,18,21,27,31,35,39,48],"ascension_level":9}