{"gold_per_floor":[118,138,138,11,24,24,49,65,92,106,28,28,28,47,47,47],"floor_reached":16,"playtime":609,"items_purged":["Regret"],"score":163,"play_id":"a9ddb766-043b-4922-8158-50939007be76","local_time":"20190227183347","is_ascension_mode":true,"campfire_choices":[{"data":"Armaments","floor":6,"key":"SMITH"},{"floor":15,"key":"REST"}],"neow_cost":"NONE","seed_source_timestamp":91080715235893,"circlet_count":0,"master_deck":["AscendersBane","Strike_R","Strike_R","Strike_R+1","Strike_R+1","Strike_R","Defend_R","Defend_R","Defend_R","Defend_R","Bash","Clothesline","Armaments+1","Uppercut","Whirlwind","Metallicize","Flame Barrier","Reaper","Rage"],"relics":["Burning Blood","Potion Belt","Whetstone","Centennial Puzzle","Golden Idol"],"potions_floor_usage":[16,16],"damage_taken":[{"damage":10,"enemies":"Small Slimes","floor":1,"turns":4},{"damage":5,"enemies":"2 Louse","floor":2,"turns":3},{"damage":10,"enemies":"Jaw Worm","floor":5,"turns":5},{"damage":54,"enemies":"3 Sentries","floor":7,"turns":12},{"damage":0,"enemies":"3 Louse","floor":8,"turns":1},{"damage":24,"enemies":"Large Slime","floor":10,"turns":8},{"damage":14,"enemies":"2 Fungi Beasts","floor":14,"turns":4},{"damage":40,"enemies":"The Guardian","floor":16,"turns":8}],"seed_played":"3872802526268270162","potions_obtained":[{"floor":8,"key":"Strength Potion"},{"floor":14,"key":"LiquidBronze"}],"is_trial":false,"path_per_floor":["M","M","?","$","M","R","E","M","T","M","$","?","?","M","R","B"],"character_chosen":"IRONCLAD","items_purchased":["Armaments","Reaper"],"campfire_rested":1,"item_purchase_floors":[4,11],"current_hp_per_floor":[76,77,77,77,73,73,25,31,31,13,13,13,13,13,37,0],"gold":47,"neow_bonus":"TEN_PERCENT_HP_BONUS","is_prod":false,"is_daily":false,"chose_seed":false,"campfire_upgraded":1,"win_rate":0,"timestamp":1551288827,"path_taken":["M","M","?","$","M","R","E","M","T","M","$","?","?","M","R","BOSS"],"build_version":"2019-01-23","purchased_purges":1,"victory":false,"max_hp_per_floor":[88,88,88,88,88,88,88,88,88,88,88,81,81,81,81,81],"card_choices":[{"not_picked":["Warcry","Rupture","Anger"],"picked":"SKIP","floor":1},{"not_picked":["Seeing Red","Disarm"],"picked":"Clothesline","floor":2},{"not_picked":["Clothesline","Flame Barrier"],"picked":"Uppercut","floor":5},{"not_picked":["Dual Wield","Seeing Red"],"picked":"Whirlwind","floor":7},{"not_picked":["Wild Strike","Pommel Strike"],"picked":"Metallicize","floor":8},{"not_picked":["Sword Boomerang","Warcry"],"picked":"Flame Barrier","floor":10},{"not_picked":["Headbutt","Flame Barrier"],"picked":"Rage","floor":14}],"player_experience":779514,"relics_obtained":[{"floor":7,"key":"Whetstone"},{"floor":9,"key":"Centennial Puzzle"}],"event_choices":[{"damage_healed":0,"gold_gain":0,"player_choice":"Box","damage_taken":0,"relics_obtained":["Potion Belt"],"max_hp_gain":0,"max_hp_loss":0,"event_name":"Big Fish","floor":3,"gold_loss":0,"cards_obtained":["Regret"]},{"damage_healed":0,"gold_gain":0,"player_choice":"Lose Max HP","damage_taken":0,"relics_obtained":["Golden Idol"],"max_hp_gain":0,"max_hp_loss":7,"event_name":"Golden Idol","floor":12,"gold_loss":0},{"damage_healed":0,"gold_gain":0,"player_choice":"Leave","damage_taken":0,"max_hp_gain":0,"max_hp_loss":0,"event_name":"The Cleric","floor":13,"gold_loss":0}],"is_beta":false,"boss_relics":[],"items_purged_floors":[4],"is_endless":false,"potions_floor_spawned":[8,14],"killed_by":"The Guardian","ascension_level":12}