{"gold_per_floor":[111,121,141,141,155,155,187,198,270,288,316,316,316,332,332,332],"floor_reached":16,"playtime":1283,"items_purged":[],"score":131,"play_id":"7ecfa5d9-48c5-4611-b864-1bbc6b47a3b8","local_time":"20181231230332","is_ascension_mode":true,"campfire_choices":[{"data":"Zap","floor":6.0,"key":"SMITH"},{"data":"Genetic Algorithm","floor":15.0,"key":"SMITH"}],"neow_cost":"NONE","seed_source_timestamp":785494912326816,"circlet_count":0,"master_deck":["Strike_B","Strike_B","Strike_B","Defend_B","Defend_B","Defend_B","Defend_B","Zap+1","Dualcast","Deep Breath","Cold Snap","Conserve Battery","Coolheaded","BootSequence","Genetic Algorithm+1","Coolheaded"],"special_seed":0,"relics":["Cracked Core","Bronze Scales","Calipers","Sundial","Vajra","Regal Pillow"],"potions_floor_usage":[],"damage_taken":[{"damage":2.0,"enemies":"Jaw Worm","floor":1.0,"turns":3.0},{"damage":1.0,"enemies":"Cultist","floor":2.0,"turns":3.0},{"damage":11.0,"enemies":"Small Slimes","floor":3.0,"turns":4.0},{"damage":2.0,"enemies":"2 Fungi Beasts","floor":5.0,"turns":3.0},{"damage":22.0,"enemies":"3 Sentries","floor":7.0,"turns":9.0},{"damage":0.0,"enemies":"Exordium Wildlife","floor":8.0,"turns":4.0},{"damage":9.0,"enemies":"Lots of Slimes","floor":10.0,"turns":3.0},{"damage":22.0,"enemies":"Gremlin Nob","floor":11.0,"turns":5.0},{"damage":3.0,"enemies":"Gremlin Gang","floor":14.0,"turns":4.0},{"damage":16,"enemies":"Hexaghost","floor":16,"turns":11}],"seed_played":"1937541242162101333","potions_obtained":[{"floor":1.0,"key":"SpeedPotion"},{"floor":3.0,"key":"Regen Potion"},{"floor":5.0,"key":"Energy Potion"},{"floor":11.0,"key":"SpeedPotion"}],"is_trial":false,"path_per_floor":["M","M","M","?","M","R","E","M","T","M","E","?","?","M","R","B"],"character_chosen":"DEFECT","items_purchased":[],"campfire_rested":0,"item_purchase_floors":[],"current_hp_per_floor":[73,72,61,61,59,59,37,37,37,28,20,20,13,10,10,0],"gold":332,"neow_bonus":"RANDOM_COLORLESS","is_prod":false,"is_daily":false,"chose_seed":false,"campfire_upgraded":2,"win_rate":0,"timestamp":1546319012,"path_taken":["M","M","M","?","M","R","E","M","T","?","E","?","?","M","R","BOSS"],"build_version":"2018-12-20","purchased_purges":0,"victory":false,"max_hp_per_floor":[75,75,75,75,75,75,75,75,75,75,75,75,75,75,75,75],"card_choices":[{"not_picked":["Turbo","Scrape","Double Energy"],"picked":"SKIP","floor":1.0},{"not_picked":["Double Energy","Sweeping Beam"],"picked":"White Noise","floor":2.0},{"not_picked":["Tempest","Go for the Eyes"],"picked":"Cold Snap","floor":3.0},{"not_picked":["Static Discharge","Skim"],"picked":"Conserve Battery","floor":5.0},{"not_picked":["Rip and Tear","Seek"],"picked":"Coolheaded","floor":7.0},{"not_picked":["Lockon","Steam","Blizzard"],"picked":"SKIP","floor":8.0},{"not_picked":["Barrage","Compile Driver"],"picked":"BootSequence","floor":10.0},{"not_picked":["Rip and Tear","Rebound"],"picked":"Genetic Algorithm","floor":11.0},{"not_picked":["Recycle","Go for the Eyes"],"picked":"Coolheaded","floor":14.0}],"player_experience":405600,"relics_obtained":[{"floor":7.0,"key":"Calipers"},{"floor":9.0,"key":"Sundial"},{"floor":11.0,"key":"Vajra"}],"event_choices":[{"cards_removed":["White Noise"],"damage_healed":0.0,"max_hp_gain":0.0,"max_hp_loss":0.0,"gold_gain":0.0,"event_name":"WeMeetAgain","player_choice":"Gave Card","floor":4.0,"gold_loss":0.0,"damage_taken":0.0,"relics_obtained":["Bronze Scales"]},{"cards_removed":["Strike_B"],"damage_healed":0.0,"max_hp_gain":0.0,"max_hp_loss":0.0,"gold_gain":0.0,"event_name":"Living Wall","player_choice":"Forget","floor":12.0,"gold_loss":0.0,"damage_taken":0.0},{"damage_healed":0.0,"max_hp_gain":0.0,"max_hp_loss":0.0,"gold_gain":0.0,"event_name":"Scrap Ooze","player_choice":"Success","floor":13.0,"gold_loss":0.0,"damage_taken":7.0,"relics_obtained":["Regal Pillow"]}],"is_beta":false,"boss_relics":[],"items_purged_floors":[],"is_endless":false,"potions_floor_spawned":[1,3,5,11],"killed_by":"Hexaghost","ascension_level":3}