{"gold_per_floor":[112,112,122,122,122,156,169,195,195,208,44,56,74,0,0,100,100,114,114,129,129,149,149,184,200,251,261,280,280,296,296,296,391,391,402,420,443,443,461,461,490,501,528,528,528,539,539,549,549,549],"floor_reached":51,"playtime":2290,"items_purged":["Strike_B"],"score":763,"play_id":"1dcc36b3-d2f1-49a5-9b91-41c4c10d46f9","local_time":"20181001151338","is_ascension_mode":false,"campfire_choices":[{"floor":15,"key":"REST"},{"data":"Defragment","floor":23,"key":"SMITH"},{"data":"Auto Shields","floor":29,"key":"SMITH"},{"floor":32,"key":"REST"},{"data":"Seek","floor":40,"key":"SMITH"},{"floor":44,"key":"REST"},{"data":"Barrage","floor":49,"key":"SMITH"}],"neow_cost":"NONE","seed_source_timestamp":15671460180702,"circlet_count":0,"master_deck":["Strike_B","Strike_B+1","Defend_B","Defend_B","Defend_B","Defend_B","Zap+1","Dualcast","Defragment+1","Sweeping Beam+1","Reboot+1","Barrage+1","Auto Shields+1","Go for the Eyes","BootSequence","Turbo","Go for the Eyes","Seek+1","Electrodynamics","Cold Snap","Aggregate","Gash","Rebound","Gash","Cold Snap+1","Self Repair+1","Echo Form","Go for the Eyes","FTL","Scrape+1","Heatsinks+1","Steam"],"relics":["Cracked Core","NeowsBlessing","Darkstone Periapt","Letter Opener","Shuriken","White Beast Statue","MutagenicStrength","Bottled Tornado","Art of War","Blood Vial","Busted Crown","Regal Pillow","Lantern","Bronze Scales","GremlinMask"],"potions_floor_usage":[16,22,24,24,27,27,28,33,33,33,39,39,41,42,42,50,50,50,50,50,50],"damage_taken":[{"damage":0,"enemies":"Small Slimes","floor":1,"turns":1},{"damage":0,"enemies":"2 Louse","floor":3,"turns":1},{"damage":0,"enemies":"Lagavulin","floor":6,"turns":1},{"damage":0,"enemies":"Cultist","floor":7,"turns":3},{"damage":19,"enemies":"Gremlin Nob","floor":8,"turns":4},{"damage":7,"enemies":"Blue Slaver","floor":10,"turns":3},{"damage":0,"enemies":"Exordium Wildlife","floor":12,"turns":2},{"damage":0,"enemies":"Red Slaver","floor":13,"turns":3},{"damage":33,"enemies":"The Guardian","floor":16,"turns":12},{"damage":15,"enemies":"2 Thieves","floor":18,"turns":3},{"damage":13,"enemies":"Shell Parasite","floor":20,"turns":6},{"damage":1,"enemies":"3 Cultists","floor":22,"turns":3},{"damage":35,"enemies":"Book of Stabbing","floor":24,"turns":6},{"damage":0,"enemies":"Cultist and Chosen","floor":25,"turns":4},{"damage":2,"enemies":"Snecko","floor":27,"turns":3},{"damage":15,"enemies":"Snake Plant","floor":28,"turns":3},{"damage":0,"enemies":"Centurion and Healer","floor":30,"turns":4},{"damage":33,"enemies":"Collector","floor":33,"turns":7},{"damage":11,"enemies":"3 Darklings","floor":35,"turns":4},{"damage":0,"enemies":"3 Shapes","floor":36,"turns":2},{"damage":17,"enemies":"Transient","floor":39,"turns":5},{"damage":54,"enemies":"Giant Head","floor":41,"turns":10},{"damage":14,"enemies":"Maw","floor":42,"turns":6},{"damage":6,"enemies":"Sphere and 2 Shapes","floor":46,"turns":3},{"damage":10,"enemies":"4 Shapes","floor":48,"turns":3},{"damage":59,"enemies":"Time Eater","floor":50,"turns":11}],"seed_played":"5377000594289975629","potions_obtained":[{"floor":1,"key":"Poison Potion"},{"floor":10,"key":"SteroidPotion"},{"floor":12,"key":"SteroidPotion"},{"floor":16,"key":"Regen Potion"},{"floor":18,"key":"SkillPotion"},{"floor":22,"key":"Explosive Potion"},{"floor":24,"key":"Weak Potion"},{"floor":25,"key":"SteroidPotion"},{"floor":27,"key":"AttackPotion"},{"floor":28,"key":"Strength Potion"},{"floor":30,"key":"Ancient Potion"},{"floor":33,"key":"SteroidPotion"},{"floor":35,"key":"Block Potion"},{"floor":36,"key":"Weak Potion"},{"floor":39,"key":"PowerPotion"},{"floor":41,"key":"EssenceOfSteel"},{"floor":42,"key":"Explosive Potion"},{"floor":46,"key":"Regen Potion"},{"floor":48,"key":"EntropicBrew"}],"is_trial":false,"path_per_floor":["M","?","M","?","?","E","M","E","T","M","$","M","M","$","R","B",null,"M","?","M","?","M","R","E","M","T","M","M","R","M","?","R","B",null,"M","M","T","?","M","R","E","M","T","R","$","M","?","M","R","B"],"character_chosen":"DEFECT","items_purchased":["BootSequence","Turbo","Regen Potion"],"campfire_rested":3,"item_purchase_floors":[11,11,14],"current_hp_per_floor":[75,60,60,60,60,60,60,41,41,34,34,34,34,34,56,38,75,60,60,47,75,74,74,39,39,39,37,22,22,22,22,44,23,75,74,75,75,75,68,68,26,14,14,51,51,57,57,59,59,27],"gold":549,"neow_bonus":"THREE_ENEMY_KILL","is_prod":false,"is_daily":false,"chose_seed":false,"campfire_upgraded":4,"win_rate":0,"timestamp":1538399618,"path_taken":["M","?","M","?","?","E","M","E","T","?","$","?","M","?","R","BOSS","M","?","M","?","M","R","E","?","T","M","M","R","M","?","R","BOSS","M","M","?","?","M","R","E","M","T","R","?","?","?","M","R","BOSS"],"build_version":"2018-09-27","purchased_purges":1,"victory":true,"max_hp_per_floor":[75,75,75,75,75,75,75,75,75,75,75,75,75,75,75,75,75,75,75,75,75,75,75,75,75,75,75,75,75,75,75,75,75,75,75,75,75,75,75,75,75,75,75,75,75,75,75,75,75,75],"card_choices":[{"not_picked":["Cold Snap","Compile Driver"],"picked":"Defragment","floor":1},{"not_picked":["Compile Driver","Coolheaded"],"picked":"Sweeping Beam","floor":3},{"not_picked":["Barrage","Streamline"],"picked":"Reboot","floor":6},{"not_picked":["Capacitor","Streamline"],"picked":"Barrage","floor":7},{"not_picked":["Streamline","Conserve Battery"],"picked":"Auto Shields","floor":8},{"not_picked":["Turbo","Rainbow"],"picked":"Go for the Eyes","floor":10},{"not_picked":["Storm","Chill"],"picked":"Go for the Eyes","floor":12},{"not_picked":["Hologram","Ball Lightning"],"picked":"Seek","floor":13},{"not_picked":["Hyperbeam","Core Surge"],"picked":"Electrodynamics","floor":16},{"not_picked":["Streamline","Lockon","Turbo"],"picked":"SKIP","floor":18},{"not_picked":["Conserve Battery","Streamline"],"picked":"Cold Snap","floor":20},{"not_picked":["Coolheaded","Doom and Gloom"],"picked":"Aggregate","floor":22},{"not_picked":["Conserve Battery","Static Discharge"],"picked":"Gash","floor":24},{"not_picked":["Compile Driver","Fission"],"picked":"Rebound","floor":25},{"not_picked":["Leap","Coolheaded+1"],"picked":"Gash","floor":27},{"not_picked":["Ball Lightning","Sweeping Beam"],"picked":"Cold Snap+1","floor":28},{"not_picked":["Rip and Tear","Compile Driver"],"picked":"Self Repair+1","floor":30},{"not_picked":["Core Surge","Biased Cognition"],"picked":"Echo Form","floor":33},{"not_picked":[],"picked":"Go for the Eyes","floor":35},{"not_picked":[],"picked":"FTL","floor":36},{"not_picked":["Streamline"],"picked":"SKIP","floor":39},{"not_picked":[],"picked":"Scrape+1","floor":41},{"not_picked":["Ball Lightning"],"picked":"SKIP","floor":42},{"not_picked":[],"picked":"Heatsinks+1","floor":46},{"not_picked":[],"picked":"Steam","floor":48}],"player_experience":176006,"relics_obtained":[{"floor":6,"key":"Darkstone Periapt"},{"floor":8,"key":"Letter Opener"},{"floor":9,"key":"Shuriken"},{"floor":24,"key":"Bottled Tornado"},{"floor":26,"key":"Art of War"},{"floor":37,"key":"Regal Pillow"},{"floor":41,"key":"Lantern"},{"floor":43,"key":"Bronze Scales"}],"event_choices":[{"event_name":"Shining Light","player_choice":"Entered Light","floor":2,"damage_taken":0},{"event_name":"Living Wall","player_choice":"Grow","floor":4,"damage_taken":0},{"event_name":"Purifier","player_choice":"One Purge","floor":5,"damage_taken":0},{"event_name":"Drug Dealer","player_choice":"Inject Mutagens","floor":19,"damage_taken":0},{"event_name":"Wheel of Change","player_choice":"Full Heal","floor":21,"damage_taken":0},{"event_name":"The Mausoleum","player_choice":"Yes","floor":31,"damage_taken":0},{"event_name":"Upgrade Shrine","player_choice":"Upgraded","floor":38,"damage_taken":0},{"event_name":"FaceTrader","player_choice":"Trade","floor":47,"damage_taken":0}],"is_beta":false,"boss_relics":[{"not_picked":["Fusion Hammer","Velvet Choker"],"picked":"White Beast Statue"},{"not_picked":["Calling Bell","Eternal Feather"],"picked":"Busted Crown"}],"items_purged_floors":[11],"is_endless":false,"potions_floor_spawned":[1,10,12,16,18,20,22,24,25,27,28,30,33,35,36,39,41,42,46,48],"ascension_level":0}