{"gold_per_floor":[119,134,154,167,185,216,216,50,50,75,91,125,143,159,159,258,258,258,258,258,258,258,258,258,81,81,81,81,81,81,81,81,81,81,81,81,81,81,81,81,81,81,81,81,81,81,81,81,81,81],"floor_reached":51,"playtime":5723,"items_purged":["Strike_G","Strike_G"],"score":658,"play_id":"0eeca7bd-2754-4e5f-a1d4-c79eaaa8516b","local_time":"20181005051655","is_ascension_mode":false,"campfire_choices":[{"floor":7,"key":"REST"},{"floor":15,"key":"REST"},{"data":"Adrenaline","floor":23,"key":"SMITH"},{"data":"Noxious Fumes","floor":27,"key":"SMITH"},{"floor":29,"key":"REST"},{"floor":32,"key":"REST"},{"floor":40,"key":"REST"},{"data":"Terror","floor":42,"key":"SMITH"},{"data":"A Thousand Cuts","floor":44,"key":"SMITH"},{"floor":49,"key":"REST"}],"neow_cost":"NONE","seed_source_timestamp":44486688077419,"circlet_count":0,"master_deck":["Defend_G","Defend_G","Defend_G","Defend_G+1","Defend_G","Strike_G","Strike_G","Strike_G","Survivor+1","Neutralize","Deadly Poison","Backflip","Prepared","Infinite Blades","Blade Dance","Adrenaline+1","Cloak And Dagger","Noxious Fumes","Dagger Throw+1","A Thousand Cuts+1","Terror+1","Doppelganger","Well Laid Plans","Dagger Throw+1","Dagger Throw+1","Backflip","Catalyst","Noxious Fumes+1","Footwork+1","Malaise","Backflip","Reflex","Backflip+1"],"relics":["Ring of the Snake","War Paint","Blue Candle","Molten Egg 2","Ninja Scroll","Bag of Marbles","Ectoplasm","Blood Vial","Sozu","Pen Nib","Strawberry"],"potions_floor_usage":[6,21,50,50,50],"damage_taken":[{"damage":1,"enemies":"Cultist","floor":1,"turns":5},{"damage":0,"enemies":"Jaw Worm","floor":2,"turns":3},{"damage":0,"enemies":"2 Louse","floor":3,"turns":4},{"damage":7,"enemies":"Blue Slaver","floor":4,"turns":4},{"damage":8,"enemies":"Gremlin Gang","floor":5,"turns":7},{"damage":24,"enemies":"Gremlin Nob","floor":6,"turns":5},{"damage":1,"enemies":"Lagavulin","floor":10,"turns":7},{"damage":0,"enemies":"Exordium Wildlife","floor":11,"turns":5},{"damage":13,"enemies":"3 Sentries","floor":12,"turns":8},{"damage":2,"enemies":"Exordium Thugs","floor":13,"turns":3},{"damage":2,"enemies":"Gremlin Gang","floor":14,"turns":3},{"damage":31,"enemies":"Hexaghost","floor":16,"turns":9},{"damage":3,"enemies":"Shell Parasite","floor":18,"turns":4},{"damage":0,"enemies":"3 Byrds","floor":20,"turns":4},{"damage":5,"enemies":"Snake Plant","floor":21,"turns":4},{"damage":15,"enemies":"Centurion and Healer","floor":22,"turns":6},{"damage":4,"enemies":"Cultist and Chosen","floor":24,"turns":4},{"damage":26,"enemies":"Snake Plant","floor":28,"turns":5},{"damage":6,"enemies":"Centurion and Healer","floor":30,"turns":6},{"damage":0,"enemies":"Cultist and Chosen","floor":31,"turns":4},{"damage":27,"enemies":"Collector","floor":33,"turns":7},{"damage":5,"enemies":"Orb Walker","floor":35,"turns":3},{"damage":16,"enemies":"3 Darklings","floor":36,"turns":5},{"damage":4,"enemies":"Transient","floor":37,"turns":5},{"damage":2,"enemies":"Spire Growth","floor":38,"turns":5},{"damage":15,"enemies":"3 Darklings","floor":41,"turns":5},{"damage":0,"enemies":"Reptomancer","floor":46,"turns":4},{"damage":0,"enemies":"Maw","floor":47,"turns":6},{"damage":22,"enemies":"3 Darklings","floor":48,"turns":5},{"damage":26,"enemies":"Donu and Deca","floor":50,"turns":8}],"seed_played":"-2415312802324204540","potions_obtained":[{"floor":2,"key":"Dexterity Potion"},{"floor":5,"key":"SkillPotion"},{"floor":10,"key":"EssenceOfSteel"},{"floor":11,"key":"Ancient Potion"},{"floor":18,"key":"Block Potion"},{"floor":21,"key":"Explosive Potion"}],"is_trial":false,"path_per_floor":["M","M","M","M","M","E","R","$","T","E","M","E","M","M","R","B",null,"M","?","M","M","M","R","M","$","T","R","M","R","M","M","R","B",null,"M","M","M","M","?","R","M","R","T","R","T","M","M","M","R","B"],"character_chosen":"THE_SILENT","items_purchased":["Cloak And Dagger","Noxious Fumes","Noxious Fumes"],"campfire_rested":6,"item_purchase_floors":[8,8,25],"current_hp_per_floor":[69,69,69,62,54,30,51,51,51,50,50,37,35,33,54,23,70,67,67,67,62,47,47,43,43,43,43,19,40,36,38,59,34,70,65,51,49,49,49,70,55,55,55,55,62,64,66,46,69,45],"gold":81,"neow_bonus":"RANDOM_COMMON_RELIC","is_prod":false,"is_daily":false,"chose_seed":false,"campfire_upgraded":4,"win_rate":0,"timestamp":1538709415,"path_taken":["M","M","M","M","M","E","R","$","T","E","?","E","M","M","R","BOSS","M","?","M","M","M","R","M","$","T","R","M","R","M","?","R","BOSS","M","M","?","M","?","R","M","R","T","R","?","M","M","M","R","BOSS"],"build_version":"2018-09-20","purchased_purges":2,"victory":true,"max_hp_per_floor":[70,70,70,70,70,70,70,70,70,70,70,70,70,70,70,70,70,70,70,70,70,70,70,70,70,70,70,70,70,70,70,70,70,70,70,70,70,70,70,70,70,70,70,70,77,77,77,77,77,77],"card_choices":[{"not_picked":["Poisoned Stab","Bane"],"picked":"Deadly Poison","floor":1},{"not_picked":["Caltrops","Deflect"],"picked":"Backflip","floor":2},{"not_picked":["Outmaneuver","Deflect"],"picked":"Prepared","floor":3},{"not_picked":["Tools of the Trade","Well Laid Plans"],"picked":"Infinite Blades","floor":4},{"not_picked":["Quick Slash","Bane"],"picked":"Blade Dance","floor":5},{"not_picked":["Flechettes","Footwork"],"picked":"Adrenaline","floor":6},{"not_picked":["Predator+1","Eviscerate+1","Underhanded Strike+1"],"picked":"SKIP","floor":10},{"not_picked":["Acrobatics","Sucker Punch+1","Riddle With Holes+1"],"picked":"SKIP","floor":11},{"not_picked":["Blade Dance","Underhanded Strike+1"],"picked":"Dagger Throw+1","floor":12},{"not_picked":["Prepared","PiercingWail"],"picked":"A Thousand Cuts","floor":13},{"not_picked":["Underhanded Strike+1","Deadly Poison"],"picked":"Terror","floor":14},{"not_picked":["Night Terror","Wraith Form v2"],"picked":"Doppelganger","floor":16},{"not_picked":["Acrobatics","Terror","Masterful Stab+1"],"picked":"SKIP","floor":18},{"not_picked":["Deflect+1","Quick Slash+1"],"picked":"Dagger Throw+1","floor":20},{"not_picked":["Underhanded Strike+1","Acrobatics"],"picked":"Dagger Throw+1","floor":21},{"not_picked":["Acrobatics","Well Laid Plans+1"],"picked":"Backflip","floor":22},{"not_picked":["Expertise","Slice+1"],"picked":"Catalyst","floor":24},{"not_picked":["Quick Slash+1","Slice+1"],"picked":"Footwork+1","floor":28},{"not_picked":["Poisoned Stab+1","Quick Slash+1","Flechettes+1"],"picked":"SKIP","floor":30},{"not_picked":["Well Laid Plans","Underhanded Strike+1","Distraction+1"],"picked":"SKIP","floor":31},{"not_picked":["Envenom","Night Terror"],"picked":"Malaise","floor":33},{"not_picked":["Slice+1","Choke+1"],"picked":"Backflip","floor":35},{"not_picked":["Dodge and Roll+1","Masterful Stab+1","Sucker Punch+1"],"picked":"SKIP","floor":36},{"not_picked":["Bouncing Flask","Poisoned Stab+1","Outmaneuver"],"picked":"SKIP","floor":37},{"not_picked":["Skewer+1","Masterful Stab+1","Deflect"],"picked":"SKIP","floor":38},{"not_picked":["Caltrops+1","Die Die Die+1","Masterful Stab+1"],"picked":"SKIP","floor":41},{"not_picked":["Heel Hook+1","Terror","Quick Slash+1"],"picked":"SKIP","floor":46},{"not_picked":["Bane+1","Well Laid Plans+1"],"picked":"Reflex","floor":47},{"not_picked":["PiercingWail","Dagger Throw+1"],"picked":"Backflip+1","floor":48}],"player_experience":93884,"relics_obtained":[{"floor":6,"key":"Blue Candle"},{"floor":9,"key":"Molten Egg 2"},{"floor":10,"key":"Ninja Scroll"},{"floor":12,"key":"Bag of Marbles"},{"floor":26,"key":"Blood Vial"},{"floor":43,"key":"Pen Nib"},{"floor":45,"key":"Strawberry"}],"event_choices":[{"event_name":"The Library","player_choice":"Read","floor":19,"damage_taken":0},{"event_name":"Golden Shrine","player_choice":"Pray","floor":39,"damage_taken":0}],"is_beta":false,"boss_relics":[{"not_picked":["Orrery","Runic Pyramid"],"picked":"Ectoplasm"},{"not_picked":["Philosopher\u0027s Stone","Velvet Choker"],"picked":"Sozu"}],"items_purged_floors":[8,25],"is_endless":false,"potions_floor_spawned":[2,5,10,11,12,13,18,21,22,28,41,48],"ascension_level":0}