{"gold_per_floor":[119,119,130,143,143,143,200,200,226,77,106,106,117,82,82,185,185,185,185,185,9,9,9,9,9,9,9,9,9,9,9,9,9,9,9,9,9,9,9],"floor_reached":39,"playtime":1837,"items_purged":["Strike_B"],"score":570,"play_id":"c79ba479-467b-4dcc-a79c-72a9c94e89a3","local_time":"20190302145828","is_ascension_mode":true,"campfire_choices":[{"data":"Skim","floor":6,"key":"SMITH"},{"data":"Glacier","floor":8,"key":"SMITH"},{"floor":12,"key":"REST"},{"data":"Auto Shields","floor":15,"key":"SMITH"},{"data":"Seek","floor":23,"key":"SMITH"},{"floor":25,"key":"REST"},{"floor":32,"key":"REST"}],"neow_cost":"NONE","seed_source_timestamp":1660568572092,"circlet_count":0,"master_deck":["Strike_B","Strike_B","Strike_B","Defend_B","Defend_B","Defend_B","Zap+1","Dualcast+1","Skim+1","Auto Shields+1","Cold Snap","Glacier+1","Core Surge","Ball Lightning","Compile Driver","Seek+1","Turbo","Apotheosis+1","Double Energy+1","Gash","Steam+1","Gash+1","Darkness+1","Leap+1","Creative AI","Self Repair","Scrape+1"],"relics":["Cracked Core","Tiny Chest","Boot","Torii","Ectoplasm","Toxic Egg 2","Blue Candle","Inserter","Dead Branch"],"potions_floor_usage":[11,33,33,33,36,38],"damage_taken":[{"damage":4,"enemies":"Jaw Worm","floor":1,"turns":3},{"damage":2,"enemies":"2 Louse","floor":3,"turns":2},{"damage":12,"enemies":"Small Slimes","floor":4,"turns":3},{"damage":23,"enemies":"3 Sentries","floor":7,"turns":9},{"damage":27,"enemies":"Lagavulin","floor":11,"turns":10},{"damage":6,"enemies":"Blue Slaver","floor":13,"turns":2},{"damage":3,"enemies":"The Guardian","floor":16,"turns":13},{"damage":4,"enemies":"3 Byrds","floor":18,"turns":5},{"damage":0,"enemies":"Shell Parasite","floor":22,"turns":5},{"damage":14,"enemies":"Cultist and Chosen","floor":24,"turns":6},{"damage":2,"enemies":"Snake Plant","floor":27,"turns":3},{"damage":13,"enemies":"Centurion and Healer","floor":29,"turns":6},{"damage":13,"enemies":"Chosen and Byrds","floor":30,"turns":5},{"damage":7,"enemies":"3 Cultists","floor":31,"turns":5},{"damage":64,"enemies":"Champ","floor":33,"turns":11},{"damage":13,"enemies":"Orb Walker","floor":35,"turns":4},{"damage":10,"enemies":"3 Shapes","floor":36,"turns":4},{"damage":36,"enemies":"Jaw Worm Horde","floor":38,"turns":8},{"damage":19,"enemies":"3 Darklings","floor":39,"turns":1}],"seed_played":"-6331283940202854802","potions_obtained":[{"floor":3,"key":"SkillPotion"},{"floor":13,"key":"Strength Potion"},{"floor":18,"key":"Swift Potion"},{"floor":22,"key":"Poison Potion"},{"floor":35,"key":"Energy Potion"},{"floor":36,"key":"EssenceOfSteel"}],"is_trial":false,"path_per_floor":["M","?","M","M","?","R","E","R","T","$","E","R","M","?","R","B",null,"M","?","?","$","M","R","M","R","T","M","?","M","M","M","R","B",null,"M","M","T","M","M"],"character_chosen":"DEFECT","items_purchased":["Core Surge","Apotheosis+1"],"campfire_rested":3,"item_purchase_floors":[10,21],"current_hp_per_floor":[64,69,67,55,55,55,32,32,32,32,5,29,23,43,43,40,70,66,66,66,66,66,66,52,76,76,74,74,61,48,41,65,1,60,47,44,44,18,0],"gold":9,"neow_bonus":"UPGRADE_CARD","is_prod":false,"is_daily":false,"chose_seed":false,"campfire_upgraded":4,"win_rate":0,"timestamp":1551535108,"path_taken":["M","?","M","M","?","R","E","R","T","$","E","R","M","?","R","BOSS","M","?","?","?","M","R","M","R","T","M","?","?","M","M","R","BOSS","M","M","?","M","M"],"build_version":"2019-01-23","purchased_purges":1,"victory":false,"max_hp_per_floor":[75,80,80,80,80,80,80,80,80,80,80,80,80,80,80,80,80,80,80,80,80,80,80,80,80,80,80,80,80,80,80,80,80,80,80,80,80,80,80],"card_choices":[{"not_picked":["Streamline","Genetic Algorithm"],"picked":"Skim","floor":1},{"not_picked":["Capacitor","Reinforced Body"],"picked":"Auto Shields","floor":3},{"not_picked":["Consume","Stack"],"picked":"Cold Snap","floor":4},{"not_picked":["Turbo","Hello World"],"picked":"Glacier","floor":7},{"not_picked":["Beam Cell","Coolheaded"],"picked":"Ball Lightning","floor":11},{"not_picked":["Steam Power","Storm"],"picked":"Compile Driver","floor":13},{"not_picked":["All For One","Core Surge"],"picked":"Seek","floor":16},{"not_picked":["Tempest","Fusion+1"],"picked":"Turbo","floor":18},{"not_picked":["Recycle+1","Conserve Battery+1"],"picked":"Double Energy+1","floor":22},{"not_picked":["Stack+1","Coolheaded+1"],"picked":"Gash","floor":24},{"not_picked":["Coolheaded+1","Stack+1"],"picked":"Steam+1","floor":27},{"not_picked":["Rebound","Redo+1"],"picked":"Gash+1","floor":29},{"not_picked":["Conserve Battery+1","Cold Snap"],"picked":"Darkness+1","floor":30},{"not_picked":["Cold Snap","Darkness+1"],"picked":"Leap+1","floor":31},{"not_picked":["Amplify+1","Reboot+1"],"picked":"Creative AI","floor":33},{"not_picked":["Hello World","Compile Driver"],"picked":"Self Repair","floor":35},{"not_picked":["Conserve Battery+1","Static Discharge","Barrage+1"],"picked":"SKIP","floor":36},{"not_picked":["Hello World","Reinforced Body+1"],"picked":"Scrape+1","floor":38}],"player_experience":819146,"relics_obtained":[{"floor":7,"key":"Tiny Chest"},{"floor":9,"key":"Boot"},{"floor":11,"key":"Torii"},{"floor":26,"key":"Blue Candle"},{"floor":37,"key":"Dead Branch"}],"event_choices":[{"damage_healed":0,"gold_gain":0,"player_choice":"Donut","damage_taken":0,"max_hp_gain":5,"max_hp_loss":0,"event_name":"Big Fish","floor":2,"gold_loss":0},{"damage_healed":0,"gold_gain":0,"player_choice":"Grow","damage_taken":0,"max_hp_gain":0,"max_hp_loss":0,"event_name":"Living Wall","floor":5,"gold_loss":0,"cards_upgraded":["Dualcast"]},{"damage_healed":20,"gold_gain":0,"player_choice":"Healed","damage_taken":0,"max_hp_gain":0,"max_hp_loss":0,"event_name":"The Cleric","floor":14,"gold_loss":35},{"damage_healed":0,"gold_gain":0,"player_choice":"Opened","damage_taken":0,"relics_obtained":["Toxic Egg 2"],"max_hp_gain":0,"max_hp_loss":0,"event_name":"The Mausoleum","floor":19,"gold_loss":0},{"damage_healed":0,"gold_gain":0,"player_choice":"Ignored","damage_taken":0,"max_hp_gain":0,"max_hp_loss":0,"event_name":"Vampires","floor":20,"gold_loss":0},{"cards_removed":["Defend_B"],"damage_healed":0,"gold_gain":0,"player_choice":"Elegance","damage_taken":0,"max_hp_gain":0,"max_hp_loss":0,"event_name":"Back to Basics","floor":28,"gold_loss":0}],"is_beta":false,"boss_relics":[{"not_picked":["Coffee Dripper","Astrolabe"],"picked":"Ectoplasm"},{"not_picked":["Snecko Eye","Black Star"],"picked":"Inserter"}],"items_purged_floors":[10],"is_endless":false,"potions_floor_spawned":[3,13,18,22,29,35,36],"killed_by":"3 Darklings","ascension_level":9}