{"gold_per_floor":[117,129,129,129,143,143,108,133,160,174,26,26,26,36,36,138,138,157,169,183,38,38],"floor_reached":22,"playtime":1159,"items_purged":["Strike_G"],"score":186,"play_id":"ba6a25bc-0dce-47a7-afc2-f71b50685b74","local_time":"20180721105758","is_ascension_mode":false,"campfire_choices":[{"data":"Dagger Spray","floor":6,"key":"SMITH"},{"floor":12,"key":"REST"},{"floor":15,"key":"REST"}],"neow_cost":"","seed_source_timestamp":667963469930945,"circlet_count":0,"master_deck":["Defend_G","Defend_G","Defend_G","Defend_G","Defend_G","Strike_G","Survivor","Neutralize","Noxious Fumes","All Out Attack+1","Dagger Spray+1","Footwork","Poisoned Stab","Distraction","Sucker Punch","Backflip","Adrenaline","Dash+1","Deflect+1","Slice","Bandage Up","Slice"],"relics":["Ring of the Snake","Pen Nib","Lantern","Empty Cage"],"potions_floor_usage":[16,16,16,20],"damage_taken":[{"damage":0,"enemies":"Jaw Worm","floor":1,"turns":6},{"damage":3,"enemies":"Cultist","floor":2,"turns":5},{"damage":0,"enemies":"Small Slimes","floor":5,"turns":4},{"damage":32,"enemies":"Gremlin Nob","floor":8,"turns":5},{"damage":4,"enemies":"3 Louse","floor":10,"turns":2},{"damage":0,"enemies":"Looter","floor":14,"turns":4},{"damage":33,"enemies":"The Guardian","floor":16,"turns":8},{"damage":18,"enemies":"Spheric Guardian","floor":18,"turns":7},{"damage":10,"enemies":"2 Thieves","floor":19,"turns":3},{"damage":41,"enemies":"Centurion and Healer","floor":20,"turns":11},{"damage":10,"enemies":"Snake Plant","floor":22,"turns":3}],"seed_played":"1779851705406425273","potions_obtained":[{"floor":2,"key":"Fruit Juice"},{"floor":8,"key":"GhostInAJar"},{"floor":10,"key":"Poison Potion"},{"floor":19,"key":"Block Potion"},{"floor":20,"key":"Weak Potion"}],"is_trial":false,"path_per_floor":["M","M","?","?","M","R","?","E","T","M","$","R","?","M","R","B",null,"M","M","M","$"],"character_chosen":"THE_SILENT","items_purchased":["Distraction","Bandage Up","Slice"],"campfire_rested":2,"item_purchase_floors":[11,21,21],"current_hp_per_floor":[70,67,67,67,67,67,70,38,38,34,34,55,55,55,70,42,75,57,47,6,6,0],"gold":38,"neow_bonus":"","is_prod":false,"is_daily":false,"chose_seed":false,"campfire_upgraded":1,"win_rate":0.0,"timestamp":1532163478,"path_taken":["M","M","?","?","M","R","?","E","T","M","$","R","?","M","R","BOSS","M","M","M","$","M"],"build_version":"2018-07-19v2","purchased_purges":1,"victory":false,"max_hp_per_floor":[70,70,70,70,70,70,70,70,70,70,70,70,70,70,70,75,75,75,75,75,75,75],"card_choices":[{"not_picked":["Underhanded Strike","Prepared"],"picked":"Noxious Fumes","floor":1},{"not_picked":["Dagger Throw","Dodge and Roll"],"picked":"All Out Attack","floor":2},{"not_picked":["Infinite Blades","Prepared"],"picked":"Dagger Spray","floor":5},{"not_picked":["A Thousand Cuts","Backflip"],"picked":"Footwork","floor":8},{"not_picked":["Prepared","All Out Attack"],"picked":"Poisoned Stab","floor":10},{"not_picked":["PiercingWail","Reflex"],"picked":"Backflip","floor":14},{"not_picked":["Venomology","Malaise"],"picked":"Adrenaline","floor":16},{"not_picked":["Dagger Throw+1","All Out Attack"],"picked":"Dash+1","floor":18},{"not_picked":["All Out Attack","Prepared+1"],"picked":"Deflect+1","floor":19},{"not_picked":["Dodge and Roll","Dagger Spray+1"],"picked":"Slice","floor":20}],"player_experience":7440,"relics_obtained":[{"floor":8,"key":"Pen Nib"},{"floor":9,"key":"Lantern"}],"event_choices":[{"event_name":"Upgrade Shrine","player_choice":"Upgraded","floor":3,"damage_taken":0},{"event_name":"Golden Idol","player_choice":"Ignored","floor":4,"damage_taken":0},{"event_name":"The Cleric","player_choice":"Healed","floor":7,"damage_taken":0},{"event_name":"Transmorgrifier","player_choice":"Transform","floor":13,"damage_taken":0}],"is_beta":false,"boss_relics":[{"not_picked":["Runic Pyramid","Fusion Hammer"],"picked":"Empty Cage"}],"items_purged_floors":[11],"is_endless":false,"potions_floor_spawned":[2,8,10,14,19,20],"killed_by":"Snake Plant","ascension_level":0}