{"gold_per_floor":[364,375,375,32,44,44,44,54,132,132,143,172,192,227,227,331,331,331,331,256,256,128,128,78,78,78,78,78,78,78,78,78,78,78,78,78,78,78,78,78,78,78,78,78,78,78,78],"floor_reached":47,"playtime":2451,"items_purged":["Decay","Defend_B","Defend_B"],"score":614,"play_id":"67734c5f-57cd-4573-8458-b76fdc0b2d19","local_time":"20190213135359","is_ascension_mode":true,"campfire_choices":[{"data":"Chill","floor":6,"key":"SMITH"},{"data":"Dualcast","floor":10,"key":"SMITH"},{"data":"Turbo","floor":15,"key":"SMITH"},{"data":"Machine Learning","floor":23,"key":"SMITH"},{"data":"Go for the Eyes","floor":29,"key":"SMITH"},{"data":"Blizzard","floor":32,"key":"SMITH"},{"data":"Echo Form","floor":40,"key":"SMITH"},{"floor":42,"key":"REST"},{"data":"Loop","floor":46,"key":"SMITH"}],"neow_cost":"CURSE","seed_source_timestamp":868368949703339,"circlet_count":0,"master_deck":["Zap","Dualcast+1","Chill+1","Self Repair","Go for the Eyes+1","Steam","Coolheaded","Gash","Sweeping Beam","Gash","Barrage","Turbo+1","Machine Learning+1","Chill","FTL","Glacier","Bite","Bite","Bite+1","Bite","Bite","Blizzard+1","Beam Cell","Hologram","Barrage","Capacitor+1","Echo Form+1","Sweeping Beam","Loop+1","Blizzard","Loop+1"],"relics":["Cracked Core","Runic Capacitor","Question Card","Smiling Mask","DataDisk","Ectoplasm","Boot","Red Mask","Tiny House","Turnip","Darkstone Periapt","Prayer Wheel","Vajra"],"potions_floor_usage":[12,14,16,18,39,44],"damage_taken":[{"damage":5,"enemies":"Cultist","floor":1,"turns":4},{"damage":0,"enemies":"2 Louse","floor":2,"turns":3},{"damage":9,"enemies":"Small Slimes","floor":5,"turns":3},{"damage":0,"enemies":"Exordium Wildlife","floor":8,"turns":5},{"damage":4,"enemies":"Looter","floor":11,"turns":3},{"damage":24,"enemies":"Gremlin Nob","floor":12,"turns":4},{"damage":0,"enemies":"Large Slime","floor":13,"turns":5},{"damage":22,"enemies":"Lagavulin","floor":14,"turns":7},{"damage":33,"enemies":"Hexaghost","floor":16,"turns":10},{"damage":7,"enemies":"3 Byrds","floor":18,"turns":4},{"damage":20,"enemies":"2 Thieves","floor":20,"turns":4},{"damage":0,"enemies":"Masked Bandits","floor":27,"turns":3},{"damage":3,"enemies":"Cultist and Chosen","floor":28,"turns":5},{"damage":5,"enemies":"Snake Plant","floor":30,"turns":3},{"damage":10,"enemies":"Sentry and Sphere","floor":31,"turns":6},{"damage":30,"enemies":"Champ","floor":33,"turns":10},{"damage":0,"enemies":"3 Darklings","floor":35,"turns":4},{"damage":0,"enemies":"Mind Bloom Boss Battle","floor":36,"turns":7},{"damage":7,"enemies":"Orb Walker","floor":39,"turns":4},{"damage":51,"enemies":"Nemesis","floor":41,"turns":8},{"damage":23,"enemies":"Giant Head","floor":44,"turns":9},{"damage":45,"enemies":"Nemesis","floor":47,"turns":2}],"seed_played":"6122663771656168537","potions_obtained":[{"floor":2,"key":"LiquidBronze"},{"floor":12,"key":"SteroidPotion"},{"floor":13,"key":"PowerPotion"},{"floor":14,"key":"PowerPotion"},{"floor":16,"key":"Explosive Potion"},{"floor":28,"key":"EssenceOfSteel"},{"floor":34,"key":"Strength Potion"},{"floor":41,"key":"PowerPotion"}],"is_trial":false,"path_per_floor":["M","M","?","$","M","R","$","M","T","R","M","E","M","E","R","B",null,"M","?","M","?","$","R","$","?","T","?","M","R","M","M","R","B",null,"M","?","?","$","M","R","E","R","T","E","?","R","E"],"character_chosen":"DEFECT","items_purchased":["Runic Capacitor","Go for the Eyes","Steam","Blizzard"],"campfire_rested":1,"item_purchase_floors":[4,4,4,22],"current_hp_per_floor":[70,70,63,63,61,61,61,68,68,68,71,54,61,46,46,27,75,75,75,62,52,52,52,52,52,52,52,52,52,52,52,52,51,57,57,57,54,54,54,54,28,44,44,40,40,40,0],"gold":78,"neow_bonus":"TWO_FIFTY_GOLD","is_prod":false,"is_daily":false,"chose_seed":false,"campfire_upgraded":8,"win_rate":0,"timestamp":1550062439,"path_taken":["M","?","?","$","M","R","$","M","T","R","M","E","M","E","R","BOSS","M","?","M","?","?","R","$","?","T","?","M","R","?","M","R","BOSS","M","?","?","$","M","R","E","R","T","E","?","R","E"],"build_version":"2019-01-23","purchased_purges":3,"victory":false,"max_hp_per_floor":[75,75,75,75,75,75,75,75,75,75,75,75,75,75,75,75,75,75,75,75,52,52,52,52,52,52,52,52,52,52,52,52,52,57,57,57,54,54,54,54,54,54,54,54,54,54,54],"card_choices":[{"not_picked":["Rebound","Ball Lightning"],"picked":"Chill","floor":1},{"not_picked":["Steam","Lockon"],"picked":"Self Repair","floor":2},{"not_picked":["Self Repair","Beam Cell"],"picked":"Coolheaded","floor":5},{"not_picked":["Hologram","Redo"],"picked":"Gash","floor":8},{"not_picked":["Compile Driver","Coolheaded","Storm"],"picked":"Sweeping Beam","floor":11},{"not_picked":["FTL","Redo","Tempest"],"picked":"Gash","floor":12},{"not_picked":["Steam","Aggregate","Sunder"],"picked":"Barrage","floor":13},{"not_picked":["Ball Lightning","Sunder","Hello World"],"picked":"Turbo","floor":14},{"not_picked":["Amplify","Biased Cognition","Buffer"],"picked":"Machine Learning","floor":16},{"not_picked":["Barrage+1","Gash","Force Field"],"picked":"Chill","floor":18},{"not_picked":["Force Field+1","Cold Snap","Barrage"],"picked":"Glacier","floor":20},{"not_picked":["Fusion","Go for the Eyes","Lockon"],"picked":"Beam Cell","floor":27},{"not_picked":["Rebound","Compile Driver","Steam Power+1"],"picked":"Hologram","floor":28},{"not_picked":["Fusion","Storm","Rebound"],"picked":"Barrage","floor":30},{"not_picked":["Sunder","Genetic Algorithm+1","Sweeping Beam"],"picked":"Capacitor+1","floor":31},{"not_picked":["Seek","Meteor Strike","Thunder Strike"],"picked":"Echo Form","floor":33},{"not_picked":["Beam Cell","BootSequence","Cold Snap"],"picked":"Sweeping Beam","floor":34},{"not_picked":["Compile Driver","Hologram","Streamline"],"picked":"Loop+1","floor":35},{"not_picked":["Streamline","Gash","Stack+1"],"picked":"Blizzard","floor":39},{"not_picked":["Reprogram","Aggregate+1","Turbo","Chill"],"picked":"SKIP","floor":41},{"not_picked":["Beam Cell+1","Hologram","Rainbow"],"picked":"Loop","floor":44}],"player_experience":621488,"relics_obtained":[{"floor":9,"key":"Question Card"},{"floor":12,"key":"Smiling Mask"},{"floor":14,"key":"DataDisk"},{"floor":26,"key":"Boot"},{"floor":27,"key":"Red Mask"},{"floor":36,"key":"Turnip"},{"floor":41,"key":"Darkstone Periapt"},{"floor":43,"key":"Prayer Wheel"},{"floor":44,"key":"Vajra"}],"event_choices":[{"cards_removed":["Defend_B"],"damage_healed":0,"gold_gain":0,"player_choice":"Card Removal","damage_taken":7,"max_hp_gain":0,"max_hp_loss":0,"event_name":"Golden Wing","floor":3,"gold_loss":0},{"damage_healed":0,"gold_gain":0,"player_choice":"Read","damage_taken":0,"max_hp_gain":0,"max_hp_loss":0,"event_name":"The Library","floor":19,"gold_loss":0,"cards_obtained":["FTL"]},{"damage_healed":0,"gold_gain":0,"player_choice":"Became a vampire","damage_taken":0,"max_hp_gain":0,"max_hp_loss":23,"event_name":"Vampires","floor":21,"gold_loss":0,"cards_obtained":["Bite","Bite","Bite","Bite","Bite"]},{"cards_removed":["Defend_B"],"damage_healed":0,"gold_gain":0,"player_choice":"Elegance","damage_taken":0,"max_hp_gain":0,"max_hp_loss":0,"event_name":"Back to Basics","floor":25,"gold_loss":0},{"damage_healed":0,"gold_gain":0,"player_choice":"Fought Bandits","damage_taken":0,"max_hp_gain":0,"max_hp_loss":0,"event_name":"Masked Bandits","floor":27,"gold_loss":0},{"damage_healed":0,"gold_gain":0,"player_choice":"Fight","damage_taken":0,"max_hp_gain":0,"max_hp_loss":0,"event_name":"MindBloom","floor":36,"gold_loss":0},{"damage_healed":0,"gold_gain":0,"player_choice":"Max HP","damage_taken":0,"max_hp_gain":0,"max_hp_loss":3,"event_name":"Winding Halls","floor":37,"gold_loss":0},{"damage_healed":0,"gold_gain":222,"player_choice":"Wore Mask","damage_taken":0,"max_hp_gain":0,"max_hp_loss":0,"event_name":"Tomb of Lord Red Mask","floor":45,"gold_loss":0}],"is_beta":false,"boss_relics":[{"not_picked":["Philosopher\u0027s Stone","Empty Cage"],"picked":"Ectoplasm"},{"not_picked":["Fusion Hammer","Pandora\u0027s Box"],"picked":"Tiny House"}],"items_purged_floors":[4,22,24],"is_endless":false,"potions_floor_spawned":[2,12,13,14,16,28,35,41],"killed_by":"Nemesis","ascension_level":4}