{"gold_per_floor":[116,116,132,151,165,165,199,214,214,226,83,83,118,118,118,223,223,236,236,161,173,173,204,219,219,219,233,233],"floor_reached":28,"playtime":1208,"items_purged":["Strike_R"],"score":298,"play_id":"81f19a1b-e41b-4d3a-9927-1c25fc4fd0fa","local_time":"20181121231001","is_ascension_mode":false,"campfire_choices":[{"data":"Body Slam","floor":6,"key":"SMITH"},{"data":"Barricade","floor":12,"key":"SMITH"},{"data":"Iron Wave","floor":15,"key":"SMITH"}],"neow_cost":"NONE","seed_source_timestamp":342357013551966,"circlet_count":0,"master_deck":["Strike_R","Strike_R","Defend_R+1","Defend_R","Defend_R","Defend_R","Bash+1","Iron Wave+1","Cleave","Body Slam+1","Power Through","Barricade+1","Headbutt","Ghostly Armor","Shrug It Off","Reaper","Evolve","Rage+1","Demon Form+1","Flame Barrier","Writhe","Clash"],"relics":["Burning Blood","PreservedInsect","Bag of Marbles","MawBank","Regal Pillow","Shuriken","Philosopher\u0027s Stone","Frozen Egg 2","Singing Bowl","War Paint"],"potions_floor_usage":[7,7,23,24],"damage_taken":[{"damage":2,"enemies":"2 Louse","floor":1,"turns":3},{"damage":1,"enemies":"Cultist","floor":3,"turns":3},{"damage":7,"enemies":"Small Slimes","floor":4,"turns":3},{"damage":8,"enemies":"3 Louse","floor":5,"turns":5},{"damage":1,"enemies":"Lagavulin","floor":7,"turns":4},{"damage":7,"enemies":"2 Fungi Beasts","floor":8,"turns":4},{"damage":16,"enemies":"3 Sentries","floor":13,"turns":7},{"damage":0,"enemies":"Slime Boss","floor":16,"turns":10},{"damage":27,"enemies":"Spheric Guardian","floor":18,"turns":6},{"damage":2,"enemies":"Chosen","floor":21,"turns":5},{"damage":26,"enemies":"Slavers","floor":23,"turns":7},{"damage":27,"enemies":"Snake Plant","floor":24,"turns":5},{"damage":17,"enemies":"Centurion and Healer","floor":27,"turns":6},{"damage":57,"enemies":"Book of Stabbing","floor":28,"turns":7}],"seed_played":"-6658039711541843194","potions_obtained":[{"floor":3,"key":"Energy Potion"},{"floor":5,"key":"Dexterity Potion"},{"floor":8,"key":"SkillPotion"},{"floor":23,"key":"PowerPotion"},{"floor":24,"key":"SteroidPotion"}],"is_trial":false,"path_per_floor":["M","?","M","M","M","R","E","M","T","?","$","R","E","?","R","B",null,"M","?","?","M","?","E","M","?","T","M","E"],"character_chosen":"IRONCLAD","items_purchased":["Ghostly Armor"],"campfire_rested":0,"item_purchase_floors":[11],"current_hp_per_floor":[80,80,80,79,77,77,80,79,79,72,72,72,62,55,55,61,80,59,59,59,67,67,59,44,44,44,52,0],"gold":233,"neow_bonus":"RANDOM_COMMON_RELIC","is_prod":false,"is_daily":false,"chose_seed":false,"campfire_upgraded":3,"win_rate":0,"timestamp":1542838201,"path_taken":["M","?","M","?","M","R","E","M","T","?","$","R","E","?","R","BOSS","M","?","?","M","?","E","M","?","T","M","E"],"build_version":"2018-11-15","purchased_purges":1,"victory":false,"max_hp_per_floor":[80,80,80,80,80,80,80,80,80,80,80,80,80,80,80,80,80,80,80,80,80,80,80,80,80,80,80,80],"card_choices":[{"not_picked":["True Grit","Thunderclap"],"picked":"Iron Wave","floor":1},{"not_picked":["Reckless Charge","Feel No Pain"],"picked":"Cleave","floor":3},{"not_picked":["Warcry","Cleave"],"picked":"Body Slam","floor":4},{"not_picked":["Heavy Blade","Havoc"],"picked":"Power Through","floor":5},{"not_picked":["Bloodletting","Wild Strike"],"picked":"Barricade","floor":7},{"not_picked":["Wild Strike","Havoc"],"picked":"Headbutt","floor":8},{"not_picked":["Headbutt","Pommel Strike"],"picked":"Shrug It Off","floor":13},{"not_picked":["Double Tap","Exhume"],"picked":"Reaper","floor":16},{"not_picked":["Pommel Strike","Warcry"],"picked":"Evolve","floor":18},{"not_picked":["Dropkick","Hemokinesis"],"picked":"Rage","floor":21},{"not_picked":["Battle Trance","Feel No Pain+1"],"picked":"Demon Form","floor":23},{"not_picked":["Perfected Strike","Sever Soul"],"picked":"Flame Barrier","floor":24},{"not_picked":["Combust+1","Sever Soul"],"picked":"Clash","floor":27}],"player_experience":322257,"relics_obtained":[{"floor":7,"key":"Bag of Marbles"},{"floor":9,"key":"MawBank"},{"floor":13,"key":"Shuriken"},{"floor":23,"key":"Frozen Egg 2"},{"floor":26,"key":"War Paint"}],"event_choices":[{"damage_healed":0,"gold_gain":0,"player_choice":"Upgraded","damage_taken":0,"max_hp_gain":0,"max_hp_loss":0,"event_name":"Upgrade Shrine","floor":2,"gold_loss":0,"cards_upgraded":["Bash"]},{"damage_healed":0,"gold_gain":0,"player_choice":"Success","damage_taken":7,"relics_obtained":["Regal Pillow"],"max_hp_gain":0,"max_hp_loss":0,"event_name":"Scrap Ooze","floor":10,"gold_loss":0},{"cards_removed":["Strike_R"],"damage_healed":0,"gold_gain":0,"player_choice":"Card Removal","damage_taken":7,"max_hp_gain":0,"max_hp_loss":0,"event_name":"Golden Wing","floor":14,"gold_loss":0},{"damage_healed":0,"gold_gain":0,"player_choice":"Ignored","damage_taken":0,"max_hp_gain":0,"max_hp_loss":0,"event_name":"Ghosts","floor":19,"gold_loss":0},{"cards_removed":["Strike_R"],"damage_healed":0,"gold_gain":0,"player_choice":"Gave Gold","damage_taken":0,"max_hp_gain":0,"max_hp_loss":0,"event_name":"Beggar","floor":20,"gold_loss":75},{"damage_healed":0,"gold_gain":0,"player_choice":"Ignored","damage_taken":0,"max_hp_gain":0,"max_hp_loss":0,"event_name":"Vampires","floor":22,"gold_loss":0},{"damage_healed":0,"gold_gain":0,"player_choice":"Opened","damage_taken":0,"relics_obtained":["Singing Bowl"],"max_hp_gain":0,"max_hp_loss":0,"event_name":"The Mausoleum","floor":25,"gold_loss":0,"cards_obtained":["Writhe"]}],"is_beta":false,"boss_relics":[{"not_picked":["Pandora\u0027s Box","Fusion Hammer"],"picked":"Philosopher\u0027s Stone"}],"items_purged_floors":[11],"is_endless":false,"potions_floor_spawned":[3,5,8,23,24],"killed_by":"Book of Stabbing","ascension_level":0}