{"gold_per_floor":[111,125,144,154,53,81,92,92,139,150,185,196,196,208,208,208],"floor_reached":16,"playtime":947,"items_purged":["Pain"],"score":145,"play_id":"1a48b292-e9d1-448f-9a4f-8f7fadab83a7","local_time":"20190105050647","is_ascension_mode":true,"campfire_choices":[{"data":"Fusion","floor":13,"key":"SMITH"},{"data":"Chaos","floor":15,"key":"SMITH"}],"neow_cost":"CURSE","seed_source_timestamp":1153564792709023,"circlet_count":0,"master_deck":["Strike_B","Strike_B","Strike_B","Strike_B","Defend_B","Defend_B","Defend_B","Defend_B","Zap","Dualcast","Rip and Tear","BootSequence","Rebound","Conserve Battery","Fusion+1","Coolheaded","Cold Snap","Gash","Chaos+1"],"relics":["Cracked Core","Pocketwatch","DataDisk","Gremlin Horn","Bronze Scales","Bag of Preparation"],"potions_floor_usage":[7,11,16],"damage_taken":[{"damage":5,"enemies":"2 Louse","floor":1,"turns":4},{"damage":2,"enemies":"Cultist","floor":2,"turns":2},{"damage":0,"enemies":"Small Slimes","floor":3,"turns":3},{"damage":9,"enemies":"Exordium Thugs","floor":4,"turns":4},{"damage":18,"enemies":"3 Sentries","floor":6,"turns":7},{"damage":1,"enemies":"Blue Slaver","floor":7,"turns":3},{"damage":2,"enemies":"Gremlin Gang","floor":10,"turns":4},{"damage":13,"enemies":"Gremlin Nob","floor":11,"turns":3},{"damage":0,"enemies":"Exordium Wildlife","floor":12,"turns":3},{"damage":11,"enemies":"Exordium Thugs","floor":14,"turns":4},{"damage":23,"enemies":"Slime Boss","floor":16,"turns":4}],"seed_played":"5552610475543287990","potions_obtained":[{"floor":1,"key":"Dexterity Potion"},{"floor":3,"key":"Poison Potion"},{"floor":6,"key":"Swift Potion"},{"floor":7,"key":"Fire Potion"},{"floor":11,"key":"Ancient Potion"},{"floor":12,"key":"LiquidBronze"}],"is_trial":false,"path_per_floor":["M","M","M","M","$","E","M","?","T","M","E","M","R","M","R","B"],"character_chosen":"DEFECT","items_purchased":["Conserve Battery"],"campfire_rested":0,"item_purchase_floors":[5],"current_hp_per_floor":[70,68,68,59,59,41,40,40,40,38,25,25,25,14,14,0],"gold":208,"neow_bonus":"ONE_RARE_RELIC","is_prod":false,"is_daily":false,"chose_seed":false,"campfire_upgraded":2,"win_rate":0,"timestamp":1546686407,"path_taken":["M","M","M","M","$","E","M","?","T","M","E","?","R","M","R","BOSS"],"build_version":"2019-01-03v4","purchased_purges":1,"victory":false,"max_hp_per_floor":[75,75,75,75,75,75,75,75,75,75,75,75,75,75,75,75],"card_choices":[{"not_picked":["Barrage","Steam Power"],"picked":"Rip and Tear","floor":1},{"not_picked":["Hologram","Sunder"],"picked":"BootSequence","floor":2},{"not_picked":["Tempest","Steam"],"picked":"Rebound","floor":3},{"not_picked":["Double Energy","Thunder Strike","Sweeping Beam"],"picked":"SKIP","floor":4},{"not_picked":["Aggregate","FTL"],"picked":"Fusion","floor":6},{"not_picked":["Stack","FTL"],"picked":"Coolheaded","floor":7},{"not_picked":["Conserve Battery","Compile Driver"],"picked":"Cold Snap","floor":10},{"not_picked":["Ball Lightning","Turbo","Storm"],"picked":"SKIP","floor":11},{"not_picked":["Conserve Battery","Rebound"],"picked":"Gash","floor":12},{"not_picked":["Leap","Barrage"],"picked":"Chaos","floor":14}],"player_experience":461200,"relics_obtained":[{"floor":6,"key":"DataDisk"},{"floor":9,"key":"Bronze Scales"},{"floor":11,"key":"Bag of Preparation"}],"event_choices":[{"damage_healed":0,"gold_gain":0,"player_choice":"Gave Potion","damage_taken":0,"relics_obtained":["Gremlin Horn"],"max_hp_gain":0,"max_hp_loss":0,"event_name":"WeMeetAgain","floor":8,"gold_loss":0}],"is_beta":false,"boss_relics":[],"items_purged_floors":[5],"is_endless":false,"potions_floor_spawned":[1,3,6,7,11,12],"killed_by":"Slime Boss","ascension_level":5}