{"gold_per_floor":[114,114,126,76,88,88,114,127,127,127,153,165,37,57,57,160,160,178,29,41,54,54,54],"floor_reached":23,"playtime":2086,"items_purged":["Defend_B"],"score":203,"play_id":"b2b351da-8258-44a5-acfa-0f861b56a480","local_time":"20181005034015","is_ascension_mode":false,"campfire_choices":[{"data":"Self Repair","floor":6.0,"key":"SMITH"},{"data":"Zap","floor":10.0,"key":"SMITH"},{"data":"Dualcast","floor":15.0,"key":"SMITH"}],"neow_cost":"NONE","seed_source_timestamp":42061274709957,"circlet_count":0,"master_deck":["Strike_B","Strike_B","Strike_B","Defend_B","Defend_B","Zap+1","Dualcast+1","Self Repair+1","Leap","Rebound","Cold Snap+1","Leap","Multi-Cast","Ball Lightning+1","Steam"],"special_seed":0,"relics":["Cracked Core","Blood Vial","Ancient Tea Set","Molten Egg 2","Busted Crown","Oddly Smooth Stone"],"potions_floor_usage":[23,23],"damage_taken":[{"damage":0.0,"enemies":"Small Slimes","floor":1.0,"turns":2.0},{"damage":1.0,"enemies":"2 Louse","floor":3.0,"turns":3.0},{"damage":6.0,"enemies":"Jaw Worm","floor":5.0,"turns":3.0},{"damage":17.0,"enemies":"Lagavulin","floor":7.0,"turns":8.0},{"damage":0.0,"enemies":"Large Slime","floor":8.0,"turns":6.0},{"damage":34.0,"enemies":"Gremlin Nob","floor":11.0,"turns":4.0},{"damage":5.0,"enemies":"Blue Slaver","floor":12.0,"turns":3.0},{"damage":10.0,"enemies":"Gremlin Gang","floor":14.0,"turns":4.0},{"damage":40,"enemies":"Slime Boss","floor":16,"turns":12},{"damage":2,"enemies":"Shell Parasite","floor":18,"turns":6},{"damage":5,"enemies":"Spheric Guardian","floor":20,"turns":4},{"damage":20,"enemies":"Centurion and Healer","floor":21,"turns":8},{"damage":66,"enemies":"Gremlin Leader","floor":23,"turns":7}],"seed_played":"-4825009084393529260","potions_obtained":[{"floor":3.0,"key":"SpeedPotion"},{"floor":5.0,"key":"Ancient Potion"},{"floor":12.0,"key":"GamblersBrew"},{"floor":16,"key":"Weak Potion"},{"floor":20,"key":"Swift Potion"}],"is_trial":false,"path_per_floor":["M","?","M","?","M","R","E","M","T","R","E","M","$","M","R","B",null,"M","$","M","M","?"],"character_chosen":"DEFECT","items_purchased":["Leap","Oddly Smooth Stone"],"campfire_rested":0,"item_purchase_floors":[13,19],"current_hp_per_floor":[82,75,74,74,75,75,68,80,80,80,58,65,65,67,67,39,82,82,82,82,72,56,0],"gold":54,"neow_bonus":"TEN_PERCENT_HP_BONUS","is_prod":false,"is_daily":false,"chose_seed":false,"campfire_upgraded":3,"win_rate":0,"timestamp":1538703615,"path_taken":["M","?","M","?","M","R","E","M","T","R","E","M","$","M","R","BOSS","M","$","M","?","?","E"],"build_version":"2018-09-20","purchased_purges":1,"victory":false,"max_hp_per_floor":[82,82,82,82,82,82,82,82,82,82,82,82,82,82,82,82,82,82,82,82,82,87,87],"card_choices":[{"not_picked":["Compile Driver","Hello World","Beam Cell"],"picked":"SKIP","floor":1.0},{"not_picked":["Go for the Eyes","Skim"],"picked":"Self Repair","floor":3.0},{"not_picked":["Heatsinks","Barrage"],"picked":"Leap","floor":5.0},{"not_picked":["Barrage","Fusion","Cold Snap"],"picked":"SKIP","floor":7.0},{"not_picked":["Compile Driver","Turbo"],"picked":"Rebound","floor":8.0},{"not_picked":["Auto Shields","Consume"],"picked":"Cold Snap","floor":11.0},{"not_picked":["Amplify","Gash+1","Steam Power"],"picked":"SKIP","floor":12.0},{"not_picked":["Fusion","Turbo","Steam"],"picked":"SKIP","floor":14.0},{"not_picked":["Echo Form","Rainbow"],"picked":"Multi-Cast","floor":16},{"not_picked":[],"picked":"Ball Lightning+1","floor":18},{"not_picked":["Auto Shields"],"picked":"SKIP","floor":20},{"not_picked":[],"picked":"Steam","floor":21}],"player_experience":91798,"relics_obtained":[{"floor":7.0,"key":"Blood Vial"},{"floor":9.0,"key":"Ancient Tea Set"},{"floor":11.0,"key":"Molten Egg 2"}],"event_choices":[{"event_name":"Golden Wing","player_choice":"Card Removal","floor":2.0,"damage_taken":0.0},{"event_name":"The Cleric","player_choice":"Card Removal","floor":4.0,"damage_taken":0.0},{"event_name":"Forgotten Altar","player_choice":"Shed Blood","floor":22,"damage_taken":0}],"is_beta":false,"boss_relics":[{"not_picked":["White Beast Statue","Lizard Tail"],"picked":"Busted Crown"}],"items_purged_floors":[13],"is_endless":false,"potions_floor_spawned":[3,5,12,16,20],"killed_by":"Gremlin Leader","ascension_level":0}