{"gold_per_floor":[113,113,140,157,157,187,187,219,273,122,122,138,172,247,247,352,352,363,363,373,373,273,273,148,163,163,10,10,30,30,49,49,49],"floor_reached":33,"playtime":1414,"items_purged":["Strike_B","Strike_B","Defend_B"],"score":458,"play_id":"794f3768-e79a-4319-97a3-c1c32832dfd3","local_time":"20190303221519","is_ascension_mode":true,"campfire_choices":[{"floor":7,"key":"REST"},{"floor":11,"key":"REST"},{"floor":15,"key":"REST"},{"floor":23,"key":"REST"},{"floor":30,"key":"REST"},{"data":"Defragment","floor":32,"key":"SMITH"}],"neow_cost":"NONE","seed_source_timestamp":27284363317540,"circlet_count":0,"master_deck":["AscendersBane","Strike_B+1","Defend_B+1","Defend_B","Zap","Dualcast","Cold Snap","Cold Snap","Go for the Eyes","Core Surge","Defragment+1","Leap","Chaos","Biased Cognition","Glacier","Reboot","Chaos","Darkness","Consume"],"relics":["Cracked Core","NeowsBlessing","Darkstone Periapt","Centennial Puzzle","Nunchaku","Pear","Anchor","Omamori","Philosopher\u0027s Stone","Matryoshka","Lantern","Letter Opener","Bronze Scales"],"potions_floor_usage":[8],"damage_taken":[{"damage":0,"enemies":"2 Louse","floor":1,"turns":1},{"damage":0,"enemies":"Jaw Worm","floor":4,"turns":1},{"damage":0,"enemies":"Gremlin Nob","floor":6,"turns":1},{"damage":33,"enemies":"3 Sentries","floor":8,"turns":5},{"damage":0,"enemies":"Small Slimes","floor":12,"turns":3},{"damage":15,"enemies":"Lagavulin","floor":13,"turns":7},{"damage":42,"enemies":"Hexaghost","floor":16,"turns":12},{"damage":8,"enemies":"Chosen","floor":18,"turns":5},{"damage":35,"enemies":"3 Byrds","floor":20,"turns":9},{"damage":6,"enemies":"Snake Plant","floor":25,"turns":5},{"damage":18,"enemies":"3 Cultists","floor":29,"turns":7},{"damage":14,"enemies":"Shelled Parasite and Fungi","floor":31,"turns":4},{"damage":38,"enemies":"Collector","floor":33,"turns":3}],"seed_played":"-3578159087723552358","potions_obtained":[{"floor":4,"key":"PowerPotion"},{"floor":12,"key":"Dexterity Potion"},{"floor":25,"key":"Ancient Potion"}],"is_trial":false,"path_per_floor":["M","?","T","M","?","E","R","E","T","$","R","M","E","?","R","B",null,"M","?","M","?","$","R","$","M","T","$","?","M","R","M","R","B"],"character_chosen":"DEFECT","items_purchased":["Defragment","Bronze Scales"],"campfire_rested":5,"item_purchase_floors":[10,27],"current_hp_per_floor":[68,43,43,43,28,28,50,27,27,27,52,52,37,26,51,9,66,58,58,23,23,23,48,48,42,42,42,42,24,49,35,35,0],"gold":49,"neow_bonus":"THREE_ENEMY_KILL","is_prod":false,"is_daily":false,"chose_seed":false,"campfire_upgraded":1,"win_rate":0,"timestamp":1551647719,"path_taken":["M","?","?","M","?","E","R","E","T","$","R","M","E","?","R","BOSS","M","?","M","?","$","R","$","M","T","?","?","?","R","M","R","BOSS"],"build_version":"2019-01-23","purchased_purges":3,"victory":false,"max_hp_per_floor":[75,75,75,75,75,75,75,85,85,85,85,85,85,85,85,85,85,85,85,85,85,85,85,85,85,85,85,85,85,85,85,85,85],"card_choices":[{"not_picked":["Coolheaded","Beam Cell"],"picked":"Cold Snap","floor":1},{"not_picked":["Blizzard","Storm"],"picked":"Cold Snap","floor":4},{"not_picked":["Streamline","Scrape"],"picked":"Go for the Eyes","floor":6},{"not_picked":["Glacier","Chill"],"picked":"Core Surge","floor":8},{"not_picked":["Loop","Tempest"],"picked":"Leap","floor":12},{"not_picked":["Reinforced Body","Redo"],"picked":"Chaos","floor":13},{"not_picked":["Creative AI","Hyperbeam"],"picked":"Biased Cognition","floor":16},{"not_picked":["Conserve Battery","Sweeping Beam"],"picked":"Glacier","floor":18},{"not_picked":["Glacier","Compile Driver"],"picked":"Reboot","floor":20},{"not_picked":["Fusion+1","Doom and Gloom","Barrage"],"picked":"SKIP","floor":25},{"not_picked":["Cold Snap","Reinforced Body","Hologram"],"picked":"SKIP","floor":29},{"not_picked":["Turbo","Amplify"],"picked":"Consume","floor":31}],"player_experience":838825,"relics_obtained":[{"floor":3,"key":"Centennial Puzzle"},{"floor":6,"key":"Nunchaku"},{"floor":8,"key":"Pear"},{"floor":9,"key":"Anchor"},{"floor":13,"key":"Omamori"},{"floor":26,"key":"Lantern"},{"floor":26,"key":"Letter Opener"}],"event_choices":[{"damage_healed":0,"gold_gain":0,"player_choice":"Success","damage_taken":25,"relics_obtained":["Darkstone Periapt"],"max_hp_gain":0,"max_hp_loss":0,"event_name":"Scrap Ooze","floor":2,"gold_loss":0},{"damage_healed":0,"gold_gain":0,"player_choice":"Entered Light","damage_taken":15,"max_hp_gain":0,"max_hp_loss":0,"event_name":"Shining Light","floor":5,"gold_loss":0,"cards_upgraded":["Defend_B","Strike_B"]},{"damage_healed":0,"gold_gain":75,"player_choice":"Gather Gold","damage_taken":11,"max_hp_gain":0,"max_hp_loss":0,"event_name":"World of Goop","floor":14,"gold_loss":0},{"damage_healed":0,"gold_gain":0,"player_choice":"Opened","damage_taken":0,"relics_obtained":["Matryoshka"],"max_hp_gain":0,"max_hp_loss":0,"event_name":"The Mausoleum","floor":19,"gold_loss":0},{"damage_healed":0,"gold_gain":0,"player_choice":"Ignored","damage_taken":0,"max_hp_gain":0,"max_hp_loss":0,"event_name":"Vampires","floor":21,"gold_loss":0},{"damage_healed":0,"gold_gain":0,"cards_transformed":["Strike_B","Defend_B"],"player_choice":"Became Test Subject","damage_taken":0,"max_hp_gain":0,"max_hp_loss":0,"event_name":"Drug Dealer","floor":28,"gold_loss":0,"cards_obtained":["Chaos","Darkness"]}],"is_beta":false,"boss_relics":[{"not_picked":["Empty Cage","Runic Pyramid"],"picked":"Philosopher\u0027s Stone"}],"items_purged_floors":[10,22,24],"is_endless":false,"potions_floor_spawned":[4,12,25,29,31],"killed_by":"Collector","ascension_level":12}