{"gold_per_floor":[109,109,128,146,146,181,191,209,209,209,237,237,264,282,282,381,381,400,419,439,191,112,112,147,162,162,182,182,194,213,233,233,338,338,349,15,29,42,0,0,100,100,100,112,132,132,57,70,70,70],"floor_reached":51,"playtime":4038,"items_purged":["Strike_B"],"score":804,"play_id":"d06fb501-2e6f-4d9b-b3fa-d9277a2bfc1d","local_time":"20190216002409","is_ascension_mode":true,"campfire_choices":[{"data":"Beam Cell","floor":10,"key":"SMITH"},{"floor":12,"key":"REST"},{"data":"Creative AI","floor":15,"key":"SMITH"},{"floor":23,"key":"REST"},{"floor":28,"key":"REST"},{"floor":32,"key":"REST"},{"data":"Hologram","floor":40,"key":"SMITH"},{"data":"Buffer","floor":42,"key":"SMITH"},{"data":"Seek","floor":46,"key":"SMITH"},{"data":"Dualcast","floor":49,"key":"SMITH"}],"neow_cost":"NONE","seed_source_timestamp":243763473478260,"circlet_count":0,"master_deck":["Strike_B+1","Strike_B+1","Strike_B","Defend_B","Defend_B","Defend_B","Defend_B","Zap+1","Dualcast+1","Rip and Tear","Beam Cell+1","Compile Driver","Zap","Coolheaded","Creative AI+1","Leap","Hologram+1","All For One","Coolheaded","Gash","Self Repair","Doom and Gloom","Buffer+1","Conserve Battery","Skim","Leap","Heatsinks+1","Gash","Seek+1","Finesse","Auto Shields+1","Capacitor+1"],"relics":["Cracked Core","DataDisk","Kunai","Bronze Scales","Cursed Key","Mummified Hand","Question Card","Sozu","Ornamental Fan","Red Mask","Ice Cream"],"potions_floor_usage":[6,7,16,24,24,30,33,33],"damage_taken":[{"damage":0,"enemies":"2 Louse","floor":1,"turns":1},{"damage":0,"enemies":"Jaw Worm","floor":3,"turns":2},{"damage":0,"enemies":"Cultist","floor":4,"turns":2},{"damage":0,"enemies":"Lagavulin","floor":6,"turns":2},{"damage":8,"enemies":"Lots of Slimes","floor":7,"turns":3},{"damage":2,"enemies":"Gremlin Gang","floor":8,"turns":4},{"damage":11,"enemies":"3 Sentries","floor":11,"turns":6},{"damage":13,"enemies":"Gremlin Nob","floor":13,"turns":3},{"damage":0,"enemies":"Looter","floor":14,"turns":2},{"damage":19,"enemies":"The Guardian","floor":16,"turns":9},{"damage":2,"enemies":"Chosen","floor":18,"turns":3},{"damage":0,"enemies":"Spheric Guardian","floor":19,"turns":3},{"damage":27,"enemies":"Snake Plant","floor":20,"turns":3},{"damage":23,"enemies":"Slavers","floor":24,"turns":3},{"damage":17,"enemies":"Centurion and Healer","floor":25,"turns":6},{"damage":8,"enemies":"3 Cultists","floor":27,"turns":5},{"damage":12,"enemies":"Snake Plant","floor":29,"turns":4},{"damage":26,"enemies":"Shelled Parasite and Fungi","floor":30,"turns":5},{"damage":0,"enemies":"Chosen and Byrds","floor":31,"turns":4},{"damage":43,"enemies":"Automaton","floor":33,"turns":9},{"damage":7,"enemies":"Orb Walker","floor":35,"turns":3},{"damage":7,"enemies":"3 Darklings","floor":37,"turns":3},{"damage":19,"enemies":"Jaw Worm Horde","floor":38,"turns":5},{"damage":0,"enemies":"Mind Bloom Boss Battle","floor":41,"turns":5},{"damage":0,"enemies":"Spire Growth","floor":44,"turns":5},{"damage":0,"enemies":"Transient","floor":45,"turns":5},{"damage":0,"enemies":"Jaw Worm Horde","floor":48,"turns":3},{"damage":35,"enemies":"Donu and Deca","floor":50,"turns":8}],"seed_played":"-7775493568198915268","potions_obtained":[{"floor":1,"key":"EssenceOfSteel"},{"floor":3,"key":"AttackPotion"},{"floor":13,"key":"Swift Potion"},{"floor":14,"key":"GamblersBrew"},{"floor":16,"key":"SteroidPotion"},{"floor":20,"key":"FocusPotion"},{"floor":25,"key":"Energy Potion"},{"floor":27,"key":"LiquidBronze"},{"floor":29,"key":"Ancient Potion"}],"is_trial":false,"path_per_floor":["M","?","M","M","?","E","M","M","T","R","E","R","E","M","R","B",null,"M","M","M","$","$","R","E","M","T","M","R","M","M","M","R","B",null,"M","$","M","M","?","R","?","R","T","M","M","R","$","M","R","B",null],"character_chosen":"DEFECT","items_purchased":["Mummified Hand","Doom and Gloom","Finesse","Ornamental Fan"],"campfire_rested":4,"item_purchase_floors":[21,22,36,36],"current_hp_per_floor":[75,60,60,60,60,60,52,50,50,50,39,61,48,48,48,29,75,73,73,46,46,46,68,52,42,42,41,63,65,46,53,75,39,75,75,75,75,63,63,63,70,70,70,75,75,75,75,75,75,40],"gold":70,"neow_bonus":"UPGRADE_CARD","is_prod":false,"is_daily":false,"chose_seed":false,"campfire_upgraded":6,"win_rate":0,"timestamp":1550294649,"path_taken":["M","?","M","M","?","E","?","M","T","R","E","R","E","M","R","BOSS","M","M","M","?","$","R","E","M","T","M","R","M","M","?","R","BOSS","M","$","M","M","?","R","?","R","T","?","M","R","$","M","R","BOSS"],"build_version":"2019-01-23","purchased_purges":1,"victory":true,"max_hp_per_floor":[75,75,75,75,75,75,75,75,75,75,75,75,75,75,75,75,75,75,75,75,75,75,75,75,75,75,75,75,75,75,75,75,75,75,75,75,75,75,75,75,75,75,75,75,75,75,75,75,75,75],"card_choices":[{"not_picked":["Double Energy","Scrape"],"picked":"Rip and Tear","floor":1},{"not_picked":["Compile Driver","Lockon"],"picked":"Beam Cell","floor":3},{"not_picked":["Capacitor","Conserve Battery"],"picked":"Compile Driver","floor":4},{"not_picked":["Darkness","Barrage"],"picked":"Coolheaded","floor":6},{"not_picked":["Darkness","Chill","BootSequence"],"picked":"SKIP","floor":7},{"not_picked":["Coolheaded","Stack","Blizzard"],"picked":"SKIP","floor":8},{"not_picked":["Recycle","Steam"],"picked":"Creative AI","floor":11},{"not_picked":["Go for the Eyes","Gash"],"picked":"Leap","floor":13},{"not_picked":["Stack","Darkness"],"picked":"Hologram","floor":14},{"not_picked":["Echo Form","Machine Learning"],"picked":"All For One","floor":16},{"not_picked":["Sweeping Beam","Rebound"],"picked":"Coolheaded","floor":18},{"not_picked":["Rip and Tear","Beam Cell"],"picked":"Gash","floor":19},{"not_picked":["Go for the Eyes","Skim"],"picked":"Self Repair","floor":20},{"not_picked":["Blizzard","Redo+1"],"picked":"Buffer","floor":24},{"not_picked":["Compile Driver","Turbo","Ball Lightning+1"],"picked":"Conserve Battery","floor":25},{"not_picked":["Barrage","Turbo","Capacitor"],"picked":"Skim","floor":27},{"not_picked":["Beam Cell","Machine Learning","Compile Driver"],"picked":"Leap","floor":29},{"not_picked":["Conserve Battery+1","Gash","Beam Cell"],"picked":"Heatsinks+1","floor":30},{"not_picked":["Darkness","Sweeping Beam","Steam"],"picked":"Gash","floor":31},{"not_picked":["Hyperbeam","Biased Cognition","Buffer"],"picked":"Seek","floor":33},{"not_picked":["Hello World","BootSequence+1","Scrape","Compile Driver"],"picked":"SKIP","floor":35},{"not_picked":["Leap+1","Barrage+1","Hello World+1"],"picked":"Auto Shields+1","floor":37},{"not_picked":["Turbo+1","Double Energy","Sweeping Beam+1","Static Discharge"],"picked":"SKIP","floor":38},{"not_picked":["Beam Cell","Turbo+1","Rebound"],"picked":"Capacitor+1","floor":44},{"not_picked":["Cold Snap","Reprogram","Lockon","Conserve Battery"],"picked":"SKIP","floor":45},{"not_picked":["Cold Snap","Ball Lightning+1","Darkness","Blizzard"],"picked":"SKIP","floor":48}],"player_experience":577954,"relics_obtained":[{"floor":6,"key":"DataDisk"},{"floor":9,"key":"Kunai"},{"floor":13,"key":"Bronze Scales"},{"floor":24,"key":"Question Card"},{"floor":41,"key":"Ice Cream"}],"event_choices":[{"damage_healed":0,"gold_gain":0,"player_choice":"Entered Light","damage_taken":15,"max_hp_gain":0,"max_hp_loss":0,"event_name":"Shining Light","floor":2,"gold_loss":0,"cards_upgraded":["Strike_B","Strike_B"]},{"damage_healed":0,"gold_gain":0,"player_choice":"1 cards matched","damage_taken":0,"max_hp_gain":0,"max_hp_loss":0,"event_name":"Match and Keep!","floor":5,"gold_loss":0,"cards_obtained":["Zap"]},{"damage_healed":0,"gold_gain":0,"player_choice":"Paid","damage_taken":0,"relics_obtained":["Red Mask"],"max_hp_gain":0,"max_hp_loss":0,"event_name":"Tomb of Lord Red Mask","floor":39,"gold_loss":42},{"damage_healed":0,"gold_gain":0,"player_choice":"Fight","damage_taken":0,"max_hp_gain":0,"max_hp_loss":0,"event_name":"MindBloom","floor":41,"gold_loss":0}],"is_beta":false,"boss_relics":[{"not_picked":["Empty Cage","Fusion Hammer"],"picked":"Cursed Key"},{"not_picked":["Tiny House","White Beast Statue"],"picked":"Sozu"}],"items_purged_floors":[47],"is_endless":false,"potions_floor_spawned":[1,3,13,14,16,20,25,27,29,35,38,44,45],"ascension_level":4}