{"gold_per_floor":[116,41,59,59,72,107,107,124,175,186,259,259,284,284,284,284],"floor_reached":16,"playtime":463,"items_purged":[],"score":218,"play_id":"beed2a71-541c-4b48-8d7e-11715cf60a50","local_time":"20190227134858","is_ascension_mode":true,"campfire_choices":[{"data":"Zap","floor":7,"key":"SMITH"},{"floor":15,"key":"REST"}],"neow_cost":"NONE","seed_source_timestamp":234411109174600,"circlet_count":0,"master_deck":["AscendersBane","Strike_B","Strike_B","Defend_B","Defend_B","Defend_B","Defend_B","Zap+1","Dualcast","Sweeping Beam","Gash","Gash","Chill","Coolheaded","Loop"],"relics":["Cracked Core","Lantern","Shuriken","Smiling Mask","Symbiotic Virus","Regal Pillow"],"potions_floor_usage":[6,13,14],"damage_taken":[{"damage":3,"enemies":"Small Slimes","floor":1,"turns":4},{"damage":2,"enemies":"Jaw Worm","floor":3,"turns":3},{"damage":1,"enemies":"Cultist","floor":5,"turns":4},{"damage":25,"enemies":"Lagavulin","floor":6,"turns":5},{"damage":11,"enemies":"Blue Slaver","floor":8,"turns":3},{"damage":0,"enemies":"Exordium Thugs","floor":10,"turns":4},{"damage":4,"enemies":"3 Sentries","floor":13,"turns":6},{"damage":0,"enemies":"Exordium Wildlife","floor":14,"turns":1},{"damage":50,"enemies":"Hexaghost","floor":16,"turns":9}],"seed_played":"6680670424098452034","potions_obtained":[{"floor":1,"key":"SteroidPotion"},{"floor":8,"key":"SmokeBomb"},{"floor":10,"key":"EssenceOfSteel"}],"is_trial":false,"path_per_floor":["M","?","M","?","M","E","R","M","T","M","T","?","E","M","R","B"],"character_chosen":"DEFECT","items_purchased":[],"campfire_rested":1,"item_purchase_floors":[],"current_hp_per_floor":[61,61,59,52,51,26,26,15,15,15,15,15,11,11,47,0],"gold":284,"neow_bonus":"RANDOM_COMMON_RELIC","is_prod":false,"is_daily":false,"chose_seed":false,"campfire_upgraded":1,"win_rate":0,"timestamp":1551293338,"path_taken":["M","?","M","?","M","E","R","M","T","?","?","?","E","M","R","BOSS"],"build_version":"2019-01-23","purchased_purges":0,"victory":false,"max_hp_per_floor":[71,71,71,71,71,71,71,71,71,71,71,71,71,71,71,71],"card_choices":[{"not_picked":["Steam Power","Coolheaded"],"picked":"Sweeping Beam","floor":1},{"not_picked":["Coolheaded","Reprogram"],"picked":"Gash","floor":3},{"not_picked":["Storm","Sweeping Beam"],"picked":"Gash","floor":5},{"not_picked":["Hologram","Double Energy"],"picked":"Chill","floor":6},{"not_picked":["Reprogram","Chill"],"picked":"Coolheaded","floor":8},{"not_picked":["Rip and Tear","Self Repair"],"picked":"Loop","floor":10},{"not_picked":["Turbo","Chill","Chaos"],"picked":"SKIP","floor":13}],"player_experience":1273480,"relics_obtained":[{"floor":6,"key":"Shuriken"},{"floor":9,"key":"Smiling Mask"},{"floor":11,"key":"Symbiotic Virus"},{"floor":13,"key":"Regal Pillow"}],"event_choices":[{"cards_removed":["Strike_B"],"damage_healed":0,"gold_gain":0,"player_choice":"Card Removal","damage_taken":0,"max_hp_gain":0,"max_hp_loss":0,"event_name":"The Cleric","floor":2,"gold_loss":75},{"cards_removed":["Strike_B"],"damage_healed":0,"gold_gain":0,"player_choice":"Card Removal","damage_taken":7,"max_hp_gain":0,"max_hp_loss":0,"event_name":"Golden Wing","floor":4,"gold_loss":0},{"damage_healed":0,"gold_gain":0,"player_choice":"Got Potions","damage_taken":0,"max_hp_gain":0,"max_hp_loss":0,"event_name":"Lab","floor":12,"gold_loss":0}],"is_beta":false,"boss_relics":[],"items_purged_floors":[],"is_endless":false,"potions_floor_spawned":[1,8,10],"killed_by":"Hexaghost","ascension_level":19}