{"gold_per_floor":[218,218,116,137,150,150,73,94,147,180,58,78,128,149,149,149],"floor_reached":16,"playtime":1350,"items_purged":[],"score":92,"play_id":"b8644cd4-9935-4498-94bd-ae76b9ccf567","local_time":"20181008041647","is_ascension_mode":false,"campfire_choices":[{"data":"Prepared","floor":6,"key":"SMITH"},{"floor":15,"key":"REST"}],"neow_cost":"NONE","seed_source_timestamp":45811139209176,"circlet_count":0,"master_deck":["Defend_G","Defend_G","Defend_G","Defend_G","Defend_G","Strike_G","Strike_G","Strike_G","Strike_G","Strike_G","Survivor","Neutralize","Prepared+1","Bouncing Flask","Backflip","Leg Sweep","Endless Agony","Dagger Throw","Noxious Fumes","Deadly Poison","Tactician","Cloak And Dagger"],"relics":["Ring of the Snake","Golden Idol","Tiny Chest","Odd Mushroom","Dream Catcher"],"potions_floor_usage":[16,16,16],"damage_taken":[{"damage":0,"enemies":"Small Slimes","floor":1,"turns":6},{"damage":0,"enemies":"Cultist","floor":4,"turns":3},{"damage":1,"enemies":"Jaw Worm","floor":5,"turns":6},{"damage":6,"enemies":"Red Slaver","floor":8,"turns":5},{"damage":23,"enemies":"The Mushroom Lair","floor":10,"turns":7},{"damage":16,"enemies":"Large Slime","floor":12,"turns":7},{"damage":0,"enemies":"Blue Slaver","floor":14,"turns":4},{"damage":30,"enemies":"Slime Boss","floor":16,"turns":5}],"seed_played":"7142973122195204370","potions_obtained":[{"floor":5,"key":"Weak Potion"},{"floor":8,"key":"PowerPotion"},{"floor":12,"key":"FearPotion"}],"is_trial":false,"path_per_floor":["M","?","$","M","M","R","$","M","T","?","$","M","T","M","R"],"character_chosen":"THE_SILENT","items_purchased":["Prepared","Bouncing Flask","Leg Sweep","Noxious Fumes","Deadly Poison"],"campfire_rested":1,"item_purchase_floors":[3,3,7,11,11],"current_hp_per_floor":[70,53,53,53,52,52,52,46,46,23,23,7,7,7,28,0],"gold":149,"neow_bonus":"HUNDRED_GOLD","is_prod":false,"is_daily":false,"chose_seed":false,"campfire_upgraded":1,"win_rate":0,"timestamp":1538965007,"path_taken":["M","?","?","M","M","R","$","M","T","?","$","?","?","?","R","BOSS"],"build_version":"2018-10-04","purchased_purges":0,"victory":false,"max_hp_per_floor":[70,70,70,70,70,70,70,70,70,70,70,70,70,70,70,70],"card_choices":[{"not_picked":["Quick Slash","Dodge and Roll","Heel Hook"],"picked":"SKIP","floor":1},{"not_picked":["PiercingWail","Slice"],"picked":"Backflip","floor":4},{"not_picked":["Underhanded Strike","Acrobatics","Deflect"],"picked":"SKIP","floor":5},{"not_picked":["Underhanded Strike","Acrobatics","Deflect"],"picked":"SKIP","floor":5},{"not_picked":["Masterful Stab","Deflect"],"picked":"Endless Agony","floor":8},{"not_picked":["Endless Agony","Bane"],"picked":"Dagger Throw","floor":10},{"not_picked":["Outmaneuver","Quick Slash"],"picked":"Tactician","floor":12},{"not_picked":["Flechettes","Poisoned Stab"],"picked":"Cloak And Dagger","floor":14}],"player_experience":116579,"relics_obtained":[{"floor":9,"key":"Tiny Chest"},{"floor":10,"key":"Odd Mushroom"},{"floor":13,"key":"Dream Catcher"}],"event_choices":[{"event_name":"Golden Idol","player_choice":"Take Damage","floor":2,"damage_taken":0},{"event_name":"Mushrooms","player_choice":"Fought Mushrooms","floor":10,"damage_taken":0}],"is_beta":false,"boss_relics":[],"items_purged_floors":[],"is_endless":false,"potions_floor_spawned":[5,8,12,14],"killed_by":"Slime Boss","ascension_level":0}