{"gold_per_floor":[12,25,35,35,52,52,85,99,99,131,131,149,224,242,242,347,347,365,415,197,213,9,43,43,74,124,154,154,189,202,217,217,217],"floor_reached":33,"playtime":2968,"items_purged":["Writhe","Pain"],"score":354,"play_id":"605234c6-8b55-48fa-a80e-2a61faa177ad","local_time":"20190224214841","is_ascension_mode":true,"campfire_choices":[{"data":"Deadly Poison","floor":6,"key":"SMITH"},{"floor":11,"key":"REST"},{"floor":15,"key":"REST"},{"floor":24,"key":"REST"},{"floor":28,"key":"REST"},{"floor":32,"key":"REST"}],"neow_cost":"NO_GOLD","seed_source_timestamp":1116775079445,"circlet_count":0,"master_deck":["Defend_G","Defend_G","Defend_G","Defend_G","Defend_G","Strike_G","Strike_G","Strike_G","Survivor","Neutralize","Poisoned Stab","Dagger Spray","Bane","Deadly Poison+1","Phantasmal Killer","Endless Agony","Backstab","Noxious Fumes","Envenom","Writhe","Backflip","Terror","Noxious Fumes","Prepared","Blur+1","Footwork+1","Slice+1","Bane+1","Poisoned Stab+1","Slice+1"],"relics":["Ring of the Snake","Mercury Hourglass","Paper Crane","Mummified Hand","Calling Bell","PreservedInsect","Meat on the Bone","Bird Faced Urn","Oddly Smooth Stone","Bottled Lightning","Ornamental Fan","Smiling Mask","Molten Egg 2","Art of War"],"potions_floor_usage":[16,25,27,31,33,33],"damage_taken":[{"damage":0,"enemies":"Small Slimes","floor":1,"turns":6},{"damage":2,"enemies":"Jaw Worm","floor":2,"turns":5},{"damage":8,"enemies":"2 Louse","floor":3,"turns":2},{"damage":7,"enemies":"Red Slaver","floor":5,"turns":4},{"damage":13,"enemies":"Lagavulin","floor":7,"turns":5},{"damage":7,"enemies":"Blue Slaver","floor":8,"turns":3},{"damage":10,"enemies":"3 Sentries","floor":10,"turns":6},{"damage":0,"enemies":"Large Slime","floor":12,"turns":4},{"damage":5,"enemies":"Looter","floor":14,"turns":2},{"damage":24,"enemies":"Slime Boss","floor":16,"turns":9},{"damage":9,"enemies":"Chosen","floor":18,"turns":4},{"damage":22,"enemies":"2 Thieves","floor":21,"turns":4},{"damage":27,"enemies":"Slavers","floor":23,"turns":4},{"damage":20,"enemies":"Gremlin Leader","floor":25,"turns":5},{"damage":41,"enemies":"Slavers","floor":27,"turns":6},{"damage":14,"enemies":"Gremlin Leader","floor":29,"turns":4},{"damage":0,"enemies":"Snecko","floor":30,"turns":4},{"damage":15,"enemies":"Shelled Parasite and Fungi","floor":31,"turns":5},{"damage":63,"enemies":"Automaton","floor":33,"turns":8}],"seed_played":"-7144774168499899238","potions_obtained":[{"floor":3,"key":"SpeedPotion"},{"floor":7,"key":"SteroidPotion"},{"floor":10,"key":"Ancient Potion"},{"floor":14,"key":"SkillPotion"},{"floor":18,"key":"EntropicBrew"},{"floor":27,"key":"Swift Potion"},{"floor":31,"key":"Block Potion"}],"is_trial":false,"path_per_floor":["M","M","M","?","M","R","E","M","T","E","R","M","?","M","R","B",null,"M","?","$","M","$","E","R","E","T","E","R","E","M","M","R","B"],"character_chosen":"THE_SILENT","items_purchased":["Oddly Smooth Stone","Noxious Fumes","Prepared"],"campfire_rested":5,"item_purchase_floors":[20,22,22],"current_hp_per_floor":[70,68,60,60,53,53,40,33,33,23,44,44,33,28,49,25,70,61,61,61,43,43,32,53,39,39,18,39,41,45,36,57,0],"gold":217,"neow_bonus":"REMOVE_TWO","is_prod":false,"is_daily":false,"chose_seed":false,"campfire_upgraded":1,"win_rate":0,"timestamp":1551062921,"path_taken":["M","M","M","?","M","R","E","M","T","E","R","M","?","M","R","BOSS","M","?","$","M","$","E","R","E","T","E","R","E","M","M","R","BOSS"],"build_version":"2019-01-23","purchased_purges":2,"victory":false,"max_hp_per_floor":[70,70,70,70,70,70,70,70,70,70,70,70,70,70,70,70,70,70,70,70,70,70,70,70,70,70,70,70,70,70,70,70,70],"card_choices":[{"not_picked":["Slice","Backflip"],"picked":"Poisoned Stab","floor":1},{"not_picked":["Flying Knee","Accuracy"],"picked":"Dagger Spray","floor":2},{"not_picked":["Riddle With Holes","Choke"],"picked":"Bane","floor":3},{"not_picked":["Caltrops","Footwork"],"picked":"Deadly Poison","floor":5},{"not_picked":["Wraith Form v2","All Out Attack"],"picked":"Phantasmal Killer","floor":7},{"not_picked":["Infinite Blades","Tactician","Dagger Throw"],"picked":"SKIP","floor":8},{"not_picked":["Grand Finale","Flying Knee"],"picked":"Endless Agony","floor":10},{"not_picked":["PiercingWail","Outmaneuver"],"picked":"Backstab","floor":12},{"not_picked":["Terror","Poisoned Stab"],"picked":"Noxious Fumes","floor":14},{"not_picked":["A Thousand Cuts","Bullet Time"],"picked":"Envenom","floor":16},{"not_picked":["Outmaneuver+1","Expertise"],"picked":"Backflip","floor":18},{"not_picked":["Accuracy","Cloak And Dagger"],"picked":"Terror","floor":21},{"not_picked":["Endless Agony","Quick Slash"],"picked":"Blur+1","floor":23},{"not_picked":["Dagger Throw+1","Backflip+1"],"picked":"Footwork+1","floor":25},{"not_picked":["All Out Attack","Dagger Spray"],"picked":"Slice","floor":27},{"not_picked":["Concentrate","Dagger Throw+1"],"picked":"Bane+1","floor":29},{"not_picked":["Crippling Poison","Bane+1"],"picked":"Poisoned Stab+1","floor":30},{"not_picked":["Grand Finale+1","Backflip+1"],"picked":"Slice+1","floor":31}],"player_experience":449789,"relics_obtained":[{"floor":7,"key":"Mercury Hourglass"},{"floor":9,"key":"Paper Crane"},{"floor":10,"key":"Mummified Hand"},{"floor":17,"key":"PreservedInsect"},{"floor":17,"key":"Meat on the Bone"},{"floor":17,"key":"Bird Faced Urn"},{"floor":23,"key":"Bottled Lightning"},{"floor":25,"key":"Ornamental Fan"},{"floor":26,"key":"Smiling Mask"},{"floor":27,"key":"Molten Egg 2"},{"floor":29,"key":"Art of War"}],"event_choices":[{"damage_healed":0,"gold_gain":0,"player_choice":"Leave","damage_taken":0,"max_hp_gain":0,"max_hp_loss":0,"event_name":"The Cleric","floor":4,"gold_loss":0},{"damage_healed":0,"gold_gain":75,"player_choice":"Gather Gold","damage_taken":11,"max_hp_gain":0,"max_hp_loss":0,"event_name":"World of Goop","floor":13,"gold_loss":0},{"damage_healed":0,"gold_gain":100,"player_choice":"Bet on Murderer","damage_taken":0,"max_hp_gain":0,"max_hp_loss":0,"event_name":"The Joust","floor":19,"gold_loss":50}],"is_beta":false,"boss_relics":[{"not_picked":["Eternal Feather","Runic Pyramid"],"picked":"Calling Bell"}],"items_purged_floors":[20,22],"is_endless":false,"potions_floor_spawned":[3,7,10,12,14,18,27,30,31],"killed_by":"Automaton","ascension_level":1}