{"gold_per_floor":[116,9,9,26,38,38,70,70,70,95,45,59,76,76,88,196,208,238,250,12,24,40,40,73,73,120,137,21,21,21,38,38,38],"floor_reached":33,"playtime":2183,"items_purged":[],"score":410,"play_id":"46629d67-6bf9-42f8-9d0b-93634f4e47b8","local_time":"20181130181331","is_ascension_mode":true,"campfire_choices":[{"data":"Neutralize","floor":6,"key":"SMITH"},{"floor":8,"key":"REST"},{"data":"Footwork","floor":15,"key":"SMITH"},{"floor":23,"key":"REST"},{"floor":25,"key":"REST"},{"data":"Footwork","floor":32,"key":"SMITH"}],"neow_cost":"NONE","seed_source_timestamp":19679466515977,"circlet_count":0,"master_deck":["Defend_G","Defend_G","Defend_G","Defend_G","Defend_G","Strike_G","Strike_G","Strike_G","Survivor","Neutralize+1","Noxious Fumes","Footwork+1","Deadly Poison","Reflex","Cloak And Dagger","Poisoned Stab","Cloak And Dagger","Dagger Throw","Footwork+1","Envenom+1","Dagger Throw+1","Slice","Well Laid Plans+1","Dodge and Roll+1","Noxious Fumes+1","Blade Dance","Backstab","Caltrops+1","RitualDagger","Backflip+1"],"relics":["Ring of the Snake","Strawberry","Pear","Ornamental Fan","The Courier","MawBank","WristBlade","Bird Faced Urn","Frozen Egg 2","Potion Belt"],"potions_floor_usage":[10,16,24,33],"damage_taken":[{"damage":2,"enemies":"2 Louse","floor":1,"turns":5},{"damage":0,"enemies":"Cultist","floor":4,"turns":5},{"damage":3,"enemies":"Small Slimes","floor":5,"turns":5},{"damage":47,"enemies":"Gremlin Nob","floor":7,"turns":6},{"damage":2,"enemies":"Lagavulin","floor":10,"turns":8},{"damage":3,"enemies":"2 Fungi Beasts","floor":12,"turns":4},{"damage":2,"enemies":"Exordium Thugs","floor":13,"turns":8},{"damage":17,"enemies":"The Guardian","floor":16,"turns":10},{"damage":0,"enemies":"Chosen","floor":18,"turns":6},{"damage":3,"enemies":"2 Thieves","floor":21,"turns":4},{"damage":38,"enemies":"Snecko","floor":22,"turns":8},{"damage":55,"enemies":"Gremlin Leader","floor":24,"turns":10},{"damage":3,"enemies":"Cultist and Chosen","floor":27,"turns":7},{"damage":15,"enemies":"Centurion and Healer","floor":31,"turns":8},{"damage":64,"enemies":"Automaton","floor":33,"turns":6}],"seed_played":"-979739820408612714","potions_obtained":[{"floor":7,"key":"Regen Potion"},{"floor":10,"key":"Poison Potion"},{"floor":13,"key":"SteroidPotion"},{"floor":22,"key":"AttackPotion"},{"floor":24,"key":"FearPotion"}],"is_trial":false,"path_per_floor":["M","$","?","M","M","R","E","R","T","E","?","M","M","?","R","B",null,"M","?","$","M","M","R","E","R","T","M","$","?","?","M","R","B"],"character_chosen":"THE_SILENT","items_purchased":["Footwork","Deadly Poison","Slice","Bird Faced Urn","Backstab","Caltrops+1"],"campfire_rested":3,"item_purchase_floors":[2,2,20,20,28,28],"current_hp_per_floor":[68,68,68,68,65,65,28,54,54,67,67,64,62,50,50,33,74,74,74,74,75,43,69,24,50,50,59,59,59,53,50,50,0],"gold":38,"neow_bonus":"RANDOM_COMMON_RELIC","is_prod":false,"is_daily":false,"chose_seed":false,"campfire_upgraded":3,"win_rate":0,"timestamp":1543598011,"path_taken":["M","$","?","M","?","R","E","R","T","E","?","M","M","?","R","BOSS","M","?","$","M","M","R","E","R","T","M","?","?","?","M","R","BOSS"],"build_version":"2018-11-15","purchased_purges":0,"victory":false,"max_hp_per_floor":[77,77,77,77,77,77,87,87,87,87,87,87,87,87,87,87,87,87,87,87,87,87,87,87,87,87,87,87,87,87,87,87,87],"card_choices":[{"not_picked":["Dodge and Roll","PiercingWail"],"picked":"Noxious Fumes","floor":1},{"not_picked":["Riddle With Holes","Prepared"],"picked":"Cloak And Dagger","floor":4},{"not_picked":["Infinite Blades","Eviscerate","Calculated Gamble"],"picked":"SKIP","floor":5},{"not_picked":["Deflect","Underhanded Strike"],"picked":"Poisoned Stab","floor":7},{"not_picked":["Underhanded Strike","Dagger Spray"],"picked":"Cloak And Dagger","floor":10},{"not_picked":["Predator","Distraction"],"picked":"Dagger Throw","floor":12},{"not_picked":["Setup","Masterful Stab"],"picked":"Footwork","floor":13},{"not_picked":["Die Die Die","Bullet Time"],"picked":"Envenom","floor":16},{"not_picked":["Deadly Poison","Underhanded Strike+1"],"picked":"Dagger Throw+1","floor":18},{"not_picked":["Infinite Blades","Deflect"],"picked":"Well Laid Plans+1","floor":21},{"not_picked":["Quick Slash","Dagger Throw"],"picked":"Dodge and Roll+1","floor":22},{"not_picked":["Skewer","Sucker Punch"],"picked":"Noxious Fumes+1","floor":24},{"not_picked":["Dodge and Roll","Dagger Spray"],"picked":"Blade Dance","floor":27},{"not_picked":["Sucker Punch","Masterful Stab"],"picked":"Backflip+1","floor":31}],"player_experience":284739,"relics_obtained":[{"floor":7,"key":"Pear"},{"floor":9,"key":"Ornamental Fan"},{"floor":10,"key":"The Courier"},{"floor":24,"key":"Frozen Egg 2"},{"floor":26,"key":"Potion Belt"}],"event_choices":[{"damage_healed":0,"gold_gain":0,"cards_transformed":["Strike_G"],"player_choice":"Transformed","damage_taken":0,"max_hp_gain":0,"max_hp_loss":0,"event_name":"Transmorgrifier","floor":3,"gold_loss":0,"cards_obtained":["Reflex"]},{"cards_removed":["Strike_G"],"damage_healed":0,"gold_gain":0,"player_choice":"Card Removal","damage_taken":0,"max_hp_gain":0,"max_hp_loss":0,"event_name":"The Cleric","floor":11,"gold_loss":50},{"damage_healed":0,"gold_gain":0,"player_choice":"Success","damage_taken":12,"relics_obtained":["MawBank"],"max_hp_gain":0,"max_hp_loss":0,"event_name":"Scrap Ooze","floor":14,"gold_loss":0},{"damage_healed":0,"gold_gain":0,"player_choice":"Upgraded","damage_taken":0,"max_hp_gain":0,"max_hp_loss":0,"event_name":"Upgrade Shrine","floor":19,"gold_loss":0,"cards_upgraded":["Envenom"]},{"damage_healed":0,"gold_gain":0,"player_choice":"Joined the Cult","damage_taken":6,"max_hp_gain":0,"max_hp_loss":0,"event_name":"Nest","floor":30,"gold_loss":0,"cards_obtained":["RitualDagger"]}],"is_beta":false,"boss_relics":[{"not_picked":["Eternal Feather","Snecko Eye"],"picked":"WristBlade"}],"items_purged_floors":[],"is_endless":false,"potions_floor_spawned":[7,10,13,22,24],"killed_by":"Automaton","ascension_level":8}