{"gold_per_floor":[118,130,18,35,45,45,63,91,91,3,21,32,66,91,103,115],"floor_reached":16,"playtime":523,"items_purged":[],"score":162,"play_id":"1925e602-8c96-4d63-94e5-f0fd2798fd11","local_time":"20190223173007","is_ascension_mode":true,"campfire_choices":[{"data":"Seeing Red","floor":6,"key":"SMITH"},{"floor":15,"key":"REST"}],"neow_cost":"NONE","seed_source_timestamp":517090037518999,"circlet_count":0,"master_deck":["Strike_R","Strike_R","Strike_R","Strike_R","Strike_R","Defend_R","Defend_R","Defend_R","Defend_R","Bash","Pommel Strike","Pummel","Seeing Red+1","Carnage","Pommel Strike","Combust","Demon Form","Feel No Pain","Clothesline","Twin Strike","Armaments","Rupture","Headbutt"],"relics":["Burning Blood","NeowsBlessing","Pen Nib","Oddly Smooth Stone","MawBank"],"potions_floor_usage":[8,11,13,14],"damage_taken":[{"damage":0,"enemies":"Cultist","floor":1,"turns":1},{"damage":0,"enemies":"2 Louse","floor":2,"turns":1},{"damage":0,"enemies":"Jaw Worm","floor":4,"turns":1},{"damage":8,"enemies":"3 Louse","floor":5,"turns":4},{"damage":2,"enemies":"2 Fungi Beasts","floor":7,"turns":4},{"damage":33,"enemies":"Lagavulin","floor":8,"turns":4},{"damage":18,"enemies":"Exordium Wildlife","floor":11,"turns":4},{"damage":21,"enemies":"Large Slime","floor":12,"turns":6},{"damage":8,"enemies":"Gremlin Nob","floor":13,"turns":3},{"damage":22,"enemies":"3 Louse","floor":14,"turns":2},{"damage":32,"enemies":"Hexaghost","floor":16,"turns":7}],"seed_played":"-3608127117832817228","potions_obtained":[{"floor":1,"key":"Energy Potion"},{"floor":4,"key":"Weak Potion"},{"floor":7,"key":"FearPotion"},{"floor":13,"key":"SneckoOil"}],"is_trial":false,"path_per_floor":["M","M","$","M","M","R","M","E","T","$","M","M","E","M","R","B"],"character_chosen":"IRONCLAD","items_purchased":["Pummel","Seeing Red","Feel No Pain","Clothesline"],"campfire_rested":1,"item_purchase_floors":[3,3,10,10],"current_hp_per_floor":[78,80,80,80,78,78,80,53,53,53,41,26,24,8,32,0],"gold":115,"neow_bonus":"THREE_ENEMY_KILL","is_prod":false,"is_daily":false,"chose_seed":false,"campfire_upgraded":1,"win_rate":0,"timestamp":1550939407,"path_taken":["M","M","$","M","M","R","M","E","T","$","M","?","E","M","R","BOSS"],"build_version":"2019-01-23","purchased_purges":0,"victory":false,"max_hp_per_floor":[80,80,80,80,80,80,80,80,80,80,80,80,80,80,80,80],"card_choices":[{"not_picked":["Burning Pact","Warcry","Anger"],"picked":"SKIP","floor":1},{"not_picked":["Metallicize","Warcry"],"picked":"Pommel Strike","floor":2},{"not_picked":["Seeing Red","Clash"],"picked":"Carnage","floor":4},{"not_picked":["Iron Wave","Sword Boomerang"],"picked":"Pommel Strike","floor":5},{"not_picked":["True Grit","Warcry"],"picked":"Combust","floor":7},{"not_picked":["Seeing Red","Shrug It Off"],"picked":"Demon Form","floor":8},{"not_picked":["Dual Wield","Pommel Strike"],"picked":"Twin Strike","floor":11},{"not_picked":["Shrug It Off","Body Slam"],"picked":"Armaments","floor":12},{"not_picked":["Ghostly Armor","Infernal Blade"],"picked":"Rupture","floor":13},{"not_picked":["Wild Strike","Searing Blow"],"picked":"Headbutt","floor":14}],"player_experience":745638,"relics_obtained":[{"floor":8,"key":"Pen Nib"},{"floor":9,"key":"Oddly Smooth Stone"},{"floor":13,"key":"MawBank"}],"event_choices":[],"is_beta":false,"boss_relics":[],"items_purged_floors":[],"is_endless":false,"potions_floor_spawned":[1,4,7,13],"killed_by":"Hexaghost","ascension_level":8}