{"gold_per_floor":[117,133,151,168,181,181,211,27,50,76,76,88,88,108,108,208,208,219,194,213,213,227,227,255,255,310,320,354,364,27,45,45,143,143,156,256,11,11,27,27,27],"floor_reached":41,"playtime":1874,"items_purged":[],"score":606,"play_id":"95ee3b5b-a640-44c5-9b49-270d1e775e9a","local_time":"20190222194834","is_ascension_mode":true,"campfire_choices":[{"data":"Inflame","floor":6,"key":"SMITH"},{"data":"Limit Break","floor":11,"key":"SMITH"},{"data":"Entrench","floor":13,"key":"SMITH"},{"data":"Barricade","floor":15,"key":"SMITH"},{"data":"Rage","floor":23,"key":"SMITH"},{"floor":25,"key":"REST"},{"floor":32,"key":"REST"},{"data":"Demon Form","floor":40,"key":"SMITH"}],"neow_cost":"TEN_PERCENT_HP_LOSS","seed_source_timestamp":437644380297602,"circlet_count":0,"master_deck":["Strike_R","Strike_R","Strike_R","Strike_R","Strike_R","Defend_R","Defend_R","Defend_R","Defend_R","Bash","Rampage","Pommel Strike","Headbutt","Uppercut","Impervious","Inflame+1","Ghostly Armor","Iron Wave","Entrench+1","Limit Break+1","True Grit","Burning Pact","Flex","Rage+1","Barricade+1","Whirlwind","Fiend Fire","Shrug It Off+1","Inflame","Power Through","Disarm+1","Feel No Pain","Rage","Dropkick","Demon Form+1","Heavy Blade+1","Seeing Red+1","Metallicize","Shrug It Off","Body Slam"],"relics":["Burning Blood","Prayer Wheel","FossilizedHelix","Bag of Marbles","Happy Flower","Busted Crown","Regal Pillow","Strawberry","Boot","Art of War","Mark of Pain","Bird Faced Urn"],"potions_floor_usage":[7,7,10,10,10,14,14,14,19,24,28,29,33,36,36,41,41],"damage_taken":[{"damage":6,"enemies":"Cultist","floor":1,"turns":4},{"damage":9,"enemies":"Jaw Worm","floor":2,"turns":3},{"damage":10,"enemies":"2 Louse","floor":3,"turns":2},{"damage":21,"enemies":"Large Slime","floor":4,"turns":7},{"damage":13,"enemies":"Red Slaver","floor":5,"turns":4},{"damage":10,"enemies":"Lagavulin","floor":7,"turns":7},{"damage":12,"enemies":"Gremlin Nob","floor":10,"turns":4},{"damage":0,"enemies":"Blue Slaver","floor":12,"turns":2},{"damage":0,"enemies":"3 Louse","floor":14,"turns":4},{"damage":14,"enemies":"Slime Boss","floor":16,"turns":14},{"damage":0,"enemies":"3 Byrds","floor":18,"turns":3},{"damage":18,"enemies":"2 Thieves","floor":19,"turns":5},{"damage":32,"enemies":"Snake Plant","floor":20,"turns":5},{"damage":0,"enemies":"Cultist and Chosen","floor":22,"turns":6},{"damage":22,"enemies":"Slavers","floor":24,"turns":5},{"damage":0,"enemies":"Snecko","floor":27,"turns":6},{"damage":22,"enemies":"Book of Stabbing","floor":28,"turns":7},{"damage":25,"enemies":"3 Cultists","floor":29,"turns":6},{"damage":14,"enemies":"Centurion and Healer","floor":31,"turns":10},{"damage":47,"enemies":"Automaton","floor":33,"turns":12},{"damage":61,"enemies":"3 Darklings","floor":35,"turns":8},{"damage":0,"enemies":"Mind Bloom Boss Battle","floor":36,"turns":6},{"damage":5,"enemies":"Orb Walker","floor":39,"turns":7},{"damage":78,"enemies":"Reptomancer","floor":41,"turns":5}],"seed_played":"-8698944459236925205","potions_obtained":[{"floor":1,"key":"Poison Potion"},{"floor":5,"key":"Poison Potion"},{"floor":7,"key":"EntropicBrew"},{"floor":10,"key":"AttackPotion"},{"floor":12,"key":"BloodPotion"},{"floor":14,"key":"LiquidBronze"},{"floor":18,"key":"Swift Potion"},{"floor":21,"key":"AttackPotion"},{"floor":21,"key":"Dexterity Potion"},{"floor":27,"key":"Ancient Potion"},{"floor":28,"key":"SteroidPotion"},{"floor":35,"key":"BloodPotion"}],"is_trial":false,"path_per_floor":["M","M","M","M","M","R","E","$","T","E","R","M","R","M","R","B",null,"M","M","M","?","M","R","E","R","T","M","E","M","$","M","R","B",null,"M","?","$","?","M","R","E"],"character_chosen":"IRONCLAD","items_purchased":["Limit Break","True Grit","Art of War","Feel No Pain","Rage","Dropkick","Metallicize","Shrug It Off","EssenceOfSteel","EssenceOfSteel"],"campfire_rested":2,"item_purchase_floors":[8,8,30,30,30,30,37,37,37,37],"current_hp_per_floor":[72,69,65,50,43,43,39,39,39,45,45,51,51,71,71,63,70,72,60,34,34,40,40,24,60,67,73,57,38,38,30,68,27,66,11,24,24,69,69,69,0],"gold":27,"neow_bonus":"ONE_RARE_RELIC","is_prod":false,"is_daily":false,"chose_seed":false,"campfire_upgraded":6,"win_rate":0,"timestamp":1550861314,"path_taken":["M","M","M","?","M","R","E","?","T","E","R","M","R","M","R","BOSS","M","M","M","?","M","R","E","R","T","M","E","M","$","?","R","BOSS","M","?","$","?","M","R","E"],"build_version":"2019-01-23","purchased_purges":0,"victory":false,"max_hp_per_floor":[72,72,72,72,72,72,72,72,72,72,72,72,72,72,72,72,72,72,72,72,72,72,72,72,72,79,79,79,79,79,79,79,79,79,79,79,79,69,69,69,69],"card_choices":[{"not_picked":["Iron Wave","Entrench"],"picked":"Rampage","floor":1},{"not_picked":["Evolve","Intimidate","Flex"],"picked":"SKIP","floor":1},{"not_picked":["Sentinel","Wild Strike"],"picked":"Pommel Strike","floor":2},{"not_picked":["Armaments","Clash"],"picked":"Headbutt","floor":2},{"not_picked":["Heavy Blade","Flex"],"picked":"Uppercut","floor":3},{"not_picked":["Body Slam","Thunderclap","Uppercut"],"picked":"SKIP","floor":3},{"not_picked":["Sentinel","Rage"],"picked":"Impervious","floor":4},{"not_picked":["Pommel Strike","Headbutt"],"picked":"Inflame","floor":4},{"not_picked":["Wild Strike","Pommel Strike"],"picked":"Ghostly Armor","floor":5},{"not_picked":["Twin Strike","Evolve"],"picked":"Iron Wave","floor":5},{"not_picked":["Hemokinesis","Anger"],"picked":"Entrench","floor":7},{"not_picked":["Headbutt","Cleave"],"picked":"Burning Pact","floor":10},{"not_picked":["Perfected Strike","Iron Wave"],"picked":"Flex","floor":12},{"not_picked":["Perfected Strike","Headbutt"],"picked":"Rage","floor":12},{"not_picked":["Evolve","Ghostly Armor"],"picked":"Barricade","floor":14},{"not_picked":["Evolve","Cleave"],"picked":"Whirlwind","floor":14},{"not_picked":["Barricade","Berserk"],"picked":"Fiend Fire","floor":16},{"not_picked":[],"picked":"Shrug It Off+1","floor":18},{"not_picked":["Clash+1"],"picked":"SKIP","floor":18},{"not_picked":[],"picked":"Inflame","floor":19},{"not_picked":["Flex"],"picked":"SKIP","floor":19},{"not_picked":[],"picked":"Power Through","floor":20},{"not_picked":["Clash"],"picked":"SKIP","floor":20},{"not_picked":["Sword Boomerang"],"picked":"SKIP","floor":22},{"not_picked":["Perfected Strike"],"picked":"SKIP","floor":22},{"not_picked":["Sever Soul"],"picked":"SKIP","floor":24},{"not_picked":["Clothesline+1"],"picked":"SKIP","floor":27},{"not_picked":["Clothesline"],"picked":"SKIP","floor":27},{"not_picked":[],"picked":"Disarm+1","floor":28},{"not_picked":["Warcry"],"picked":"SKIP","floor":29},{"not_picked":["Inflame+1"],"picked":"SKIP","floor":29},{"not_picked":["Sword Boomerang+1"],"picked":"SKIP","floor":31},{"not_picked":["Wild Strike"],"picked":"SKIP","floor":31},{"not_picked":[],"picked":"Demon Form","floor":33},{"not_picked":[],"picked":"Heavy Blade+1","floor":35},{"not_picked":[],"picked":"Seeing Red+1","floor":35},{"not_picked":[],"picked":"Body Slam","floor":39},{"not_picked":["Havoc+1"],"picked":"SKIP","floor":39}],"player_experience":720704,"relics_obtained":[{"floor":7,"key":"FossilizedHelix"},{"floor":9,"key":"Bag of Marbles"},{"floor":10,"key":"Happy Flower"},{"floor":24,"key":"Regal Pillow"},{"floor":26,"key":"Strawberry"},{"floor":28,"key":"Boot"},{"floor":36,"key":"Bird Faced Urn"}],"event_choices":[{"damage_healed":0,"gold_gain":0,"player_choice":"Got Potions","damage_taken":0,"max_hp_gain":0,"max_hp_loss":0,"event_name":"Lab","floor":21,"gold_loss":0},{"damage_healed":0,"gold_gain":0,"player_choice":"Fight","damage_taken":0,"max_hp_gain":0,"max_hp_loss":0,"event_name":"MindBloom","floor":36,"gold_loss":0},{"damage_healed":69,"gold_gain":0,"player_choice":"Heal","damage_taken":0,"max_hp_gain":0,"max_hp_loss":10,"event_name":"The Moai Head","floor":38,"gold_loss":0}],"is_beta":false,"boss_relics":[{"not_picked":["Sozu","Black Star"],"picked":"Busted Crown"},{"not_picked":["Runic Pyramid","Runic Cube"],"picked":"Mark of Pain"}],"items_purged_floors":[],"is_endless":false,"potions_floor_spawned":[1,5,7,10,12,14,18,22,27,28,35],"killed_by":"Reptomancer","ascension_level":6}