{"gold_per_floor":[213,223,242,242,242,242,257,257,308,322,193,216,216,232,232,363,363,387,387,406,406],"floor_reached":21,"playtime":780,"items_purged":["Strike_G"],"score":260,"play_id":"87f7ab68-d1d5-4a6e-a454-1d3dab49a514","local_time":"20190120110408","is_ascension_mode":true,"campfire_choices":[{"data":"Neutralize","floor":6,"key":"SMITH"},{"data":"Noxious Fumes","floor":8,"key":"SMITH"},{"floor":13,"key":"REST"},{"data":"Noxious Fumes","floor":15,"key":"SMITH"}],"neow_cost":"NONE","seed_source_timestamp":4319315010015,"circlet_count":0,"master_deck":["AscendersBane","Defend_G","Defend_G","Defend_G","Defend_G","Defend_G","Strike_G","Strike_G","Strike_G","Strike_G","Survivor","Neutralize+1","Escape Plan","Poisoned Stab","Dagger Throw","Noxious Fumes+1","Caltrops","Flying Knee","Deflect","Noxious Fumes+1","After Image","Bane+1","Deadly Poison"],"relics":["Ring of the Snake","Golden Idol","Blood Vial","Philosopher\u0027s Stone"],"potions_floor_usage":[10,16,18],"damage_taken":[{"damage":0,"enemies":"Small Slimes","floor":1,"turns":5},{"damage":0,"enemies":"2 Louse","floor":2,"turns":4},{"damage":0,"enemies":"Jaw Worm","floor":3,"turns":4},{"damage":4,"enemies":"Looter","floor":7,"turns":4},{"damage":22,"enemies":"Large Slime","floor":10,"turns":6},{"damage":5,"enemies":"Blue Slaver","floor":12,"turns":4},{"damage":5,"enemies":"Red Slaver","floor":14,"turns":4},{"damage":12,"enemies":"Hexaghost","floor":16,"turns":9},{"damage":30,"enemies":"2 Thieves","floor":18,"turns":4},{"damage":28,"enemies":"3 Byrds","floor":20,"turns":5},{"damage":13,"enemies":"Sentry and Sphere","floor":21,"turns":2}],"seed_played":"1452880163211049398","potions_obtained":[{"floor":2,"key":"SpeedPotion"},{"floor":7,"key":"FearPotion"},{"floor":10,"key":"GhostInAJar"},{"floor":16,"key":"Explosive Potion"},{"floor":18,"key":"Strength Potion"},{"floor":20,"key":"GamblersBrew"}],"is_trial":false,"path_per_floor":["M","M","M","?","?","R","M","R","T","M","$","M","R","M","R","B",null,"M","?","M","M"],"character_chosen":"THE_SILENT","items_purchased":["Flying Knee"],"campfire_rested":1,"item_purchase_floors":[11],"current_hp_per_floor":[63,63,63,70,65,65,61,61,61,41,41,38,57,54,54,44,60,32,32,6,0],"gold":406,"neow_bonus":"HUNDRED_GOLD","is_prod":false,"is_daily":false,"chose_seed":false,"campfire_upgraded":3,"win_rate":0,"timestamp":1547978648,"path_taken":["M","M","M","?","?","R","M","R","T","M","$","M","R","M","R","BOSS","M","?","M","M"],"build_version":"2019-01-17v2","purchased_purges":1,"victory":false,"max_hp_per_floor":[70,70,70,70,65,65,65,65,65,65,65,65,65,65,65,65,65,65,65,65,65],"card_choices":[{"not_picked":["Acrobatics","Bane"],"picked":"Escape Plan","floor":1},{"not_picked":["Blade Dance","Escape Plan"],"picked":"Poisoned Stab","floor":2},{"not_picked":["Crippling Poison","Prepared"],"picked":"Dagger Throw","floor":3},{"not_picked":["Prepared","Catalyst"],"picked":"Noxious Fumes","floor":7},{"not_picked":["Masterful Stab","Skewer"],"picked":"Caltrops","floor":10},{"not_picked":["Underhanded Strike","Dagger Throw"],"picked":"Deflect","floor":12},{"not_picked":["Expertise","Sucker Punch"],"picked":"Noxious Fumes","floor":14},{"not_picked":["Tools of the Trade","Glass Knife"],"picked":"After Image","floor":16},{"not_picked":["Sucker Punch","Blade Dance"],"picked":"Bane+1","floor":18},{"not_picked":["Poisoned Stab","Quick Slash"],"picked":"Deadly Poison","floor":20}],"player_experience":541318,"relics_obtained":[{"floor":9,"key":"Blood Vial"}],"event_choices":[{"damage_healed":23,"gold_gain":0,"player_choice":"Banana","damage_taken":0,"max_hp_gain":0,"max_hp_loss":0,"event_name":"Big Fish","floor":4,"gold_loss":0},{"damage_healed":0,"gold_gain":0,"player_choice":"Lose Max HP","damage_taken":0,"relics_obtained":["Golden Idol"],"max_hp_gain":0,"max_hp_loss":5,"event_name":"Golden Idol","floor":5,"gold_loss":0},{"damage_healed":0,"gold_gain":0,"player_choice":"Ignored","damage_taken":0,"max_hp_gain":0,"max_hp_loss":0,"event_name":"The Mausoleum","floor":19,"gold_loss":0}],"is_beta":false,"boss_relics":[{"not_picked":["Tiny House","Velvet Choker"],"picked":"Philosopher\u0027s Stone"}],"items_purged_floors":[11],"is_endless":false,"potions_floor_spawned":[2,7,10,16,18,20],"killed_by":"Sentry and Sphere","ascension_level":10}