{"gold_per_floor":[112,43,63,63,86,86,114,129,129,5,23,23,33,45,45,144,144,157,169,169,188,188,188],"floor_reached":23,"playtime":1579,"items_purged":["Strike_G"],"score":192,"play_id":"6b312ff8-f2ac-4e13-913d-0a41d9fa80cb","local_time":"20181207163754","is_ascension_mode":true,"campfire_choices":[{"data":"Neutralize","floor":6,"key":"SMITH"},{"floor":12,"key":"REST"},{"data":"Footwork","floor":15,"key":"SMITH"}],"neow_cost":"NONE","seed_source_timestamp":417618419791305,"circlet_count":0,"master_deck":["Defend_G","Defend_G","Defend_G","Defend_G","Defend_G","Strike_G","Strike_G","Strike_G","Strike_G","Survivor","Neutralize+1","Cloak And Dagger","Deadly Poison","Noxious Fumes","Backflip","PiercingWail","Deflect","Poisoned Stab","Bullet Time","Footwork+1","Dagger Spray","Envenom","Backflip","Leg Sweep","Acrobatics+1"],"relics":["Ring of the Snake","Snake Skull","Regal Pillow","Odd Mushroom","Potion Belt","Black Star"],"potions_floor_usage":[16,16,21,21,22,23],"damage_taken":[{"damage":0,"enemies":"Jaw Worm","floor":1,"turns":8},{"damage":7,"enemies":"Small Slimes","floor":3,"turns":4},{"damage":8,"enemies":"The Mushroom Lair","floor":7,"turns":5},{"damage":0,"enemies":"Cultist","floor":8,"turns":4},{"damage":12,"enemies":"3 Louse","floor":11,"turns":5},{"damage":0,"enemies":"Blue Slaver","floor":13,"turns":4},{"damage":0,"enemies":"Looter","floor":14,"turns":4},{"damage":3,"enemies":"The Guardian","floor":16,"turns":10},{"damage":4,"enemies":"Spheric Guardian","floor":18,"turns":4},{"damage":5,"enemies":"Shell Parasite","floor":19,"turns":8},{"damage":19,"enemies":"Cultist and Chosen","floor":21,"turns":7},{"damage":10,"enemies":"Colosseum Slavers","floor":22,"turns":6},{"damage":35,"enemies":"Book of Stabbing","floor":23,"turns":11}],"seed_played":"-6486703120778622315","potions_obtained":[{"floor":11,"key":"Weak Potion"},{"floor":13,"key":"Ancient Potion"},{"floor":14,"key":"EssenceOfSteel"},{"floor":19,"key":"AttackPotion"},{"floor":20,"key":"GamblersBrew"},{"floor":20,"key":"Explosive Potion"},{"floor":20,"key":"Poison Potion"}],"is_trial":false,"path_per_floor":["M","$","M","?","T","R","?","M","T","$","M","R","M","M","R","B",null,"M","M","?","M","?","E"],"character_chosen":"THE_SILENT","items_purchased":["Noxious Fumes","Poisoned Stab"],"campfire_rested":1,"item_purchase_floors":[2,10],"current_hp_per_floor":[70,70,63,51,51,51,43,43,43,43,31,67,67,67,67,64,70,66,61,61,42,32,0],"gold":188,"neow_bonus":"THREE_CARDS","is_prod":false,"is_daily":false,"chose_seed":false,"campfire_upgraded":2,"win_rate":0,"timestamp":1544197074,"path_taken":["M","$","M","?","?","R","?","M","T","$","M","R","M","M","R","BOSS","M","M","?","?","?","E"],"build_version":"2018-12-06","purchased_purges":1,"victory":false,"max_hp_per_floor":[70,70,70,70,70,70,70,70,70,70,70,70,70,70,70,70,70,70,70,70,70,70,70],"card_choices":[{"not_picked":["PiercingWail","Outmaneuver"],"picked":"Cloak And Dagger","floor":0},{"not_picked":["Catalyst","Outmaneuver"],"picked":"Deadly Poison","floor":1},{"not_picked":["Cloak And Dagger","Riddle With Holes"],"picked":"Backflip","floor":3},{"not_picked":["Deadly Poison","Backflip"],"picked":"PiercingWail","floor":7},{"not_picked":["Cloak And Dagger","Prepared"],"picked":"Deflect","floor":8},{"not_picked":["Riddle With Holes","Deflect"],"picked":"Bullet Time","floor":11},{"not_picked":["Flying Knee","Slice"],"picked":"Footwork","floor":13},{"not_picked":["Leg Sweep","Blade Dance"],"picked":"Dagger Spray","floor":14},{"not_picked":["Unload","Malaise"],"picked":"Envenom","floor":16},{"not_picked":["Quick Slash","Reflex+1"],"picked":"Backflip","floor":18},{"not_picked":["Acrobatics","Slice"],"picked":"Leg Sweep","floor":19},{"not_picked":["Tactician","Riddle With Holes"],"picked":"Acrobatics+1","floor":21}],"player_experience":368341,"relics_obtained":[{"floor":5,"key":"Regal Pillow"},{"floor":7,"key":"Odd Mushroom"},{"floor":9,"key":"Potion Belt"}],"event_choices":[{"damage_healed":0,"gold_gain":0,"player_choice":"Success","damage_taken":12,"relics_obtained":["Snake Skull"],"max_hp_gain":0,"max_hp_loss":0,"event_name":"Scrap Ooze","floor":4,"gold_loss":0},{"damage_healed":0,"gold_gain":0,"player_choice":"Fought Mushrooms","damage_taken":0,"max_hp_gain":0,"max_hp_loss":0,"event_name":"Mushrooms","floor":7,"gold_loss":0},{"damage_healed":0,"gold_gain":0,"player_choice":"Got Potions","damage_taken":0,"max_hp_gain":0,"max_hp_loss":0,"event_name":"Lab","floor":20,"gold_loss":0},{"damage_healed":0,"gold_gain":0,"player_choice":"Fight","damage_taken":0,"max_hp_gain":0,"max_hp_loss":0,"event_name":"Colosseum","floor":22,"gold_loss":0},{"damage_healed":0,"gold_gain":0,"player_choice":"Fled From Nobs","damage_taken":0,"max_hp_gain":0,"max_hp_loss":0,"event_name":"Colosseum","floor":22,"gold_loss":0}],"is_beta":false,"boss_relics":[{"not_picked":["Empty Cage","Calling Bell"],"picked":"Black Star"}],"items_purged_floors":[10],"is_endless":false,"potions_floor_spawned":[11,13,14,19],"killed_by":"Book of Stabbing","ascension_level":1}