{"gold_per_floor":[112,74,74,84,159,159,173,183,183,213,213,228,244,258,258,353,353,373,345,189,206,26,43,43,43,43,43,62,81,81,96,96,200,200,213,1212,1212,1229,111,111,63,63,117,117,133,133],"floor_reached":46,"playtime":2779,"items_purged":["Defend_G","Defend_G","Normality"],"score":489,"play_id":"a7a3e371-1768-42a7-80e0-9face4e00163","local_time":"20180725174051","is_ascension_mode":false,"campfire_choices":[{"data":"Flying Knee","floor":6,"key":"SMITH"},{"data":"Noxious Fumes","floor":11,"key":"SMITH"},{"data":"Catalyst","floor":15,"key":"SMITH"},{"data":"Adrenaline","floor":25,"key":"SMITH"},{"data":"Footwork","floor":30,"key":"SMITH"},{"data":"Burst","floor":32,"key":"SMITH"},{"floor":40,"key":"REST"},{"data":"Backflip","floor":42,"key":"SMITH"},{"data":"1","floor":44,"key":"LIFT"}],"neow_cost":"NONE","seed_source_timestamp":1036115275190468,"circlet_count":0,"master_deck":["Defend_G","Defend_G","Defend_G","Strike_G","Strike_G","Strike_G","Survivor+1","Neutralize+1","Dagger Spray","Infinite Blades","Flying Knee+1","Noxious Fumes+1","After Image","Catalyst+1","Deflect","Backflip","Adrenaline+1","Outmaneuver+1","Sucker Punch+1","Footwork+1","Prepared+1","Footwork","Acrobatics+1","Writhe","Deadly Poison","Bouncing Flask","Burst+1","Tools of the Trade","PiercingWail+1","Normality","Panache","Dodge and Roll","Leg Sweep","Bandage Up","Backflip+1","Terror+1"],"relics":["Ring of the Snake","Pear","Odd Mushroom","Empty Cage","Mercury Hourglass","The Specimen","HoveringKite","HandDrill","Girya","Boot","Tiny Chest"],"potions_floor_usage":[10,16,16,19,33,33,45],"damage_taken":[{"damage":1,"enemies":"2 Louse","floor":1,"turns":3},{"damage":0,"enemies":"Cultist","floor":4,"turns":5},{"damage":0,"enemies":"Jaw Worm","floor":7,"turns":5},{"damage":0,"enemies":"Looter","floor":8,"turns":3},{"damage":0,"floor":10,"turns":5},{"damage":3,"enemies":"Blue Slaver","floor":12,"turns":4},{"damage":0,"enemies":"2 Fungi Beasts","floor":13,"turns":3},{"damage":1,"enemies":"Looter","floor":14,"turns":4},{"damage":5,"enemies":"The Guardian","floor":16,"turns":9},{"damage":5,"enemies":"Shell Parasite","floor":18,"turns":6},{"damage":17,"enemies":"2 Thieves","floor":19,"turns":5},{"damage":9,"enemies":"Centurion and Healer","floor":21,"turns":12},{"damage":2,"enemies":"Snake Plant","floor":23,"turns":6},{"damage":7,"enemies":"3 Cultists","floor":28,"turns":5},{"damage":15,"enemies":"Centurion and Healer","floor":29,"turns":7},{"damage":5,"enemies":"Snecko","floor":31,"turns":5},{"damage":35,"enemies":"Collector","floor":33,"turns":10},{"damage":43,"enemies":"3 Shapes","floor":35,"turns":4},{"damage":7,"enemies":"Orb Walker","floor":38,"turns":6},{"damage":40,"enemies":"Flame Bruiser 2 Orb","floor":45,"turns":8},{"damage":29,"enemies":"Maw","floor":46,"turns":5}],"seed_played":"-7904890750920412074","potions_obtained":[{"floor":7,"key":"GhostInAJar"},{"floor":8,"key":"SkillPotion"},{"floor":13,"key":"SkillPotion"},{"floor":16,"key":"Dexterity Potion"},{"floor":18,"key":"AttackPotion"},{"floor":29,"key":"LiquidBronze"}],"is_trial":false,"path_per_floor":["M","$","?","M","?","R","M","M","T","?","R","M","M","M","R","B",null,"M","M","$","M","$","M","?","R","T","?","M","M","R","M","R","B",null,"M","?","?","M","$","R","$","R","T","R","M"],"character_chosen":"THE_SILENT","items_purchased":["Infinite Blades","Footwork","Footwork","HandDrill","Girya","Boot","Dodge and Roll","Leg Sweep","Bandage Up","SpeedPotion","Weak Potion","Swift Potion","Backflip"],"campfire_rested":1,"item_purchase_floors":[2,20,22,39,39,39,39,39,39,39,39,39,41],"current_hp_per_floor":[69,69,69,69,58,58,58,58,68,68,68,65,65,64,64,59,80,75,58,58,49,49,47,73,73,73,73,66,51,51,46,46,11,80,37,37,37,30,30,54,54,54,54,54,22,0],"gold":133,"neow_bonus":"UPGRADE_CARD","is_prod":false,"is_daily":false,"chose_seed":false,"campfire_upgraded":7,"win_rate":0.0,"timestamp":1532533251,"path_taken":["M","$","?","M","?","R","M","M","T","?","R","M","M","M","R","BOSS","M","M","$","M","$","M","?","R","T","?","M","M","R","M","R","BOSS","M","?","?","M","$","R","?","R","T","R","M","M"],"build_version":"2018-07-19v2","purchased_purges":3,"victory":false,"max_hp_per_floor":[70,70,70,70,70,70,70,70,80,80,80,80,80,80,80,80,80,80,80,80,80,80,80,80,80,80,80,80,80,80,80,80,80,80,80,80,80,80,80,80,80,80,80,80,80,80],"card_choices":[{"not_picked":["Dagger Throw","Prepared"],"picked":"Dagger Spray","floor":1},{"not_picked":["PiercingWail","Deadly Poison"],"picked":"Flying Knee","floor":4},{"not_picked":["Blur","Poisoned Stab"],"picked":"Noxious Fumes","floor":7},{"not_picked":["PiercingWail","Predator"],"picked":"After Image","floor":8},{"not_picked":["Underhanded Strike","Flying Knee"],"picked":"Catalyst","floor":10},{"not_picked":["Slice","Underhanded Strike"],"picked":"Deflect","floor":12},{"not_picked":["Dagger Spray","Flying Knee"],"picked":"Backflip","floor":13},{"not_picked":["Expertise","Dagger Throw","Poisoned Stab"],"picked":"SKIP","floor":14},{"not_picked":["Tools of the Trade","Doppelganger"],"picked":"Adrenaline","floor":16},{"not_picked":["Flying Knee","Slice+1"],"picked":"Outmaneuver+1","floor":18},{"not_picked":["Dash","Poisoned Stab"],"picked":"Sucker Punch+1","floor":19},{"not_picked":["Bane","Quick Slash+1"],"picked":"Prepared+1","floor":21},{"not_picked":["Flying Knee+1","Finisher"],"picked":"Acrobatics+1","floor":23},{"not_picked":["Dodge and Roll+1","Slice"],"picked":"Deadly Poison","floor":28},{"not_picked":["Masterful Stab+1","PiercingWail"],"picked":"Bouncing Flask","floor":29},{"not_picked":["Sucker Punch+1","Caltrops"],"picked":"Burst","floor":31},{"not_picked":["Wraith Form v2","Burst"],"picked":"Tools of the Trade","floor":33},{"not_picked":["Prepared","Dagger Throw+1"],"picked":"PiercingWail+1","floor":35},{"not_picked":["Panacea","Purity"],"picked":"Panache","floor":37},{"not_picked":["Underhanded Strike+1","Riddle With Holes","Catalyst+1"],"picked":"SKIP","floor":38},{"not_picked":["Bane+1","Dagger Throw"],"picked":"Terror+1","floor":45}],"player_experience":22693,"relics_obtained":[{"floor":9,"key":"Pear"},{"floor":10,"key":"Odd Mushroom"},{"floor":26,"key":"Mercury Hourglass"},{"floor":43,"key":"Tiny Chest"}],"event_choices":[{"event_name":"Upgrade Shrine","player_choice":"Upgraded","floor":3,"damage_taken":0},{"event_name":"World of Goop","player_choice":"Gather Gold","floor":5,"damage_taken":0},{"event_name":"Mushrooms","player_choice":"Fought Mushrooms","floor":10,"damage_taken":0},{"event_name":"The Library","player_choice":"Heal","floor":24,"damage_taken":0},{"event_name":"The Mausoleum","player_choice":"Yes","floor":27,"damage_taken":0},{"event_name":"MindBloom","player_choice":"Gold","floor":36,"damage_taken":0},{"event_name":"SensoryStone","player_choice":"Memory 1","floor":37,"damage_taken":0}],"is_beta":false,"boss_relics":[{"not_picked":["Runic Pyramid","Calling Bell"],"picked":"Empty Cage"},{"not_picked":["Ring of the Serpent","Eternal Feather"],"picked":"HoveringKite"}],"items_purged_floors":[20,22,39],"is_endless":false,"potions_floor_spawned":[7,8,13,16,18,29],"killed_by":"Maw","ascension_level":0}