{"path_per_floor":["M","M","M","?","M","E","R","E","T","?","?","$"],"character_chosen":"DEFECT","items_purchased":["Meat on the Bone","Creative AI","Heatsinks"],"gold_per_floor":[16,33,52,302,321,353,353,381,381,381,409,31,31],"floor_reached":13,"campfire_rested":0,"playtime":968,"item_purchase_floors":[12,12,12],"current_hp_per_floor":[74,74,74,74,64,49,49,27,27,27,12,12,0],"items_purged":[],"gold":31,"score":93,"play_id":"2c8633b5-ee33-4066-9bb7-76b02c83291a","local_time":"20180602002441","is_prod":false,"is_daily":false,"chose_seed":false,"is_ascension_mode":false,"campfire_upgraded":1,"win_rate":0.0,"timestamp":1527913481,"campfire_choices":[{"data":"Redo","floor":7,"key":"SMITH"}],"path_taken":["M","M","M","?","M","E","R","E","T","?","?","?","M"],"build_version":"2018-05-31","seed_source_timestamp":41671001902081,"purchased_purges":0,"victory":false,"master_deck":["Strike_B","Strike_B","Strike_B","Strike_B","Defend_B","Defend_B","Defend_B","Defend_B","Zap","Dualcast","Ball Lightning","Redo+1","Tempest","Regret","Go for the Eyes","Machine Learning","Force Field","Sunder","Creative AI","Heatsinks"],"max_hp_per_floor":[75,75,75,75,75,75,75,75,75,69,69,69,69],"relics":["Cracked Core","Bird Faced Urn","Shuriken","Pantograph","The Courier","Golden Idol","Odd Mushroom","Meat on the Bone"],"card_choices":[{"not_picked":["Chill","Sweeping Beam"],"picked":"Ball Lightning","floor":1},{"not_picked":["Turbo","Cold Snap"],"picked":"Redo","floor":2},{"not_picked":["Consume","Rip and Tear"],"picked":"Tempest","floor":3},{"not_picked":["Stack","Compile Driver"],"picked":"Go for the Eyes","floor":5},{"not_picked":["Undo","Blizzard"],"picked":"Machine Learning","floor":6},{"not_picked":["BootSequence","Coolheaded"],"picked":"Force Field","floor":8},{"not_picked":["Beam Cell","Chaos"],"picked":"Sunder","floor":11}],"player_experience":369378,"potions_floor_usage":[6,11],"damage_taken":[{"damage":1,"enemies":"Cultist","floor":1,"turns":3},{"damage":0,"enemies":"Small Slimes","floor":2,"turns":2},{"damage":0,"enemies":"2 Louse","floor":3,"turns":2},{"damage":10,"enemies":"Looter","floor":5,"turns":3},{"damage":15,"enemies":"Lagavulin","floor":6,"turns":5},{"damage":24,"enemies":"3 Sentries","floor":8,"turns":5},{"damage":15,"enemies":"The Mushroom Lair","floor":11,"turns":3},{"damage":14,"enemies":"Exordium Thugs","floor":13,"turns":3}],"relics_obtained":[{"floor":6,"key":"Shuriken"},{"floor":8,"key":"Pantograph"},{"floor":9,"key":"The Courier"},{"floor":11,"key":"Odd Mushroom"}],"event_choices":[{"event_name":"Golden Shrine","player_choice":"Desecrate","floor":4,"damage_taken":0},{"event_name":"Golden Idol","player_choice":"Lose Max HP","floor":10,"damage_taken":0},{"event_name":"Mushrooms","player_choice":"Fought Mushrooms","floor":11,"damage_taken":0}],"boss_relics":[],"items_purged_floors":[],"potions_floor_spawned":[1,8],"seed_played":"8883096382025644574","killed_by":"Exordium Thugs","ascension_level":0,"potions_obtained":[{"floor":1,"key":"Block Potion"},{"floor":8,"key":"Fire Potion"}],"is_trial":false}