{"gold_per_floor":[113,125,125,141,157,172,198,208,208,240,252,25,25,55,55,150,150,160,160,9,20,31,56,56,56,83,2,13,13,32,50,50,50],"floor_reached":33,"playtime":2974,"items_purged":[],"score":271,"play_id":"fa83e12e-40fb-476c-8e01-e592ee9ba16a","local_time":"20181012085154","is_ascension_mode":false,"campfire_choices":[{"data":"Footwork","floor":11,"key":"SMITH"},{"floor":15,"key":"REST"},{"data":"Cloak And Dagger","floor":24,"key":"SMITH"},{"floor":32,"key":"REST"}],"neow_cost":"NONE","seed_source_timestamp":5241668052430,"circlet_count":0,"master_deck":["Defend_G","Defend_G","Defend_G","Defend_G","Defend_G","Strike_G+1","Strike_G","Strike_G","Strike_G","Strike_G+1","Survivor","Neutralize","Cloak And Dagger","Dash","Dagger Throw","Escape Plan","Footwork+1","Prepared","Cloak And Dagger+1","Die Die Die","Corpse Explosion","Leg Sweep","Blade Dance","Terror","Flying Knee+1","Accuracy","Slice+1"],"relics":["Ring of the Serpent","Whetstone","Oddly Smooth Stone","Ninja Scroll","MawBank","Shuriken","Odd Mushroom","Bag of Marbles","Snake Skull","Centennial Puzzle"],"potions_floor_usage":[14,30,33,33,33],"damage_taken":[{"damage":0,"enemies":"Jaw Worm","floor":1,"turns":5},{"damage":0,"enemies":"Cultist","floor":2,"turns":4},{"damage":0,"enemies":"Small Slimes","floor":4,"turns":3},{"damage":0,"enemies":"Blue Slaver","floor":5,"turns":3},{"damage":0,"enemies":"Looter","floor":6,"turns":3},{"damage":8,"enemies":"3 Sentries","floor":7,"turns":9},{"damage":11,"enemies":"Gremlin Gang","floor":8,"turns":7},{"damage":7,"enemies":"Large Slime","floor":10,"turns":8},{"damage":0,"enemies":"The Mushroom Lair","floor":14,"turns":1},{"damage":7,"enemies":"Slime Boss","floor":16,"turns":10},{"damage":1,"enemies":"2 Thieves","floor":18,"turns":4},{"damage":0,"enemies":"Chosen","floor":21,"turns":4},{"damage":3,"enemies":"Snecko","floor":22,"turns":5},{"damage":27,"enemies":"Book of Stabbing","floor":23,"turns":6},{"damage":10,"enemies":"Centurion and Healer","floor":28,"turns":5},{"damage":23,"enemies":"Snake Plant","floor":30,"turns":5},{"damage":0,"enemies":"Cultist and Chosen","floor":31,"turns":4},{"damage":43,"enemies":"Collector","floor":33,"turns":8}],"seed_played":"4957982717692703966","potions_obtained":[{"floor":4,"key":"SteroidPotion"},{"floor":5,"key":"Regen Potion"},{"floor":10,"key":"Energy Potion"},{"floor":16,"key":"SmokeBomb"},{"floor":21,"key":"Swift Potion"},{"floor":30,"key":"Weak Potion"},{"floor":31,"key":"Explosive Potion"}],"is_trial":false,"path_per_floor":["M","M","?","M","M","M","E","M","T","M","R","$","?","?","R","B",null,"M","?","$","M","M","E","R","$","T","$","M","?","M","M","R"],"character_chosen":"THE_SILENT","items_purchased":["Shuriken","Bag of Marbles","Accuracy"],"campfire_rested":2,"item_purchase_floors":[12,20,27],"current_hp_per_floor":[70,70,70,70,70,70,62,51,51,44,44,44,44,44,65,58,70,69,69,69,69,66,39,39,39,39,39,29,16,7,7,29,0],"gold":50,"neow_bonus":"RANDOM_COMMON_RELIC","is_prod":false,"is_daily":false,"chose_seed":false,"campfire_upgraded":2,"win_rate":0,"timestamp":1539327114,"path_taken":["M","M","?","M","M","M","E","M","T","M","R","$","?","?","R","BOSS","M","?","?","?","M","E","R","$","T","$","?","?","M","M","R","BOSS"],"build_version":"2018-10-04","purchased_purges":0,"victory":false,"max_hp_per_floor":[70,70,70,70,70,70,70,70,70,70,70,70,70,70,70,70,70,70,70,70,70,70,70,70,70,70,70,70,75,75,75,75,75],"card_choices":[{"not_picked":["Dagger Spray","PiercingWail"],"picked":"Cloak And Dagger","floor":1},{"not_picked":["Bane","Outmaneuver"],"picked":"Dash","floor":2},{"not_picked":["Poisoned Stab","Acrobatics"],"picked":"Dagger Throw","floor":4},{"not_picked":["Dodge and Roll","Quick Slash"],"picked":"Escape Plan","floor":5},{"not_picked":["Reflex","Blur"],"picked":"Footwork","floor":6},{"not_picked":["Crippling Poison","Expertise"],"picked":"Prepared","floor":7},{"not_picked":["Tactician","Dash","PiercingWail"],"picked":"SKIP","floor":8},{"not_picked":["Die Die Die","Dagger Spray"],"picked":"Cloak And Dagger","floor":10},{"not_picked":["Malaise","Venomology"],"picked":"Corpse Explosion","floor":16},{"not_picked":["Outmaneuver","Dagger Spray"],"picked":"Leg Sweep","floor":18},{"not_picked":["Noxious Fumes","Escape Plan"],"picked":"Terror","floor":21},{"not_picked":["Dodge and Roll","Crippling Poison"],"picked":"Flying Knee+1","floor":22},{"not_picked":["Eviscerate+1","Acrobatics","Flying Knee+1"],"picked":"SKIP","floor":23},{"not_picked":["Acrobatics","Cloak And Dagger"],"picked":"Slice+1","floor":28},{"not_picked":["Skewer","Sucker Punch","Deflect+1"],"picked":"SKIP","floor":30},{"not_picked":["Underhanded Strike+1","Dodge and Roll","Reflex"],"picked":"SKIP","floor":31}],"player_experience":144497,"relics_obtained":[{"floor":3,"key":"Oddly Smooth Stone"},{"floor":7,"key":"Ninja Scroll"},{"floor":9,"key":"MawBank"},{"floor":14,"key":"Odd Mushroom"},{"floor":23,"key":"Snake Skull"},{"floor":26,"key":"Centennial Puzzle"}],"event_choices":[{"event_name":"Wheel of Change","player_choice":"Relic","floor":3,"damage_taken":0},{"event_name":"Match and Keep!","player_choice":"1 cards matched","floor":13,"damage_taken":0},{"event_name":"Mushrooms","player_choice":"Fought Mushrooms","floor":14,"damage_taken":0},{"event_name":"The Library","player_choice":"Read","floor":19,"damage_taken":0},{"event_name":"Forgotten Altar","player_choice":"Shed Blood","floor":29,"damage_taken":0}],"is_beta":false,"boss_relics":[{"not_picked":["Astrolabe","Coffee Dripper"],"picked":"Ring of the Serpent"}],"items_purged_floors":[],"is_endless":false,"potions_floor_spawned":[4,5,10,16,21,30,31],"killed_by":"Collector","ascension_level":0}