{"gold_per_floor":[116,129,60,77,77,77,108,108,131,131,131,141,73,87,87,192,192,211,211,225,225,7,7,37,51,51,68,68,88,100,100],"floor_reached":31,"playtime":1899,"items_purged":[],"score":308,"play_id":"5850511c-4692-4858-8185-a372a8446d3c","local_time":"20181109100931","is_ascension_mode":true,"campfire_choices":[{"data":"Zap","floor":6,"key":"SMITH"},{"data":"Chill","floor":8,"key":"SMITH"},{"data":"Hologram","floor":10,"key":"SMITH"},{"data":"Blizzard","floor":15,"key":"SMITH"},{"data":"Ghostly","floor":23,"key":"SMITH"}],"neow_cost":"NONE","seed_source_timestamp":20299711889369,"circlet_count":0,"master_deck":["Strike_B","Strike_B","Strike_B","Strike_B","Defend_B","Defend_B","Defend_B","Defend_B","Zap+1","Dualcast","Blizzard+1","Compile Driver","Hologram+1","Gash","Leap","Chill+1","Darkness","Chill","Cold Snap","Creative AI","Rebound","Ghostly+1","Ghostly","Ghostly","Ghostly","Ghostly","Leap+1","Blizzard","Cold Snap+1","Cold Snap+1","Core Surge","Coolheaded+1","Loop"],"relics":["Cracked Core","Potion Belt","Omamori","Dodecahedron","Vajra","Pear","Nuclear Battery","Blood Vial","Bottled Flame","Gremlin Horn"],"potions_floor_usage":[2,27],"damage_taken":[{"damage":0,"enemies":"Cultist","floor":1,"turns":4},{"damage":0,"enemies":"Jaw Worm","floor":2,"turns":3},{"damage":6,"enemies":"Small Slimes","floor":4,"turns":3},{"damage":22,"enemies":"Lagavulin","floor":7,"turns":8},{"damage":5,"enemies":"Exordium Thugs","floor":12,"turns":5},{"damage":0,"enemies":"2 Fungi Beasts","floor":14,"turns":3},{"damage":10,"enemies":"The Guardian","floor":16,"turns":12},{"damage":26,"enemies":"Chosen","floor":18,"turns":7},{"damage":11,"enemies":"3 Byrds","floor":20,"turns":7},{"damage":24,"enemies":"Gremlin Leader","floor":24,"turns":8},{"damage":0,"enemies":"3 Cultists","floor":25,"turns":6},{"damage":3,"enemies":"Shelled Parasite and Fungi","floor":27,"turns":11},{"damage":0,"enemies":"Cultist and Chosen","floor":29,"turns":5},{"damage":20,"enemies":"Snake Plant","floor":30,"turns":5},{"damage":9,"enemies":"Shelled Parasite and Fungi","floor":31,"turns":1}],"seed_played":"-8722091106803470164","potions_obtained":[{"floor":1,"key":"Poison Potion"},{"floor":12,"key":"FearPotion"},{"floor":18,"key":"Weak Potion"},{"floor":24,"key":"SteroidPotion"},{"floor":25,"key":"Explosive Potion"}],"is_trial":false,"path_per_floor":["M","M","$","M","?","R","E","R","T","R","T","M","$","M","R","B",null,"M","?","M","?","$","R","E","M","T","M","$","M","M","M"],"character_chosen":"DEFECT","items_purchased":["Hologram","Gash","Chill","Blizzard","Blood Vial"],"campfire_rested":0,"item_purchase_floors":[3,3,13,22,22],"current_hp_per_floor":[75,75,75,69,66,66,44,44,44,44,54,49,49,49,49,39,85,59,42,31,42,42,42,18,20,20,19,19,21,3,0],"gold":100,"neow_bonus":"RANDOM_COMMON_RELIC","is_prod":false,"is_daily":false,"chose_seed":false,"campfire_upgraded":5,"win_rate":0,"timestamp":1541754571,"path_taken":["M","?","$","M","?","R","E","R","T","R","?","M","$","?","R","BOSS","M","?","M","?","$","R","E","M","T","M","$","M","M","M"],"build_version":"2018-11-01","purchased_purges":0,"victory":false,"max_hp_per_floor":[75,75,75,75,75,75,75,75,75,75,85,85,85,85,85,85,85,85,42,42,42,42,42,42,42,42,42,42,42,42,42],"card_choices":[{"not_picked":["Static Discharge","Rip and Tear"],"picked":"Blizzard","floor":1},{"not_picked":["Reprogram","Self Repair"],"picked":"Compile Driver","floor":2},{"not_picked":["Scrape","Redo"],"picked":"Leap","floor":4},{"not_picked":["Genetic Algorithm","Rip and Tear"],"picked":"Chill","floor":7},{"not_picked":["Fusion","Streamline"],"picked":"Darkness","floor":12},{"not_picked":["Ball Lightning","Compile Driver"],"picked":"Cold Snap","floor":14},{"not_picked":["Buffer","Reboot"],"picked":"Creative AI","floor":16},{"not_picked":["Scrape","Barrage"],"picked":"Rebound","floor":18},{"not_picked":["Beam Cell+1","Sweeping Beam"],"picked":"Leap+1","floor":20},{"not_picked":["Beam Cell+1","Steam"],"picked":"Cold Snap+1","floor":24},{"not_picked":["Rip and Tear","Sweeping Beam"],"picked":"Cold Snap+1","floor":25},{"not_picked":["Cold Snap","Hologram"],"picked":"Core Surge","floor":27},{"not_picked":["Tempest","Redo"],"picked":"Coolheaded+1","floor":29},{"not_picked":["Gash","Undo"],"picked":"Loop","floor":30}],"player_experience":245698,"relics_obtained":[{"floor":7,"key":"Dodecahedron"},{"floor":9,"key":"Vajra"},{"floor":11,"key":"Pear"},{"floor":24,"key":"Bottled Flame"},{"floor":26,"key":"Gremlin Horn"}],"event_choices":[{"damage_healed":0,"gold_gain":0,"player_choice":"Success","damage_taken":3,"relics_obtained":["Omamori"],"max_hp_gain":0,"max_hp_loss":0,"event_name":"Scrap Ooze","floor":5,"gold_loss":0},{"damage_healed":0,"gold_gain":0,"player_choice":"Became a Ghost","damage_taken":0,"max_hp_gain":0,"max_hp_loss":43,"event_name":"Ghosts","floor":19,"gold_loss":0,"cards_obtained":["Ghostly","Ghostly","Ghostly","Ghostly","Ghostly"]},{"damage_healed":11,"gold_gain":0,"player_choice":"Full Heal","damage_taken":0,"max_hp_gain":0,"max_hp_loss":0,"event_name":"Wheel of Change","floor":21,"gold_loss":0}],"is_beta":false,"boss_relics":[{"not_picked":["Ectoplasm","Sozu"],"picked":"Nuclear Battery"}],"items_purged_floors":[],"is_endless":false,"potions_floor_spawned":[1,12,18,24,25],"killed_by":"Shelled Parasite and Fungi","ascension_level":2}