{"gold_per_floor":[114,125,138,138,63,63,82,117,117,134,134,152,152,162,162,266,266,277,277,289,289,306,306,320,320,320,333,333,352,352],"floor_reached":30,"playtime":1215,"items_purged":["Strike_G"],"score":319,"play_id":"ea049535-2684-44c9-8ec3-e2b6348c61b1","local_time":"20190104171933","is_ascension_mode":true,"campfire_choices":[{"data":"Neutralize","floor":6,"key":"SMITH"},{"floor":13,"key":"REST"},{"floor":15,"key":"REST"},{"floor":23,"key":"REST"},{"floor":25,"key":"REST"},{"data":"Distraction","floor":28,"key":"SMITH"}],"neow_cost":"NONE","seed_source_timestamp":233648827202935,"circlet_count":0,"master_deck":["Defend_G","Defend_G","Defend_G","Defend_G","Strike_G","Strike_G","Strike_G","Strike_G","Survivor","Neutralize+1","Distraction+1","Flying Knee","Backflip","Flechettes","Sucker Punch","Venomology","Parasite","Bouncing Flask","Poisoned Stab","Glass Knife","Noxious Fumes","Cloak And Dagger","Slice","Dagger Spray"],"relics":["Ring of the Snake","NeowsBlessing","Happy Flower","Boot","Cursed Key"],"potions_floor_usage":[7,8,8,8,12,14,18,18,22,22,22,24,24,27,29,29],"damage_taken":[{"damage":0,"enemies":"Cultist","floor":1,"turns":1},{"damage":0,"enemies":"Small Slimes","floor":2,"turns":2},{"damage":0,"enemies":"2 Louse","floor":3,"turns":1},{"damage":31,"enemies":"Exordium Thugs","floor":7,"turns":10},{"damage":16,"enemies":"Lagavulin","floor":8,"turns":8},{"damage":0,"enemies":"2 Fungi Beasts","floor":10,"turns":4},{"damage":26,"enemies":"Gremlin Gang","floor":12,"turns":5},{"damage":25,"enemies":"Lots of Slimes","floor":14,"turns":6},{"damage":21,"enemies":"Hexaghost","floor":16,"turns":9},{"damage":4,"enemies":"Shell Parasite","floor":18,"turns":5},{"damage":31,"enemies":"Chosen","floor":20,"turns":5},{"damage":7,"enemies":"Snake Plant","floor":22,"turns":4},{"damage":21,"enemies":"Sentry and Sphere","floor":24,"turns":6},{"damage":15,"enemies":"Centurion and Healer","floor":27,"turns":7},{"damage":16,"enemies":"Chosen and Byrds","floor":29,"turns":5},{"damage":16,"enemies":"Snecko","floor":30,"turns":4}],"seed_played":"2548373119666889495","potions_obtained":[{"floor":2,"key":"PowerPotion"},{"floor":4,"key":"Swift Potion"},{"floor":4,"key":"LiquidBronze"},{"floor":7,"key":"PowerPotion"},{"floor":8,"key":"FearPotion"},{"floor":14,"key":"Weak Potion"},{"floor":18,"key":"SpeedPotion"},{"floor":20,"key":"Block Potion"},{"floor":27,"key":"FearPotion"}],"is_trial":false,"path_per_floor":["M","M","M","?","$","R","M","E","T","M","?","M","R","M","R","B",null,"M","?","M","?","M","R","M","R","T","M","R","M","M"],"character_chosen":"THE_SILENT","items_purchased":[],"campfire_rested":4,"item_purchase_floors":[],"current_hp_per_floor":[63,63,63,63,63,63,32,16,16,16,33,7,28,3,24,3,53,49,49,18,18,11,32,11,32,32,31,31,15,0],"gold":352,"neow_bonus":"THREE_ENEMY_KILL","is_prod":false,"is_daily":false,"chose_seed":false,"campfire_upgraded":2,"win_rate":0,"timestamp":1546618773,"path_taken":["M","?","M","?","?","R","M","E","T","M","?","?","R","M","R","BOSS","M","?","?","?","M","R","M","R","T","M","R","M","?"],"build_version":"2019-01-03v3","purchased_purges":1,"victory":false,"max_hp_per_floor":[70,70,70,70,70,70,70,70,70,70,70,70,70,70,70,70,70,70,70,70,70,70,70,70,70,70,70,70,70,70],"card_choices":[{"not_picked":["Dodge and Roll","Prepared"],"picked":"Distraction","floor":1},{"not_picked":["Outmaneuver","Acrobatics"],"picked":"Flying Knee","floor":2},{"not_picked":["Escape Plan","Backstab"],"picked":"Backflip","floor":3},{"not_picked":["Blade Dance","PiercingWail"],"picked":"Flechettes","floor":7},{"not_picked":["Tactician","Blade Dance"],"picked":"Sucker Punch","floor":8},{"not_picked":["Caltrops","Poisoned Stab"],"picked":"Venomology","floor":10},{"not_picked":["Bane","Predator"],"picked":"Bouncing Flask","floor":12},{"not_picked":["Masterful Stab","Crippling Poison"],"picked":"Poisoned Stab","floor":14},{"not_picked":["Bullet Time","Night Terror"],"picked":"Glass Knife","floor":16},{"not_picked":["Flechettes","Bane"],"picked":"Noxious Fumes","floor":18},{"not_picked":["Outmaneuver","Flying Knee"],"picked":"Cloak And Dagger","floor":20},{"not_picked":["Dash+1","Distraction","Dagger Throw"],"picked":"SKIP","floor":22},{"not_picked":["Skewer","Underhanded Strike","Setup+1"],"picked":"SKIP","floor":24},{"not_picked":["Eviscerate","Doppelganger"],"picked":"Slice","floor":27},{"not_picked":["Dodge and Roll","Reflex+1"],"picked":"Dagger Spray","floor":29}],"player_experience":472432,"relics_obtained":[{"floor":8,"key":"Happy Flower"},{"floor":9,"key":"Boot"}],"event_choices":[{"damage_healed":0,"gold_gain":0,"player_choice":"Got Potions","damage_taken":0,"max_hp_gain":0,"max_hp_loss":0,"event_name":"Lab","floor":4,"gold_loss":0},{"damage_healed":17,"gold_gain":0,"player_choice":"Healed and dodged fight","damage_taken":0,"max_hp_gain":0,"max_hp_loss":0,"event_name":"Mushrooms","floor":11,"gold_loss":0,"cards_obtained":["Parasite"]},{"cards_removed":["Defend_G"],"damage_healed":0,"gold_gain":0,"player_choice":"Purged","damage_taken":0,"max_hp_gain":0,"max_hp_loss":0,"event_name":"Purifier","floor":19,"gold_loss":0},{"damage_healed":0,"gold_gain":0,"player_choice":"Bought 0 Potions","damage_taken":0,"max_hp_gain":0,"max_hp_loss":0,"event_name":"The Woman in Blue","floor":21,"gold_loss":0}],"is_beta":false,"boss_relics":[{"not_picked":["Eternal Feather","Pandora\u0027s Box"],"picked":"Cursed Key"}],"items_purged_floors":[5],"is_endless":false,"potions_floor_spawned":[2,7,8,14,18,20,27],"killed_by":"Snecko","ascension_level":7}