{"gold_per_floor":[17,28,8,8,18,18,50,50,97,97,97,122,141,153,153,253,253,272,284,301,301,318,318,334,334,360,360,360,376,403,70,70,165,165,180,194,104,0,48,75,86,86,165,11,11,24,124,154,154,154],"floor_reached":51,"playtime":2542,"items_purged":[],"score":1034,"play_id":"7792ebad-cc7b-4daa-a2e8-30948397edaf","local_time":"20190223123744","is_ascension_mode":true,"campfire_choices":[{"data":"Bash","floor":6,"key":"SMITH"},{"data":"Clothesline","floor":8,"key":"SMITH"},{"floor":10,"key":"REST"},{"data":"Fiend Fire","floor":15,"key":"SMITH"},{"data":"Armaments","floor":23,"key":"SMITH"},{"data":"Seeing Red","floor":25,"key":"SMITH"},{"data":"Armaments","floor":32,"key":"SMITH"},{"floor":45,"key":"REST"},{"data":"Double Tap","floor":49,"key":"SMITH"}],"neow_cost":"NO_GOLD","seed_source_timestamp":497520950214135,"circlet_count":0,"master_deck":["Strike_R","Strike_R","Strike_R","Strike_R","Strike_R","Defend_R","Defend_R","Bash+1","Perfected Strike+1","Ghostly Armor","Clothesline+1","Cleave","Fiend Fire+1","Shrug It Off","Shrug It Off","Bludgeon","Seeing Red+1","Armaments+1","Impervious","Inflame+1","Shrug It Off+1","Headbutt","Limit Break","Armaments+1","Double Tap+1","Warcry+1","Pommel Strike","Iron Wave+1","Disarm+1","Carnage+1","Feel No Pain+1"],"relics":["Burning Blood","PreservedInsect","Blood Vial","Mercury Hourglass","Orichalcum","Sozu","Enchiridion","Juzu Bracelet","Oddly Smooth Stone","Bronze Scales","Nunchaku","Snecko Eye","Red Mask","Unceasing Top","Smiling Mask","Kunai","Shuriken","Regal Pillow","Gambling Chip","Gremlin Horn"],"potions_floor_usage":[16,16,16],"damage_taken":[{"damage":3,"enemies":"Jaw Worm","floor":1,"turns":5},{"damage":1,"enemies":"2 Louse","floor":2,"turns":3},{"damage":4,"enemies":"Small Slimes","floor":5,"turns":4},{"damage":55,"enemies":"3 Sentries","floor":7,"turns":11},{"damage":18,"enemies":"Gremlin Nob","floor":12,"turns":3},{"damage":0,"enemies":"2 Fungi Beasts","floor":13,"turns":2},{"damage":9,"enemies":"Red Slaver","floor":14,"turns":2},{"damage":64,"enemies":"Hexaghost","floor":16,"turns":13},{"damage":1,"enemies":"Spheric Guardian","floor":18,"turns":3},{"damage":16,"enemies":"2 Thieves","floor":19,"turns":4},{"damage":25,"enemies":"Cultist and Chosen","floor":20,"turns":7},{"damage":7,"enemies":"Snecko","floor":22,"turns":4},{"damage":9,"enemies":"Snake Plant","floor":24,"turns":4},{"damage":0,"enemies":"Centurion and Healer","floor":29,"turns":6},{"damage":12,"enemies":"Gremlin Leader","floor":30,"turns":4},{"damage":33,"enemies":"Champ","floor":33,"turns":12},{"damage":0,"enemies":"Orb Walker","floor":35,"turns":1},{"damage":24,"enemies":"3 Shapes","floor":36,"turns":4},{"damage":0,"enemies":"2 Orb Walkers","floor":39,"turns":4},{"damage":24,"enemies":"Reptomancer","floor":40,"turns":4},{"damage":49,"enemies":"Transient","floor":41,"turns":5},{"damage":2,"enemies":"Spire Growth","floor":46,"turns":3},{"damage":0,"enemies":"Mind Bloom Boss Battle","floor":47,"turns":4},{"damage":0,"enemies":"Giant Head","floor":48,"turns":6},{"damage":34,"enemies":"Time Eater","floor":50,"turns":7}],"seed_played":"-8060130365945914671","potions_obtained":[{"floor":12,"key":"Dexterity Potion"},{"floor":13,"key":"Dexterity Potion"},{"floor":14,"key":"Ancient Potion"},{"floor":16,"key":"LiquidBronze"}],"is_trial":false,"path_per_floor":["M","M","?","?","M","R","E","R","T","R","?","E","M","M","R","B",null,"M","M","M","?","M","R","M","R","T","?","?","M","E","$","R","B",null,"M","M","?","?","?","E","M","T","T","$","R","M","?","E","R","B",null],"character_chosen":"IRONCLAD","items_purchased":["Nunchaku","Armaments","Regal Pillow"],"campfire_rested":2,"item_purchase_floors":[31,31,44],"current_hp_per_floor":[91,96,96,96,96,96,47,47,47,75,68,58,66,65,65,9,74,81,73,56,40,41,41,40,40,40,40,40,48,44,44,44,19,77,85,69,69,69,77,61,20,20,20,20,63,69,77,85,85,59],"gold":154,"neow_bonus":"TWENTY_PERCENT_HP_BONUS","is_prod":false,"is_daily":false,"chose_seed":false,"campfire_upgraded":7,"win_rate":0,"timestamp":1550921864,"path_taken":["M","M","?","?","M","R","E","R","T","R","?","E","M","M","R","BOSS","M","M","M","?","M","R","M","R","T","?","?","M","E","?","R","BOSS","M","M","?","?","?","E","M","?","T","?","R","M","?","E","R","BOSS"],"build_version":"2019-01-23","purchased_purges":0,"victory":true,"max_hp_per_floor":[96,96,96,96,96,96,96,96,96,96,96,96,96,96,96,96,96,96,96,96,96,96,96,96,96,96,96,96,96,96,96,96,96,96,96,96,96,96,96,96,96,96,96,96,96,96,96,96,96,96],"card_choices":[{"not_picked":["Cleave","Iron Wave"],"picked":"Perfected Strike","floor":1},{"not_picked":["Wild Strike","Thunderclap"],"picked":"Ghostly Armor","floor":2},{"not_picked":["Sword Boomerang","Body Slam"],"picked":"Clothesline","floor":5},{"not_picked":["Flex","Twin Strike"],"picked":"Cleave","floor":7},{"not_picked":["Combust","Sever Soul"],"picked":"Fiend Fire","floor":12},{"not_picked":["True Grit","Perfected Strike"],"picked":"Shrug It Off","floor":13},{"not_picked":["Iron Wave","Warcry"],"picked":"Shrug It Off","floor":14},{"not_picked":["Brutality","Berserk"],"picked":"Bludgeon","floor":16},{"not_picked":["Pommel Strike","Warcry+1"],"picked":"Seeing Red","floor":18},{"not_picked":["Twin Strike","Headbutt"],"picked":"Armaments","floor":19},{"not_picked":["Clothesline+1","Twin Strike"],"picked":"Impervious","floor":20},{"not_picked":["Havoc+1","Thunderclap"],"picked":"Inflame","floor":22},{"not_picked":["Rupture+1","Warcry"],"picked":"Shrug It Off+1","floor":24},{"not_picked":["Heavy Blade","Hemokinesis"],"picked":"Headbutt","floor":29},{"not_picked":["Pommel Strike","True Grit"],"picked":"Limit Break","floor":30},{"not_picked":["Reaper","Exhume"],"picked":"Double Tap","floor":33},{"not_picked":["Rupture","Sentinel"],"picked":"Warcry+1","floor":35},{"not_picked":["Sword Boomerang","Sever Soul+1"],"picked":"Pommel Strike","floor":36},{"not_picked":["Thunderclap","Combust"],"picked":"Iron Wave+1","floor":39},{"not_picked":["Pommel Strike+1","Ghostly Armor+1"],"picked":"Disarm+1","floor":40},{"not_picked":["Pummel+1","Cleave","Iron Wave+1"],"picked":"SKIP","floor":41},{"not_picked":["Thunderclap","Whirlwind+1"],"picked":"Carnage+1","floor":46},{"not_picked":["Anger","Evolve"],"picked":"Feel No Pain+1","floor":48}],"player_experience":739071,"relics_obtained":[{"floor":7,"key":"PreservedInsect"},{"floor":9,"key":"Blood Vial"},{"floor":12,"key":"Orichalcum"},{"floor":21,"key":"Enchiridion"},{"floor":26,"key":"Juzu Bracelet"},{"floor":30,"key":"Bronze Scales"},{"floor":39,"key":"Unceasing Top"},{"floor":40,"key":"Smiling Mask"},{"floor":42,"key":"Kunai"},{"floor":43,"key":"Shuriken"},{"floor":47,"key":"Gambling Chip"},{"floor":48,"key":"Gremlin Horn"}],"event_choices":[{"damage_healed":0,"gold_gain":0,"player_choice":"Left Gold","damage_taken":0,"max_hp_gain":0,"max_hp_loss":0,"event_name":"World of Goop","floor":3,"gold_loss":20},{"damage_healed":0,"gold_gain":0,"player_choice":"Grow","damage_taken":0,"max_hp_gain":0,"max_hp_loss":0,"event_name":"Living Wall","floor":4,"gold_loss":0,"cards_upgraded":["Perfected Strike"]},{"damage_healed":0,"gold_gain":0,"player_choice":"Success","damage_taken":7,"relics_obtained":["Mercury Hourglass"],"max_hp_gain":0,"max_hp_loss":0,"event_name":"Scrap Ooze","floor":11,"gold_loss":0},{"damage_healed":0,"gold_gain":0,"player_choice":"Obtained Book","damage_taken":16,"max_hp_gain":0,"max_hp_loss":0,"event_name":"Cursed Tome","floor":21,"gold_loss":0},{"cards_removed":["Defend_R"],"damage_healed":0,"gold_gain":0,"player_choice":"Purged","damage_taken":0,"max_hp_gain":0,"max_hp_loss":0,"event_name":"Purifier","floor":27,"gold_loss":0},{"damage_healed":0,"gold_gain":0,"player_choice":"Gave Potion","damage_taken":0,"relics_obtained":["Oddly Smooth Stone"],"max_hp_gain":0,"max_hp_loss":0,"event_name":"WeMeetAgain","floor":28,"gold_loss":0},{"cards_removed":["Defend_R"],"damage_healed":0,"gold_gain":0,"player_choice":"Upgrade and Remove","damage_taken":0,"max_hp_gain":0,"max_hp_loss":0,"event_name":"Designer","floor":37,"gold_loss":90,"cards_upgraded":["Inflame"]},{"damage_healed":0,"gold_gain":0,"player_choice":"Paid","damage_taken":0,"relics_obtained":["Red Mask"],"max_hp_gain":0,"max_hp_loss":0,"event_name":"Tomb of Lord Red Mask","floor":38,"gold_loss":104},{"damage_healed":0,"gold_gain":0,"player_choice":"Fight","damage_taken":0,"max_hp_gain":0,"max_hp_loss":0,"event_name":"Mysterious Sphere","floor":39,"gold_loss":0},{"damage_healed":0,"gold_gain":0,"player_choice":"Fight","damage_taken":0,"max_hp_gain":0,"max_hp_loss":0,"event_name":"MindBloom","floor":47,"gold_loss":0}],"is_beta":false,"boss_relics":[{"not_picked":["Runic Cube","Busted Crown"],"picked":"Sozu"},{"not_picked":["Runic Pyramid","Velvet Choker"],"picked":"Snecko Eye"}],"items_purged_floors":[],"is_endless":false,"potions_floor_spawned":[12,13,14,16,18,24,33,39,46,47,48],"ascension_level":7}