{"gold_per_floor":[114,127,139,139,64,99,112,130,130,130,161,161,176,205,205,305,305,325,325,325,336,349,349,366,400,427,427,453,470,470,480,480,583,583,593,608,625,625,637,637,637],"floor_reached":41,"playtime":3808,"items_purged":["Strike_B"],"score":731,"play_id":"6606b3a4-6708-4459-b257-cfb45562f5f4","local_time":"20190303115304","is_ascension_mode":true,"campfire_choices":[{"floor":10,"key":"REST"},{"data":"Defragment","floor":12,"key":"SMITH"},{"floor":15,"key":"REST"},{"floor":23,"key":"REST"},{"floor":27,"key":"REST"},{"floor":30,"key":"REST"},{"floor":32,"key":"REST"},{"floor":40,"key":"REST"}],"neow_cost":"NONE","seed_source_timestamp":1581250574325122,"circlet_count":0,"master_deck":["AscendersBane","Strike_B+1","Defend_B","Defend_B","Defend_B","Defend_B","Zap+1","Dualcast","Ball Lightning","Hyperbeam","Seek+1","Coolheaded+1","Defragment+1","Glacier","Static Discharge","Conserve Battery","Core Surge","Storm","Hyperbeam","Ball Lightning","Electrodynamics","Hologram","Defragment+1","Capacitor","Coolheaded","Cold Snap","Machine Learning","FTL","Biased Cognition"],"relics":["Cracked Core","Cables","Darkstone Periapt","Turnip","Black Star","Nloth\u0027s Gift","Blue Candle","StoneCalendar","Omamori","Orichalcum","Torii","Fusion Hammer"],"potions_floor_usage":[6,11,16,21,22,25,33,37,41,41],"damage_taken":[{"damage":1,"enemies":"Cultist","floor":1,"turns":3},{"damage":5,"enemies":"Small Slimes","floor":2,"turns":3},{"damage":7,"enemies":"Jaw Worm","floor":3,"turns":2},{"damage":25,"enemies":"Lagavulin","floor":6,"turns":7},{"damage":3,"enemies":"Exordium Thugs","floor":7,"turns":3},{"damage":1,"enemies":"Looter","floor":8,"turns":2},{"damage":17,"enemies":"3 Sentries","floor":11,"turns":4},{"damage":0,"enemies":"Exordium Wildlife","floor":13,"turns":3},{"damage":11,"enemies":"Lagavulin","floor":14,"turns":6},{"damage":16,"enemies":"Slime Boss","floor":16,"turns":6},{"damage":6,"enemies":"3 Byrds","floor":18,"turns":4},{"damage":6,"enemies":"Chosen","floor":21,"turns":5},{"damage":22,"enemies":"3 Cultists","floor":22,"turns":4},{"damage":6,"enemies":"Snecko","floor":24,"turns":4},{"damage":32,"enemies":"Book of Stabbing","floor":25,"turns":6},{"damage":17,"enemies":"Gremlin Leader","floor":28,"turns":5},{"damage":0,"enemies":"Sentry and Sphere","floor":29,"turns":5},{"damage":6,"enemies":"Snake Plant","floor":31,"turns":4},{"damage":2,"enemies":"Collector","floor":33,"turns":7},{"damage":0,"enemies":"3 Shapes","floor":35,"turns":2},{"damage":7,"enemies":"3 Darklings","floor":36,"turns":3},{"damage":23,"enemies":"4 Shapes","floor":37,"turns":3},{"damage":25,"enemies":"Writhing Mass","floor":39,"turns":7},{"damage":41,"enemies":"Nemesis","floor":41,"turns":4}],"seed_played":"-548799773499965818","potions_obtained":[{"floor":0,"key":"Regen Potion"},{"floor":0,"key":"FocusPotion"},{"floor":6,"key":"SkillPotion"},{"floor":13,"key":"AttackPotion"},{"floor":16,"key":"Block Potion"},{"floor":21,"key":"Weak Potion"},{"floor":29,"key":"SkillPotion"},{"floor":31,"key":"SpeedPotion"},{"floor":36,"key":"SneckoOil"},{"floor":39,"key":"Ancient Potion"}],"is_trial":false,"path_per_floor":["M","M","M","?","$","E","M","M","T","R","E","R","M","E","R","B",null,"M","?","?","M","M","R","M","E","T","R","E","M","R","M","R","B",null,"M","M","M","?","M","R","E"],"character_chosen":"DEFECT","items_purchased":[],"campfire_rested":7,"item_purchase_floors":[],"current_hp_per_floor":[67,62,55,40,40,30,27,26,26,48,31,31,31,20,42,26,63,57,57,57,51,29,51,45,13,13,35,18,18,40,34,56,54,70,70,63,40,40,15,36,0],"gold":637,"neow_bonus":"THREE_SMALL_POTIONS","is_prod":false,"is_daily":false,"chose_seed":false,"campfire_upgraded":1,"win_rate":0,"timestamp":1551631984,"path_taken":["M","M","M","?","$","E","M","M","T","R","E","R","M","E","R","BOSS","M","?","?","M","?","R","M","E","T","R","E","M","R","M","R","BOSS","M","M","M","?","M","R","E"],"build_version":"2019-01-23","purchased_purges":1,"victory":false,"max_hp_per_floor":[75,75,75,75,75,75,75,75,75,75,75,75,75,75,75,75,75,75,75,75,75,75,75,75,75,75,75,75,75,75,75,75,75,75,75,75,75,71,71,71,71],"card_choices":[{"not_picked":["Turbo","FTL"],"picked":"Ball Lightning","floor":1},{"not_picked":["Beam Cell","Coolheaded"],"picked":"Hyperbeam","floor":2},{"not_picked":["BootSequence","Heatsinks","Chill"],"picked":"SKIP","floor":3},{"not_picked":["Beam Cell","Compile Driver"],"picked":"Seek","floor":6},{"not_picked":["Redo","Gash"],"picked":"Coolheaded","floor":7},{"not_picked":["Double Energy","Conserve Battery"],"picked":"Defragment","floor":8},{"not_picked":["Streamline","Melter"],"picked":"Glacier","floor":11},{"not_picked":["Leap","Reprogram"],"picked":"Static Discharge","floor":13},{"not_picked":["Gash","Force Field"],"picked":"Conserve Battery","floor":14},{"not_picked":["Buffer","Reboot"],"picked":"Core Surge","floor":16},{"not_picked":["Sweeping Beam","Sunder","Conserve Battery"],"picked":"SKIP","floor":18},{"not_picked":["Coolheaded+1","Hologram"],"picked":"Ball Lightning","floor":21},{"not_picked":["Cold Snap","Coolheaded"],"picked":"Electrodynamics","floor":22},{"not_picked":["Turbo","Ball Lightning","Hologram"],"picked":"SKIP","floor":24},{"not_picked":["Turbo","Ball Lightning"],"picked":"Hologram","floor":24},{"not_picked":["Cold Snap+1","Self Repair+1"],"picked":"Defragment+1","floor":25},{"not_picked":["Turbo","Machine Learning"],"picked":"Capacitor","floor":28},{"not_picked":["Steam","Barrage+1"],"picked":"Coolheaded","floor":29},{"not_picked":["Conserve Battery","Gash"],"picked":"Cold Snap","floor":31},{"not_picked":["Amplify","Electrodynamics"],"picked":"Machine Learning","floor":33},{"not_picked":["Cold Snap","Recycle","Redo"],"picked":"SKIP","floor":35},{"not_picked":["Beam Cell","Leap"],"picked":"FTL","floor":36},{"not_picked":["Cold Snap","Conserve Battery+1","Tempest"],"picked":"SKIP","floor":37},{"not_picked":["Auto Shields","Sweeping Beam"],"picked":"Biased Cognition","floor":39}],"player_experience":634087,"relics_obtained":[{"floor":6,"key":"Cables"},{"floor":9,"key":"Darkstone Periapt"},{"floor":11,"key":"War Paint"},{"floor":14,"key":"Turnip"},{"floor":25,"key":"Blue Candle"},{"floor":25,"key":"StoneCalendar"},{"floor":26,"key":"Omamori"},{"floor":28,"key":"Orichalcum"},{"floor":28,"key":"Torii"}],"event_choices":[{"damage_healed":0,"gold_gain":0,"player_choice":"Entered Light","damage_taken":15,"max_hp_gain":0,"max_hp_loss":0,"event_name":"Shining Light","floor":4,"gold_loss":0,"cards_upgraded":["Zap","Strike_B"]},{"damage_healed":0,"gold_gain":0,"cards_transformed":["Strike_B","Strike_B"],"player_choice":"Became Test Subject","damage_taken":0,"max_hp_gain":0,"max_hp_loss":0,"event_name":"Drug Dealer","floor":19,"gold_loss":0,"cards_obtained":["Storm","Hyperbeam"]},{"damage_healed":0,"gold_gain":0,"player_choice":"Traded Relic","damage_taken":0,"relics_obtained":["Nloth\u0027s Gift"],"max_hp_gain":0,"max_hp_loss":0,"event_name":"N\u0027loth","floor":20,"relics_lost":["War Paint"],"gold_loss":0},{"damage_healed":0,"gold_gain":0,"player_choice":"Max HP","damage_taken":0,"max_hp_gain":0,"max_hp_loss":4,"event_name":"Winding Halls","floor":38,"gold_loss":0}],"is_beta":false,"boss_relics":[{"not_picked":["Runic Dome","Orrery"],"picked":"Black Star"},{"not_picked":["Runic Pyramid","Pandora\u0027s Box"],"picked":"Fusion Hammer"}],"items_purged_floors":[5],"is_endless":false,"potions_floor_spawned":[6,7,13,16,21,29,31,36,39],"killed_by":"Nemesis","ascension_level":12}