{"gold_per_floor":[18,18,34,34,50,50,66,26,26,62,62,85,85,123,123,254,254,273,273,16,41,41,41,65,65,136,136,235,278,298,311,311,440,440,460,793,813,813,831,862,874,886],"floor_reached":42,"playtime":1884,"items_purged":[],"score":732,"play_id":"b590dbe3-3486-4fa3-8336-25937d43f8a0","local_time":"20190303014424","is_ascension_mode":true,"campfire_choices":[{"data":"Chill","floor":6,"key":"SMITH"},{"data":"Self Repair","floor":11,"key":"SMITH"},{"floor":15,"key":"REST"},{"data":"Buffer","floor":23,"key":"SMITH"},{"data":"Biased Cognition","floor":25,"key":"SMITH"},{"data":"Coolheaded","floor":27,"key":"SMITH"},{"data":"Panacea","floor":32,"key":"SMITH"},{"data":"Echo Form","floor":41,"key":"SMITH"}],"neow_cost":"NO_GOLD","seed_source_timestamp":40368753005174,"circlet_count":0,"master_deck":["AscendersBane","Zap","Dualcast+1","Core Surge","Chill+1","Cold Snap","Ball Lightning","Turbo","Double Energy","Self Repair+1","Compile Driver","Biased Cognition+1","Buffer+1","BootSequence","Panacea+1","Master of Strategy","Rebound","Thunder Strike","Stack","Coolheaded+1","Redo+1","Defragment","Fission+1","Aggregate+1","FTL","Echo Form+1","Melter","Sweeping Beam","All For One","Steam Power+1","Turbo+1","Coolheaded+1"],"relics":["Cracked Core","Calipers","Symbiotic Virus","Bronze Scales","Question Card","Sozu","Toxic Egg 2","Singing Bowl","Pandora\u0027s Box","MawBank"],"potions_floor_usage":[14,14],"damage_taken":[{"damage":5,"enemies":"2 Louse","floor":1,"turns":3},{"damage":1,"enemies":"Small Slimes","floor":3,"turns":3},{"damage":7,"enemies":"Jaw Worm","floor":5,"turns":3},{"damage":4,"enemies":"2 Fungi Beasts","floor":7,"turns":4},{"damage":12,"enemies":"Gremlin Nob","floor":10,"turns":3},{"damage":8,"enemies":"Looter","floor":12,"turns":3},{"damage":18,"enemies":"Lagavulin","floor":14,"turns":5},{"damage":25,"enemies":"Slime Boss","floor":16,"turns":9},{"damage":31,"enemies":"2 Thieves","floor":18,"turns":4},{"damage":0,"enemies":"Chosen","floor":21,"turns":4},{"damage":6,"enemies":"Snecko","floor":24,"turns":5},{"damage":13,"enemies":"Book of Stabbing","floor":29,"turns":5},{"damage":0,"enemies":"Centurion and Healer","floor":30,"turns":9},{"damage":18,"enemies":"Snake Plant","floor":31,"turns":4},{"damage":12,"enemies":"Automaton","floor":33,"turns":13},{"damage":24,"enemies":"Orb Walker","floor":35,"turns":4},{"damage":19,"enemies":"3 Darklings","floor":37,"turns":5},{"damage":4,"enemies":"Maw","floor":39,"turns":7},{"damage":12,"enemies":"Giant Head","floor":40,"turns":9},{"damage":43,"enemies":"Reptomancer","floor":42,"turns":5}],"seed_played":"-4702910378004933060","potions_obtained":[{"floor":5,"key":"SkillPotion"},{"floor":10,"key":"Energy Potion"},{"floor":16,"key":"SpeedPotion"}],"is_trial":false,"path_per_floor":["M","?","M","?","M","R","M","$","T","E","R","M","?","E","R","B",null,"M","?","$","M","?","R","M","R","T","R","?","E","M","M","R","B",null,"M","?","M","?","M","E","R","E"],"character_chosen":"DEFECT","items_purchased":["Double Energy","Panacea","Master of Strategy"],"campfire_rested":1,"item_purchase_floors":[8,20,20],"current_hp_per_floor":[63,63,62,55,48,48,44,44,44,32,32,34,34,26,46,31,60,39,62,62,69,69,69,69,69,69,69,69,68,71,53,53,51,66,42,42,35,35,41,39,39,0],"gold":886,"neow_bonus":"THREE_RARE_CARDS","is_prod":false,"is_daily":false,"chose_seed":false,"campfire_upgraded":7,"win_rate":0,"timestamp":1551573864,"path_taken":["M","?","M","?","M","R","M","$","T","E","R","M","?","E","R","BOSS","M","?","$","M","?","R","M","R","T","R","?","E","M","M","R","BOSS","M","?","M","?","?","E","R","E"],"build_version":"2019-01-23","purchased_purges":0,"victory":false,"max_hp_per_floor":[75,69,69,69,69,69,69,69,69,69,69,69,69,69,69,69,69,69,69,69,69,69,69,69,69,69,69,69,71,71,71,71,71,71,71,71,73,73,73,73,73,73],"card_choices":[{"not_picked":["Hyperbeam","Machine Learning"],"picked":"Core Surge","floor":0},{"not_picked":["Go for the Eyes","Sweeping Beam"],"picked":"Chill","floor":1},{"not_picked":["Heatsinks","Chill"],"picked":"Cold Snap","floor":3},{"not_picked":["Hologram","FTL"],"picked":"Ball Lightning","floor":5},{"not_picked":["Coolheaded","Conserve Battery"],"picked":"Turbo","floor":7},{"not_picked":["Heatsinks","Double Energy"],"picked":"Self Repair","floor":10},{"not_picked":["Turbo","Ball Lightning"],"picked":"Compile Driver","floor":12},{"not_picked":["Force Field","Sunder"],"picked":"Biased Cognition","floor":14},{"not_picked":["Core Surge","Thunder Strike","Hyperbeam"],"picked":"Buffer","floor":16},{"not_picked":["Leap","Redo","Reinforced Body"],"picked":"BootSequence","floor":18},{"not_picked":["Compile Driver","Leap+1","Beam Cell"],"picked":"Rebound","floor":21},{"not_picked":["Force Field","Cold Snap","Steam"],"picked":"Coolheaded","floor":24},{"not_picked":["Turbo+1","Go for the Eyes","Heatsinks","Beam Cell+1"],"picked":"Singing Bowl","floor":29},{"not_picked":["Rebound+1","Stack+1","Self Repair+1"],"picked":"Redo+1","floor":30},{"not_picked":["Beam Cell","Sweeping Beam","Aggregate+1"],"picked":"Defragment","floor":31},{"not_picked":["Electrodynamics","All For One","Meteor Strike"],"picked":"Fission+1","floor":33},{"not_picked":["FTL+1","Ball Lightning+1","Compile Driver+1"],"picked":"Steam Power+1","floor":35},{"not_picked":["Barrage","Cold Snap","Streamline","Rebound+1"],"picked":"Singing Bowl","floor":37},{"not_picked":["Meteor Strike","Conserve Battery+1","Cold Snap"],"picked":"Turbo+1","floor":39},{"not_picked":["Leap+1","Loop","All For One"],"picked":"Coolheaded+1","floor":40}],"player_experience":830243,"relics_obtained":[{"floor":9,"key":"Symbiotic Virus"},{"floor":10,"key":"Bronze Scales"},{"floor":14,"key":"Question Card"},{"floor":26,"key":"Toxic Egg 2"},{"floor":29,"key":"Singing Bowl"},{"floor":40,"key":"MawBank"}],"event_choices":[{"damage_healed":0,"gold_gain":0,"player_choice":"Lose Max HP","damage_taken":0,"relics_obtained":["Golden Idol"],"max_hp_gain":0,"max_hp_loss":6,"event_name":"Golden Idol","floor":2,"gold_loss":0},{"damage_healed":0,"gold_gain":0,"player_choice":"Success","damage_taken":7,"relics_obtained":["Calipers"],"max_hp_gain":0,"max_hp_loss":0,"event_name":"Scrap Ooze","floor":4,"gold_loss":0},{"damage_healed":0,"gold_gain":0,"player_choice":"Grow","damage_taken":0,"max_hp_gain":0,"max_hp_loss":0,"event_name":"Living Wall","floor":13,"gold_loss":0,"cards_upgraded":["Dualcast"]},{"damage_healed":23,"gold_gain":0,"player_choice":"Heal","damage_taken":0,"max_hp_gain":0,"max_hp_loss":0,"event_name":"The Library","floor":19,"gold_loss":0},{"damage_healed":0,"gold_gain":0,"cards_transformed":["Strike_B","Defend_B"],"player_choice":"Became Test Subject","damage_taken":0,"max_hp_gain":0,"max_hp_loss":0,"event_name":"Drug Dealer","floor":22,"gold_loss":0,"cards_obtained":["Thunder Strike","Stack"]},{"damage_healed":0,"gold_gain":99,"player_choice":"Stole From Cult","damage_taken":0,"max_hp_gain":0,"max_hp_loss":0,"event_name":"Nest","floor":28,"gold_loss":0},{"damage_healed":0,"gold_gain":333,"player_choice":"Gave Idol","damage_taken":0,"max_hp_gain":0,"max_hp_loss":0,"event_name":"The Moai Head","floor":36,"relics_lost":["Golden Idol"],"gold_loss":0},{"damage_healed":0,"gold_gain":0,"player_choice":"0 cards matched","damage_taken":0,"max_hp_gain":0,"max_hp_loss":0,"event_name":"Match and Keep!","floor":38,"gold_loss":0,"cards_obtained":[]}],"is_beta":false,"boss_relics":[{"not_picked":["Philosopher\u0027s Stone","Ectoplasm"],"picked":"Sozu"},{"not_picked":["Eternal Feather","Runic Pyramid"],"picked":"Pandora\u0027s Box"}],"items_purged_floors":[],"is_endless":false,"potions_floor_spawned":[5,10,12,16,21,30,33,40],"killed_by":"Reptomancer","ascension_level":11}