{"gold_per_floor":[110,185,185,31,46,71,100,112,124,36,46,46,57,75,75,178,178,188,188,188,36,36,36,36,36,36,62,62,62,16,36,36,36],"floor_reached":33,"playtime":1547,"items_purged":["Regret","Strike_G","Strike_G"],"score":263,"play_id":"a2694a1d-ad42-4549-aa32-64dacf737dc8","local_time":"20181104184157","is_ascension_mode":false,"campfire_choices":[{"data":"Neutralize","floor":8,"key":"SMITH"},{"floor":12,"key":"DIG"},{"floor":15,"key":"REST"},{"floor":23,"key":"DIG"},{"floor":25,"key":"DIG"},{"floor":28,"key":"REST"},{"floor":32,"key":"REST"}],"neow_cost":"NONE","seed_source_timestamp":1544509901196745,"circlet_count":0,"master_deck":["Defend_G","Defend_G+1","Defend_G","Defend_G+1","Defend_G","Strike_G","Strike_G","Strike_G","Survivor","Neutralize+1","A Thousand Cuts","Slice","Infinite Blades","Blur","Sucker Punch","All Out Attack","Dash","Deflect","Escape Plan","Tools of the Trade","Flying Knee","Accuracy","Backflip","Finisher","Prepared","Deflect","Blade Dance","Well Laid Plans","Blade Dance","Cloak And Dagger"],"relics":["Ring of the Snake","Pocketwatch","MawBank","Shovel","Gremlin Horn","Orrery","Ancient Tea Set","Bottled Tornado","Gambling Chip","War Paint","Blood Vial"],"potions_floor_usage":[14,16,27,33],"damage_taken":[{"damage":0,"enemies":"Small Slimes","floor":1,"turns":4},{"damage":2,"enemies":"2 Louse","floor":5,"turns":3},{"damage":17,"enemies":"3 Sentries","floor":6,"turns":7},{"damage":3,"enemies":"Jaw Worm","floor":7,"turns":5},{"damage":4,"enemies":"Exordium Wildlife","floor":11,"turns":5},{"damage":0,"enemies":"3 Louse","floor":13,"turns":4},{"damage":0,"enemies":"Looter","floor":14,"turns":4},{"damage":22,"enemies":"Hexaghost","floor":16,"turns":13},{"damage":23,"enemies":"Chosen","floor":18,"turns":7},{"damage":21,"enemies":"2 Thieves","floor":24,"turns":4},{"damage":36,"enemies":"Book of Stabbing","floor":27,"turns":8},{"damage":2,"enemies":"3 Cultists","floor":31,"turns":5},{"damage":70,"enemies":"Automaton","floor":33,"turns":10}],"seed_played":"-1043384955970464091","potions_obtained":[{"floor":6,"key":"AttackPotion"},{"floor":7,"key":"Fire Potion"},{"floor":16,"key":"PowerPotion"},{"floor":27,"key":"Block Potion"}],"is_trial":false,"path_per_floor":["M","?","?","$","M","E","M","R","T","$","M","R","M","M","R","B",null,"M","?","?","$","$","R","M","R","T","E","R","T","$","M","R","B"],"character_chosen":"THE_SILENT","items_purchased":["Infinite Blades","Blade Dance","Blade Dance"],"campfire_rested":3,"item_purchase_floors":[4,21,30],"current_hp_per_floor":[70,59,59,59,57,40,37,37,37,37,33,33,33,33,54,32,70,47,47,70,70,70,70,49,49,49,13,34,34,34,34,55,0],"gold":36,"neow_bonus":"ONE_RANDOM_RARE_CARD","is_prod":false,"is_daily":false,"chose_seed":false,"campfire_upgraded":1,"win_rate":0,"timestamp":1541353317,"path_taken":["M","?","?","$","M","E","M","R","T","?","?","R","M","M","R","BOSS","M","?","?","?","$","R","M","R","T","E","R","?","$","?","R","BOSS"],"build_version":"2018-11-01","purchased_purges":3,"victory":false,"max_hp_per_floor":[70,70,70,70,70,70,70,70,70,70,70,70,70,70,70,70,70,70,70,70,70,70,70,70,70,70,70,70,70,70,70,70,70],"card_choices":[{"not_picked":["Acrobatics","Underhanded Strike"],"picked":"Slice","floor":1},{"not_picked":["Acrobatics","Tactician"],"picked":"Blur","floor":5},{"not_picked":["Predator","Outmaneuver"],"picked":"Sucker Punch","floor":6},{"not_picked":["PiercingWail","Deadly Poison"],"picked":"All Out Attack","floor":7},{"not_picked":["Acrobatics","Bane"],"picked":"Dash","floor":11},{"not_picked":["Crippling Poison","Dodge and Roll"],"picked":"Deflect","floor":13},{"not_picked":["Masterful Stab","Deflect"],"picked":"Escape Plan","floor":14},{"not_picked":["Malaise","Die Die Die"],"picked":"Tools of the Trade","floor":16},{"not_picked":["Reflex","Dagger Spray"],"picked":"Flying Knee","floor":17},{"not_picked":["All Out Attack","Concentrate"],"picked":"Accuracy","floor":17},{"not_picked":["Dagger Spray","Bane"],"picked":"Backflip","floor":17},{"not_picked":["Concentrate","Dodge and Roll"],"picked":"Finisher","floor":17},{"not_picked":["Acrobatics","Bane"],"picked":"Prepared","floor":17},{"not_picked":["Flying Knee","Outmaneuver"],"picked":"Deflect","floor":18},{"not_picked":["Outmaneuver","Bane"],"picked":"Well Laid Plans","floor":24},{"not_picked":["Flechettes+1","Burst","Calculated Gamble"],"picked":"SKIP","floor":27},{"not_picked":["Acrobatics+1","PiercingWail"],"picked":"Cloak And Dagger","floor":31}],"player_experience":267187,"relics_obtained":[{"floor":6,"key":"MawBank"},{"floor":9,"key":"Shovel"},{"floor":12,"key":"Gremlin Horn"},{"floor":23,"key":"Ancient Tea Set"},{"floor":25,"key":"Bottled Tornado"},{"floor":26,"key":"Gambling Chip"},{"floor":27,"key":"War Paint"},{"floor":29,"key":"Blood Vial"}],"event_choices":[{"damage_healed":0,"gold_gain":75,"player_choice":"Gather Gold","damage_taken":11,"max_hp_gain":0,"max_hp_loss":0,"event_name":"World of Goop","floor":2,"gold_loss":0},{"damage_healed":0,"gold_gain":0,"player_choice":"Box","damage_taken":0,"relics_obtained":["Pocketwatch"],"max_hp_gain":0,"max_hp_loss":0,"event_name":"Big Fish","floor":3,"gold_loss":0,"cards_obtained":["Regret"]},{"damage_healed":0,"gold_gain":0,"player_choice":"Ignored","damage_taken":0,"max_hp_gain":0,"max_hp_loss":0,"event_name":"Ghosts","floor":19,"gold_loss":0},{"damage_healed":23,"gold_gain":0,"player_choice":"Heal","damage_taken":0,"max_hp_gain":0,"max_hp_loss":0,"event_name":"The Library","floor":20,"gold_loss":0}],"is_beta":false,"boss_relics":[{"not_picked":["Runic Dome","Astrolabe"],"picked":"Orrery"}],"items_purged_floors":[4,10,21],"is_endless":false,"potions_floor_spawned":[6,7,16,27],"killed_by":"Automaton","ascension_level":0}