{"gold_per_floor":[118,118,136,136,153,153,163,35,35,35,69,69,89,102,102,206,206,206,131,131,131,31,31,31,31,31,0,0,0,0,0,0,0,0,0,0,0,0,0,0],"floor_reached":40,"playtime":1692,"items_purged":["Strike_G","Strike_G"],"score":426,"play_id":"263f244d-70fe-4664-be5e-540553c0de7d","local_time":"20181209132516","is_ascension_mode":true,"campfire_choices":[{"data":"Neutralize","floor":6,"key":"SMITH"},{"data":"Survivor","floor":10,"key":"SMITH"},{"data":"Adrenaline","floor":12,"key":"SMITH"},{"data":"Poisoned Stab","floor":15,"key":"SMITH"},{"data":"Envenom","floor":23,"key":"SMITH"},{"floor":25,"key":"REST"},{"floor":28,"key":"REST"},{"data":"Backflip","floor":32,"key":"SMITH"}],"neow_cost":"NONE","seed_source_timestamp":578751342031023,"circlet_count":0,"master_deck":["Defend_G","Defend_G","Defend_G","Defend_G","Strike_G","Strike_G","Survivor+1","Neutralize+1","Dash","Flying Knee","Slice","Well Laid Plans","Poisoned Stab+1","Adrenaline+1","Backflip+1","Heel Hook","Envenom+1","Sucker Punch","Cloak And Dagger","Escape Plan","Blur","Quick Slash+1","Heel Hook","Envenom","Poisoned Stab+1","Poisoned Stab"],"relics":["Ring of the Snake","Dodecahedron","Snake Skull","Lantern","Ectoplasm","Old Coin","Nloth\u0027s Gift","Cursed Key","Pocketwatch"],"potions_floor_usage":[20,24,33,33,39,40],"damage_taken":[{"damage":0,"enemies":"Jaw Worm","floor":1,"turns":1},{"damage":0,"enemies":"Small Slimes","floor":3,"turns":1},{"damage":0,"enemies":"Cultist","floor":5,"turns":1},{"damage":0,"enemies":"2 Fungi Beasts","floor":7,"turns":3},{"damage":12,"enemies":"Gremlin Nob","floor":11,"turns":5},{"damage":0,"enemies":"Lots of Slimes","floor":13,"turns":4},{"damage":0,"enemies":"Exordium Thugs","floor":14,"turns":5},{"damage":16,"enemies":"Hexaghost","floor":16,"turns":10},{"damage":4,"enemies":"Spheric Guardian","floor":18,"turns":4},{"damage":10,"enemies":"2 Thieves","floor":19,"turns":5},{"damage":23,"enemies":"Shelled Parasite and Fungi","floor":20,"turns":6},{"damage":30,"enemies":"Gremlin Leader","floor":24,"turns":6},{"damage":3,"enemies":"Snecko","floor":30,"turns":5},{"damage":0,"enemies":"3 Cultists","floor":31,"turns":5},{"damage":51,"enemies":"Champ","floor":33,"turns":10},{"damage":0,"enemies":"3 Shapes","floor":35,"turns":4},{"damage":0,"enemies":"Orb Walker","floor":37,"turns":3},{"damage":16,"enemies":"2 Orb Walkers","floor":39,"turns":4},{"damage":55,"enemies":"Reptomancer","floor":40,"turns":3}],"seed_played":"3909779812273776926","potions_obtained":[{"floor":1,"key":"Explosive Potion"},{"floor":5,"key":"GamblersBrew"},{"floor":13,"key":"Regen Potion"},{"floor":18,"key":"SteroidPotion"},{"floor":30,"key":"Poison Potion"},{"floor":33,"key":"Explosive Potion"},{"floor":39,"key":"Swift Potion"}],"is_trial":false,"path_per_floor":["M","?","M","?","M","R","M","$","T","R","E","R","M","M","R","B",null,"M","M","M","?","$","R","E","R","T","?","R","?","M","M","R","B",null,"M","?","M","$","?","E"],"character_chosen":"THE_SILENT","items_purchased":["Poisoned Stab"],"campfire_rested":2,"item_purchase_floors":[8],"current_hp_per_floor":[70,70,70,70,70,70,70,70,70,70,58,58,58,58,58,42,70,66,56,47,47,47,47,17,38,38,38,59,59,56,56,56,5,70,70,70,70,70,54,0],"gold":0,"neow_bonus":"THREE_ENEMY_KILL","is_prod":false,"is_daily":false,"chose_seed":false,"campfire_upgraded":6,"win_rate":0,"timestamp":1544358316,"path_taken":["M","?","M","?","M","R","?","$","T","R","E","R","M","M","R","BOSS","M","M","M","?","$","R","E","R","T","?","R","?","M","?","R","BOSS","M","?","M","?","?","E"],"build_version":"2018-12-06","purchased_purges":2,"victory":false,"max_hp_per_floor":[70,70,70,70,70,70,70,70,70,70,70,70,70,70,70,70,70,70,70,70,70,70,70,70,70,70,70,70,70,70,70,70,70,70,70,70,70,70,70,70],"card_choices":[{"not_picked":["Distraction","Terror"],"picked":"Dash","floor":1},{"not_picked":["Reflex","Acrobatics"],"picked":"Flying Knee","floor":3},{"not_picked":["Bane","Backflip"],"picked":"Slice","floor":5},{"not_picked":["Quick Slash","Outmaneuver"],"picked":"Well Laid Plans","floor":7},{"not_picked":["Poisoned Stab","Eviscerate"],"picked":"Adrenaline","floor":11},{"not_picked":["Bane","Choke"],"picked":"Backflip","floor":13},{"not_picked":["PiercingWail","Prepared"],"picked":"Heel Hook","floor":14},{"not_picked":["Corpse Explosion","Night Terror"],"picked":"Envenom","floor":16},{"not_picked":["Slice+1","Dagger Throw+1"],"picked":"Sucker Punch","floor":18},{"not_picked":["Die Die Die","Reflex"],"picked":"Cloak And Dagger","floor":19},{"not_picked":["Blur","Deadly Poison"],"picked":"Escape Plan","floor":20},{"not_picked":["PiercingWail+1","Bane"],"picked":"Blur","floor":24},{"not_picked":["Underhanded Strike","Prepared"],"picked":"Quick Slash+1","floor":30},{"not_picked":["Skewer","Slice"],"picked":"Heel Hook","floor":31},{"not_picked":["Die Die Die","A Thousand Cuts"],"picked":"Envenom","floor":33},{"not_picked":["Escape Plan","Dagger Spray+1"],"picked":"Poisoned Stab+1","floor":35},{"not_picked":["Bane","Grand Finale"],"picked":"Poisoned Stab","floor":37}],"player_experience":376622,"relics_obtained":[{"floor":9,"key":"Snake Skull"},{"floor":11,"key":"Lantern"},{"floor":24,"key":"Old Coin"},{"floor":39,"key":"Pocketwatch"}],"event_choices":[{"damage_healed":0,"gold_gain":0,"player_choice":"Ignored","damage_taken":0,"max_hp_gain":0,"max_hp_loss":0,"event_name":"Liars Game","floor":2,"gold_loss":0},{"damage_healed":0,"gold_gain":0,"player_choice":"Gave Potion","damage_taken":0,"relics_obtained":["Dodecahedron"],"max_hp_gain":0,"max_hp_loss":0,"event_name":"WeMeetAgain","floor":4,"gold_loss":0},{"cards_removed":["Defend_G"],"damage_healed":0,"gold_gain":0,"player_choice":"Elegance","damage_taken":0,"max_hp_gain":0,"max_hp_loss":0,"event_name":"Back to Basics","floor":21,"gold_loss":0},{"damage_healed":0,"gold_gain":0,"player_choice":"Paid Fearfully","damage_taken":0,"max_hp_gain":0,"max_hp_loss":0,"event_name":"Masked Bandits","floor":27,"gold_loss":31},{"damage_healed":0,"gold_gain":0,"player_choice":"Traded Relic","damage_taken":0,"relics_obtained":["Nloth\u0027s Gift"],"max_hp_gain":0,"max_hp_loss":0,"event_name":"N\u0027loth","floor":29,"relics_lost":["NeowsBlessing"],"gold_loss":0},{"cards_removed":["Strike_G"],"damage_healed":0,"gold_gain":0,"player_choice":"Purged","damage_taken":0,"max_hp_gain":0,"max_hp_loss":0,"event_name":"Purifier","floor":36,"gold_loss":0},{"damage_healed":0,"gold_gain":0,"player_choice":"Fight","damage_taken":0,"max_hp_gain":0,"max_hp_loss":0,"event_name":"Mysterious Sphere","floor":39,"gold_loss":0}],"is_beta":false,"boss_relics":[{"not_picked":["HoveringKite","Pandora\u0027s Box"],"picked":"Ectoplasm"},{"not_picked":["Empty Cage","Runic Pyramid"],"picked":"Cursed Key"}],"items_purged_floors":[8,22],"is_endless":false,"potions_floor_spawned":[1,5,13,18,30,33,39],"killed_by":"Reptomancer","ascension_level":1}