{"path_per_floor":["M","?","?","?","$","E","R","E","T","R","$","M","M","M","R","B",null,"M","?","M","M","M"],"character_chosen":"THE_SILENT","items_purchased":["Escape Plan","Flechettes","Outmaneuver","Caltrops","Malaise"],"gold_per_floor":[109,284,359,359,126,159,159,192,192,192,44,58,71,81,81,183,183,123,23,35,52,66],"floor_reached":23,"campfire_rested":3,"playtime":3786,"current_hp_per_floor":[62,62,51,70,70,34,55,22,22,43,43,38,34,30,51,29,70,51,51,39,26,14],"items_purged":["Doubt"],"gold":66,"score":199,"play_id":"9f25bb8a-d430-4513-b356-3733e338db16","local_time":"20180306211843","is_prod":false,"is_daily":false,"is_ascension_mode":false,"campfire_upgraded":0,"timestamp":1520389123,"path_taken":["M","?","?","?","?","E","R","E","T","R","?","M","M","M","R","BOSS","M","?","M","M","M","E"],"build_version":"2018-03-01-PROD1","purchased_purges":1,"victory":false,"master_deck":["Defend_G","Defend_G","Defend_G","Defend_G","Defend_G","Strike_G","Strike_G","Strike_G","Strike_G","Strike_G","Survivor","Neutralize","Footwork","Escape Plan","Flechettes","Outmaneuver","Burst","Dodge and Roll","Cloak And Dagger","Caltrops","Malaise","Malaise","Dagger Spray","Prepared","Outmaneuver","Night Terror","Footwork","J.A.X.","Backflip+1","Blur","Slice"],"max_hp_per_floor":[70,70,70,70,70,70,70,70,70,70,70,70,70,70,70,70,70,70,70,70,70,70],"relics":["Ring of the Snake","Juzu Bracelet","Calipers","Dream Catcher","Snake Skull","Black Star"],"card_choices":[{"not_picked":["Catalyst","Underhanded Strike"],"picked":"Footwork"},{"not_picked":["Escape Plan","Deadly Poison"],"picked":"Burst"},{"not_picked":["Masterful Stab","Acrobatics"],"picked":"Dodge and Roll"},{"not_picked":["Underhanded Strike","Dodge and Roll"],"picked":"Cloak And Dagger"},{"not_picked":["Catalyst","Bane"],"picked":"Malaise"},{"not_picked":["All Out Attack","Sucker Punch"],"picked":"Dagger Spray"},{"not_picked":["Reflex","Poisoned Stab"],"picked":"Prepared"},{"not_picked":["Dodge and Roll","Poisoned Stab"],"picked":"Outmaneuver"},{"not_picked":["Doppelganger","Tools of the Trade"],"picked":"Night Terror"},{"not_picked":["Backflip","Leg Sweep"],"picked":"Footwork"},{"not_picked":["Slice","Flying Knee"],"picked":"Backflip"},{"not_picked":["Outmaneuver","Bane"],"picked":"Blur"},{"not_picked":["Calculated Gamble","Outmaneuver"],"picked":"Slice"}],"player_experience":148851,"potions_floor_usage":[8,16,16,22,23],"damage_taken":[{"damage":8,"enemies":"Jaw Worm","floor":1,"turns":6},{"damage":36,"enemies":"3 Sentries","floor":6,"turns":16},{"damage":45,"enemies":"Gremlin Nob","floor":8,"turns":6},{"damage":5,"enemies":"2 Louse","floor":12,"turns":5},{"damage":4,"enemies":"Cultist","floor":13,"turns":5},{"damage":4,"enemies":"Blue Slaver","floor":14,"turns":5},{"damage":22,"enemies":"The Guardian","floor":16,"turns":16},{"damage":19,"enemies":"2 Thieves","floor":18,"turns":4},{"damage":12,"enemies":"Shell Parasite","floor":20,"turns":11},{"damage":13,"enemies":"Snecko","floor":21,"turns":10},{"damage":12,"enemies":"Centurion and Healer","floor":22,"turns":14},{"damage":17,"enemies":"Gremlin Leader","floor":23,"turns":4}],"event_choices":[{"event_name":"Liars Game","player_choice":"agreed","floor":2,"damage_taken":0},{"event_name":"World of Goop","player_choice":"Gather Gold","floor":3,"damage_taken":0},{"event_name":"Big Fish","player_choice":"Banana","floor":4,"damage_taken":0},{"event_name":"Drug Dealer","player_choice":"Got JAXXED","floor":19,"damage_taken":0}],"boss_relics":[{"not_picked":["Question Card","Ectoplasm"],"picked":"Black Star"}],"potions_floor_spawned":[1,13,14,20,22],"seed_played":"-4546239947212609874","killed_by":"Gremlin Leader","ascension_level":0,"is_trial":false}