{"gold_per_floor":[113,73,83,93,93,93,123,123,170,195,208,208,243,243,243,348,348,361,374,25,38,51,51],"floor_reached":23,"playtime":1405,"items_purged":["Strike_B"],"score":295,"play_id":"be23e7ad-13ef-4b73-a774-780551cffac6","local_time":"20190114111643","is_ascension_mode":true,"campfire_choices":[{"data":"Loop","floor":6,"key":"SMITH"},{"data":"Zap","floor":8,"key":"SMITH"},{"data":"Genetic Algorithm","floor":12,"key":"SMITH"},{"floor":15,"key":"REST"}],"neow_cost":"NONE","seed_source_timestamp":1952985709247081,"circlet_count":0,"master_deck":["Strike_B","Strike_B","Defend_B","Defend_B","Defend_B","Defend_B","Zap+1","Dualcast+1","Loop+1","Cold Snap","Coolheaded+1","Genetic Algorithm+1","Loop","All For One","Darkness","Conserve Battery","Defragment","Redo","BootSequence"],"relics":["Cracked Core","NeowsBlessing","Lantern","War Paint","Singing Bowl","Bag of Preparation","GremlinMask","Sozu","Pantograph"],"potions_floor_usage":[7,16,18],"damage_taken":[{"damage":0,"enemies":"Jaw Worm","floor":1,"turns":1},{"damage":0,"enemies":"Cultist","floor":3,"turns":1},{"damage":0,"enemies":"Small Slimes","floor":4,"turns":1},{"damage":12,"enemies":"Lagavulin","floor":7,"turns":10},{"damage":20,"enemies":"Gremlin Nob","floor":10,"turns":4},{"damage":0,"enemies":"Blue Slaver","floor":11,"turns":4},{"damage":13,"enemies":"Lagavulin","floor":13,"turns":9},{"damage":22,"enemies":"Slime Boss","floor":16,"turns":13},{"damage":18,"enemies":"3 Byrds","floor":18,"turns":5},{"damage":13,"enemies":"2 Thieves","floor":19,"turns":5},{"damage":25,"enemies":"Shelled Parasite and Fungi","floor":21,"turns":7},{"damage":0,"enemies":"Snake Plant","floor":22,"turns":5},{"damage":7,"enemies":"Gremlin Leader","floor":23,"turns":3}],"seed_played":"-2066647798230144694","potions_obtained":[{"floor":2,"key":"FocusPotion"},{"floor":2,"key":"Swift Potion"},{"floor":2,"key":"Swift Potion"},{"floor":4,"key":"EssenceOfSteel"},{"floor":7,"key":"Swift Potion"},{"floor":16,"key":"Dexterity Potion"}],"is_trial":false,"path_per_floor":["M","?","M","M","?","R","E","R","T","E","M","R","E","?","R","B",null,"M","M","$","M","M","E"],"character_chosen":"DEFECT","items_purchased":["Pantograph","Defragment"],"campfire_rested":1,"item_purchase_floors":[20,20],"current_hp_per_floor":[68,68,68,68,61,61,49,49,49,29,31,31,18,18,41,19,63,45,32,32,7,7,0],"gold":51,"neow_bonus":"THREE_ENEMY_KILL","is_prod":false,"is_daily":false,"chose_seed":false,"campfire_upgraded":3,"win_rate":0,"timestamp":1547486203,"path_taken":["M","?","M","?","?","R","E","R","T","E","M","R","E","?","R","BOSS","M","M","$","M","M","E"],"build_version":"2019-01-10","purchased_purges":1,"victory":false,"max_hp_per_floor":[75,75,75,75,75,75,75,75,75,75,77,77,77,77,77,77,77,77,77,77,77,77,77],"card_choices":[{"not_picked":["Cold Snap","Conserve Battery"],"picked":"Loop","floor":1},{"not_picked":["Barrage","Skim"],"picked":"Cold Snap","floor":3},{"not_picked":["Recycle","Steam Power"],"picked":"Coolheaded","floor":4},{"not_picked":["Biased Cognition","Turbo","Beam Cell"],"picked":"SKIP","floor":7},{"not_picked":["Steam","Redo"],"picked":"Genetic Algorithm","floor":10},{"not_picked":["Rebound","Fusion","Coolheaded"],"picked":"Singing Bowl","floor":11},{"not_picked":["Turbo","Sweeping Beam"],"picked":"Loop","floor":13},{"not_picked":["Multi-Cast","Creative AI"],"picked":"All For One","floor":16},{"not_picked":["Static Discharge","Chaos"],"picked":"Darkness","floor":18},{"not_picked":["Undo","Leap+1"],"picked":"Conserve Battery","floor":19},{"not_picked":["Leap","Tempest"],"picked":"Redo","floor":21},{"not_picked":["Turbo","Hello World"],"picked":"BootSequence","floor":22}],"player_experience":592635,"relics_obtained":[{"floor":7,"key":"Lantern"},{"floor":9,"key":"War Paint"},{"floor":10,"key":"Singing Bowl"},{"floor":13,"key":"Bag of Preparation"}],"event_choices":[{"damage_healed":0,"gold_gain":0,"player_choice":"Bought 3 Potions","damage_taken":0,"max_hp_gain":0,"max_hp_loss":0,"event_name":"The Woman in Blue","floor":2,"gold_loss":0},{"cards_removed":["Strike_B"],"damage_healed":0,"gold_gain":0,"player_choice":"Card Removal","damage_taken":7,"max_hp_gain":0,"max_hp_loss":0,"event_name":"Golden Wing","floor":5,"gold_loss":0},{"damage_healed":0,"gold_gain":0,"player_choice":"Trade","damage_taken":0,"relics_obtained":["GremlinMask"],"max_hp_gain":0,"max_hp_loss":0,"event_name":"FaceTrader","floor":14,"gold_loss":0}],"is_beta":false,"boss_relics":[{"not_picked":["Nuclear Battery","Astrolabe"],"picked":"Sozu"}],"items_purged_floors":[20],"is_endless":false,"potions_floor_spawned":[4,7,10,16,22],"killed_by":"Gremlin Leader","ascension_level":8}