{"gold_per_floor":[110,120,134,148,148,180,193,193,193,207,221,234,246,258,258,258],"floor_reached":16,"playtime":782,"items_purged":[],"score":187,"play_id":"d9be2160-7696-4c95-be07-c453699a2981","local_time":"20190223002111","is_ascension_mode":true,"campfire_choices":[{"floor":8,"key":"REST"},{"floor":15,"key":"REST"}],"neow_cost":"TEN_PERCENT_HP_LOSS","seed_source_timestamp":455094229682982,"circlet_count":0,"master_deck":["AscendersBane","Defend_G","Defend_G","Defend_G","Defend_G","Defend_G","Strike_G","Strike_G","Strike_G","Strike_G","Strike_G","Survivor","Neutralize","After Image","Dash","Flying Knee","Unload","Dagger Spray","Dagger Spray","Sucker Punch","Dagger Throw","PiercingWail","Footwork"],"relics":["Ring of the Snake","Snake Skull","Bottled Lightning"],"potions_floor_usage":[16,16],"damage_taken":[{"damage":12,"enemies":"Small Slimes","floor":1,"turns":6},{"damage":2,"enemies":"Cultist","floor":2,"turns":5},{"damage":2,"enemies":"2 Louse","floor":3,"turns":4},{"damage":0,"enemies":"Blue Slaver","floor":4,"turns":5},{"damage":22,"enemies":"3 Sentries","floor":6,"turns":11},{"damage":7,"enemies":"Exordium Thugs","floor":7,"turns":5},{"damage":5,"enemies":"Large Slime","floor":10,"turns":7},{"damage":6,"enemies":"3 Louse","floor":11,"turns":4},{"damage":6,"enemies":"Lots of Slimes","floor":12,"turns":2},{"damage":2,"enemies":"2 Fungi Beasts","floor":13,"turns":3},{"damage":6,"enemies":"Large Slime","floor":14,"turns":7},{"damage":25,"enemies":"Hexaghost","floor":16,"turns":16}],"seed_played":"8672713102305157449","potions_obtained":[{"floor":1,"key":"Ancient Potion"},{"floor":6,"key":"FearPotion"},{"floor":7,"key":"SteroidPotion"},{"floor":10,"key":"GhostInAJar"}],"is_trial":false,"path_per_floor":["M","M","M","M","?","E","M","R","T","M","M","M","M","M","R","B"],"character_chosen":"THE_SILENT","items_purchased":[],"campfire_rested":2,"item_purchase_floors":[],"current_hp_per_floor":[47,45,43,43,43,21,14,32,32,27,21,15,13,7,25,0],"gold":258,"neow_bonus":"THREE_RARE_CARDS","is_prod":false,"is_daily":false,"chose_seed":false,"campfire_upgraded":0,"win_rate":0,"timestamp":1550877671,"path_taken":["M","M","M","M","?","E","M","R","T","?","M","M","M","M","R","BOSS"],"build_version":"2019-01-23","purchased_purges":0,"victory":false,"max_hp_per_floor":[60,60,60,60,60,60,60,60,60,60,60,60,60,60,60,60],"card_choices":[{"not_picked":["Malaise","Wraith Form v2"],"picked":"After Image","floor":0},{"not_picked":["Sucker Punch","Acrobatics"],"picked":"Dash","floor":1},{"not_picked":["Acrobatics","PiercingWail"],"picked":"Flying Knee","floor":2},{"not_picked":["Finisher","Acrobatics","Reflex"],"picked":"SKIP","floor":3},{"not_picked":["Blade Dance","Prepared"],"picked":"Unload","floor":4},{"not_picked":["Blade Dance","Riddle With Holes","Setup"],"picked":"SKIP","floor":6},{"not_picked":["Slice","PiercingWail"],"picked":"Dagger Spray","floor":7},{"not_picked":["Setup","Catalyst"],"picked":"Dagger Spray","floor":10},{"not_picked":["Bane","Slice"],"picked":"Sucker Punch","floor":11},{"not_picked":["Poisoned Stab","Doppelganger"],"picked":"Dagger Throw","floor":12},{"not_picked":["Dodge and Roll","Predator"],"picked":"PiercingWail","floor":13},{"not_picked":["Deflect","Blade Dance"],"picked":"Footwork","floor":14}],"player_experience":726660,"relics_obtained":[{"floor":6,"key":"Snake Skull"},{"floor":9,"key":"Bottled Lightning"}],"event_choices":[{"damage_healed":0,"gold_gain":0,"player_choice":"Leave","damage_taken":0,"max_hp_gain":0,"max_hp_loss":0,"event_name":"FaceTrader","floor":5,"gold_loss":0}],"is_beta":false,"boss_relics":[],"items_purged_floors":[],"is_endless":false,"potions_floor_spawned":[1,6,7,10,13,14],"killed_by":"Hexaghost","ascension_level":14}