{"path_per_floor":["M","M","?","M","M","E","R","E","T","R","$","E","?","M","R","B",null,"M","?","T","M","M","E","M"],"character_chosen":"THE_SILENT","items_purchased":["Footwork","Bandage Up"],"gold_per_floor":[118,138,88,108,124,152,152,182,182,182,13,47,47,61,61,162,162,182,182,182,192,207,232,245,245],"floor_reached":25,"campfire_rested":3,"playtime":4493,"current_hp_per_floor":[68,60,60,58,46,29,50,24,24,45,45,38,38,36,57,25,70,67,49,49,49,45,42,49,9],"items_purged":[],"gold":245,"score":280,"play_id":"dbf1ad0f-91fa-4002-9a67-929f6da6916c","local_time":"20180414040102","is_prod":false,"is_daily":false,"chose_seed":false,"is_ascension_mode":true,"campfire_upgraded":0,"timestamp":1523692862,"path_taken":["M","M","?","M","M","E","R","E","T","R","$","E","?","?","R","BOSS","M","?","?","M","M","E","?","E"],"build_version":"2018-04-12","seed_source_timestamp":59099161392878,"purchased_purges":0,"victory":false,"master_deck":["Defend_G","Defend_G","Defend_G","Defend_G","Survivor","Neutralize","Calculated Gamble","Blade Dance","After Image","Masterful Stab","Prepared","Accuracy","Footwork","Bandage Up","Grand Finale","Dagger Throw","Bullet Time","Terror","Underhanded Strike","PiercingWail","PiercingWail","Eviscerate","Dash","Bite","Bite","Bite","Bite","Bite","Quick Slash","Caltrops","Acrobatics","Accuracy"],"max_hp_per_floor":[70,70,70,70,70,70,70,70,70,70,70,70,70,70,70,70,70,70,49,49,49,49,49,49,49],"relics":["Ring of the Snake","Snake Skull","Happy Flower","Thread and Needle","Mercury Hourglass","Orrery","Question Card","Bag of Preparation"],"card_choices":[{"not_picked":["Dagger Spray","Sucker Punch"],"picked":"Calculated Gamble","floor":1},{"not_picked":["Dagger Spray","Cloak And Dagger"],"picked":"Blade Dance","floor":2},{"not_picked":["Dodge and Roll","Flying Knee"],"picked":"After Image","floor":4},{"not_picked":["PiercingWail","Poisoned Stab"],"picked":"Masterful Stab","floor":5},{"not_picked":["Quick Slash","Bouncing Flask"],"picked":"Prepared","floor":6},{"not_picked":["Infinite Blades","Bane"],"picked":"Accuracy","floor":8},{"not_picked":["Choke","Distraction"],"picked":"Grand Finale","floor":12},{"not_picked":["Outmaneuver","Prepared"],"picked":"Dagger Throw","floor":14},{"not_picked":["Glass Knife","Corpse Explosion"],"picked":"Bullet Time","floor":16},{"not_picked":["Bane","Sucker Punch"],"picked":"Terror","floor":17},{"not_picked":["Outmaneuver","Noxious Fumes"],"picked":"Underhanded Strike","floor":17},{"not_picked":["Bane","Deadly Poison"],"picked":"PiercingWail","floor":17},{"not_picked":["Bane","Corpse Explosion"],"picked":"PiercingWail","floor":17},{"not_picked":["Deflect","Blade Dance"],"picked":"Eviscerate","floor":17},{"not_picked":["Outmaneuver","Poisoned Stab"],"picked":"Dash","floor":18},{"not_picked":["Dagger Throw","Glass Knife","Poisoned Stab"],"picked":"Quick Slash","floor":21},{"not_picked":["Poisoned Stab","Bane","Catalyst"],"picked":"Caltrops","floor":22},{"not_picked":["Dagger Throw","Crippling Poison","Caltrops"],"picked":"Acrobatics","floor":23},{"not_picked":["Acrobatics","Reflex","All Out Attack"],"picked":"Accuracy","floor":24}],"player_experience":240287,"potions_floor_usage":[6,8],"damage_taken":[{"damage":2,"enemies":"2 Louse","floor":1,"turns":5},{"damage":8,"enemies":"Jaw Worm","floor":2,"turns":5},{"damage":2,"enemies":"Small Slimes","floor":4,"turns":4},{"damage":12,"enemies":"Exordium Thugs","floor":5,"turns":6},{"damage":17,"enemies":"Lagavulin","floor":6,"turns":10},{"damage":26,"enemies":"Gremlin Nob","floor":8,"turns":4},{"damage":11,"enemies":"3 Sentries","floor":12,"turns":15},{"damage":6,"enemies":"Looter","floor":14,"turns":3},{"damage":36,"enemies":"Hexaghost","floor":16,"turns":14},{"damage":3,"enemies":"2 Thieves","floor":18,"turns":4},{"damage":6,"enemies":"Chosen","floor":21,"turns":6},{"damage":12,"enemies":"Centurion and Healer","floor":22,"turns":6},{"damage":15,"enemies":"Book of Stabbing","floor":23,"turns":6},{"damage":1,"enemies":"Snecko","floor":24,"turns":5},{"damage":40,"enemies":"Slavers","floor":25,"turns":2}],"event_choices":[{"event_name":"The Cleric","player_choice":"Card Removal","floor":3,"damage_taken":0},{"event_name":"Purifier","player_choice":"One Purge","floor":13,"damage_taken":0},{"event_name":"Vampires","player_choice":"Became a vampire","floor":19,"damage_taken":0}],"boss_relics":[{"not_picked":["Pandora\u0027s Box","Black Star"],"picked":"Orrery"}],"potions_floor_spawned":[4,6,14,22,24],"seed_played":"-2546181355382676929","killed_by":"Slavers","ascension_level":1,"is_trial":false}