{"gold_per_floor":[213,231,29,29,29,29,67,97,185,221,233,10,26,60,60,156,156,174,190,190,190,141,141,155,196,245,265,289,305,323,367,367,463,463,484,68,68,89,89,127,127,143,143,164,164,164,68,81,81,81],"floor_reached":51,"playtime":4483,"items_purged":[],"score":1187,"play_id":"5fbe07b9-7cb4-4add-b2ce-c86c52426921","local_time":"20190120210113","is_ascension_mode":true,"campfire_choices":[{"floor":6,"key":"REST"},{"floor":11,"key":"REST"},{"data":"Catalyst","floor":15,"key":"SMITH"},{"floor":23,"key":"RECALL"},{"floor":32,"key":"REST"},{"floor":41,"key":"REST"},{"floor":46,"key":"REST"},{"floor":49,"key":"REST"}],"neow_cost":"NONE","seed_source_timestamp":874673109495128,"circlet_count":0,"master_deck":["AscendersBane","Defend_G","Defend_G","Defend_G","Defend_G","Survivor","Neutralize","Slice","PiercingWail","Bane","Noxious Fumes","Footwork","Backstab","Leg Sweep","Catalyst+1","Corpse Explosion","Slice","Backflip+1","Bite","Bite","Bite","Bite","Bite","Poisoned Stab","Crippling Poison","Envenom","Backflip","Catalyst","Backflip","Well Laid Plans","A Thousand Cuts","Bane","Noxious Fumes","PiercingWail"],"relics":["Ring of the Snake","TwistedFunnel","Golden Idol","MawBank","Ornamental Fan","Art of War","Fusion Hammer","PreservedInsect","Omamori","Anchor","White Beast Statue","Lee\u0027s Waffle","Strawberry","Dead Branch","Singing Bowl"],"potions_floor_usage":[2,7,14,16,16,25,27,30,33,33,40,42,44,47,50,50],"damage_taken":[{"damage":5,"enemies":"Small Slimes","floor":1,"turns":4},{"damage":0,"enemies":"Jaw Worm","floor":2,"turns":6},{"damage":39,"enemies":"3 Sentries","floor":7,"turns":16},{"damage":0,"enemies":"2 Louse","floor":8,"turns":2},{"damage":0,"enemies":"2 Fungi Beasts","floor":10,"turns":3},{"damage":0,"enemies":"Large Slime","floor":13,"turns":6},{"damage":2,"enemies":"Lagavulin","floor":14,"turns":8},{"damage":19,"enemies":"The Guardian","floor":16,"turns":12},{"damage":1,"enemies":"Spheric Guardian","floor":18,"turns":5},{"damage":0,"enemies":"3 Byrds","floor":19,"turns":5},{"damage":8,"enemies":"Snecko","floor":24,"turns":5},{"damage":11,"enemies":"Slavers","floor":25,"turns":2},{"damage":4,"enemies":"Cultist and Chosen","floor":27,"turns":3},{"damage":3,"enemies":"Centurion and Healer","floor":28,"turns":4},{"damage":1,"enemies":"Snake Plant","floor":29,"turns":3},{"damage":0,"enemies":"Cultist and Chosen","floor":30,"turns":5},{"damage":17,"enemies":"Gremlin Leader","floor":31,"turns":4},{"damage":37,"enemies":"Automaton","floor":33,"turns":10},{"damage":8,"enemies":"3 Darklings","floor":35,"turns":3},{"damage":3,"enemies":"3 Shapes","floor":38,"turns":3},{"damage":24,"enemies":"Reptomancer","floor":40,"turns":5},{"damage":6,"enemies":"Jaw Worm Horde","floor":42,"turns":4},{"damage":2,"enemies":"Writhing Mass","floor":44,"turns":4},{"damage":21,"enemies":"Spire Growth","floor":48,"turns":5},{"damage":37,"enemies":"Time Eater","floor":50,"turns":10}],"seed_played":"4277181880452935064","potions_obtained":[{"floor":1,"key":"SpeedPotion"},{"floor":2,"key":"Dexterity Potion"},{"floor":7,"key":"SteroidPotion"},{"floor":14,"key":"PowerPotion"},{"floor":18,"key":"Ancient Potion"},{"floor":25,"key":"GamblersBrew"},{"floor":28,"key":"Swift Potion"},{"floor":30,"key":"AttackPotion"},{"floor":31,"key":"EssenceOfSteel"},{"floor":35,"key":"GhostInAJar"},{"floor":38,"key":"Energy Potion"},{"floor":40,"key":"Fire Potion"},{"floor":42,"key":"Fire Potion"},{"floor":44,"key":"PowerPotion"},{"floor":48,"key":"SpeedPotion"}],"is_trial":false,"path_per_floor":["M","M","$","?","?","R","E","M","T","M","R","$","M","E","R","B",null,"M","M","?","?","$","R","M","E","T","M","M","M","M","E","R","B",null,"M","$","?","M","?","E","R","M","T","M","?","R","$","M","R","B",null],"character_chosen":"THE_SILENT","items_purchased":["TwistedFunnel","Footwork","Backstab","Leg Sweep","Block Potion","Block Potion","Lee\u0027s Waffle","Strawberry","Noxious Fumes","Fruit Juice"],"campfire_rested":6,"item_purchase_floors":[3,12,12,12,12,22,36,36,36,47],"current_hp_per_floor":[58,58,58,41,46,68,29,29,29,29,51,51,51,49,49,30,64,63,63,52,52,52,52,44,37,37,37,40,41,49,38,52,21,44,40,66,66,66,66,46,65,65,65,65,67,68,73,56,75,42],"gold":81,"neow_bonus":"HUNDRED_GOLD","is_prod":false,"is_daily":false,"chose_seed":false,"campfire_upgraded":1,"win_rate":0,"timestamp":1548036073,"path_taken":["M","M","$","?","?","R","E","M","T","M","R","?","M","E","R","BOSS","M","M","?","?","$","R","?","E","T","M","M","M","M","E","R","BOSS","M","$","?","M","?","E","R","M","T","M","?","R","?","M","R","BOSS"],"build_version":"2019-01-17v2","purchased_purges":0,"victory":true,"max_hp_per_floor":[70,70,70,70,75,75,75,75,75,75,75,75,75,75,75,75,75,75,75,52,52,52,52,52,52,52,52,52,52,52,52,52,52,52,52,66,66,66,66,66,66,66,66,66,68,68,73,75,75,75],"card_choices":[{"not_picked":["Setup","Flechettes","Prepared"],"picked":"SKIP","floor":1},{"not_picked":["Prepared","Outmaneuver"],"picked":"Slice","floor":2},{"not_picked":["Escape Plan","Concentrate"],"picked":"PiercingWail","floor":7},{"not_picked":["Crippling Poison","Quick Slash"],"picked":"Bane","floor":8},{"not_picked":["Escape Plan","Grand Finale"],"picked":"Noxious Fumes","floor":10},{"not_picked":["Underhanded Strike","Riddle With Holes","Calculated Gamble"],"picked":"SKIP","floor":13},{"not_picked":["Dodge and Roll","Flechettes"],"picked":"Catalyst","floor":14},{"not_picked":["Tools of the Trade","Phantasmal Killer"],"picked":"Corpse Explosion","floor":16},{"not_picked":["Heel Hook","Acrobatics"],"picked":"Slice","floor":18},{"not_picked":["Deflect","Riddle With Holes"],"picked":"Backflip+1","floor":19},{"not_picked":["Bane","Skewer"],"picked":"Poisoned Stab","floor":24},{"not_picked":["Footwork","Expertise"],"picked":"Crippling Poison","floor":25},{"not_picked":["Dagger Spray","Infinite Blades"],"picked":"Envenom","floor":27},{"not_picked":["Escape Plan","Masterful Stab"],"picked":"Backflip","floor":28},{"not_picked":["Underhanded Strike","Blade Dance"],"picked":"Catalyst","floor":29},{"not_picked":["Sucker Punch","Tactician"],"picked":"Backflip","floor":30},{"not_picked":["Deflect","Grand Finale"],"picked":"Well Laid Plans","floor":31},{"not_picked":["Night Terror","Bullet Time"],"picked":"A Thousand Cuts","floor":33},{"not_picked":["Skewer+1","Deflect+1"],"picked":"Bane","floor":35},{"not_picked":["Predator","Escape Plan","Infinite Blades"],"picked":"SKIP","floor":38},{"not_picked":["Flechettes","Prepared+1","Setup"],"picked":"SKIP","floor":40},{"not_picked":["Expertise","Masterful Stab","Poisoned Stab"],"picked":"SKIP","floor":42},{"not_picked":["Poisoned Stab","Noxious Fumes+1"],"picked":"PiercingWail","floor":44},{"not_picked":["Good Instincts","Bandage Up","Dramatic Entrance"],"picked":"Singing Bowl","floor":45},{"not_picked":["Tools of the Trade","Cloak And Dagger","Accuracy"],"picked":"Singing Bowl","floor":48}],"player_experience":460976,"relics_obtained":[{"floor":7,"key":"MawBank"},{"floor":9,"key":"Ornamental Fan"},{"floor":14,"key":"Art of War"},{"floor":25,"key":"PreservedInsect"},{"floor":26,"key":"Omamori"},{"floor":31,"key":"Anchor"},{"floor":40,"key":"Dead Branch"},{"floor":43,"key":"Singing Bowl"}],"event_choices":[{"damage_healed":0,"gold_gain":0,"player_choice":"Take Damage","damage_taken":17,"relics_obtained":["Golden Idol"],"max_hp_gain":0,"max_hp_loss":0,"event_name":"Golden Idol","floor":4,"gold_loss":0},{"damage_healed":0,"gold_gain":0,"player_choice":"Donut","damage_taken":0,"max_hp_gain":5,"max_hp_loss":0,"event_name":"Big Fish","floor":5,"gold_loss":0},{"damage_healed":0,"gold_gain":0,"player_choice":"Became a vampire","damage_taken":0,"max_hp_gain":0,"max_hp_loss":23,"event_name":"Vampires","floor":20,"gold_loss":0,"cards_obtained":["Bite","Bite","Bite","Bite","Bite"]},{"damage_healed":0,"gold_gain":0,"player_choice":"Ignored","damage_taken":0,"max_hp_gain":0,"max_hp_loss":0,"event_name":"Ghosts","floor":21,"gold_loss":0},{"cards_removed":["Defend_G"],"damage_healed":0,"gold_gain":0,"player_choice":"Removed Skill","damage_taken":0,"max_hp_gain":0,"max_hp_loss":0,"event_name":"Falling","floor":37,"gold_loss":0},{"damage_healed":17,"gold_gain":0,"player_choice":"Writhe","damage_taken":0,"max_hp_gain":0,"max_hp_loss":0,"event_name":"Winding Halls","floor":39,"gold_loss":0,"cards_obtained":["Writhe"]},{"damage_healed":0,"gold_gain":0,"player_choice":"Memory 1","damage_taken":0,"max_hp_gain":0,"max_hp_loss":0,"event_name":"SensoryStone","floor":45,"gold_loss":0}],"is_beta":false,"boss_relics":[{"not_picked":["Pandora\u0027s Box","HoveringKite"],"picked":"Fusion Hammer"},{"not_picked":["Snecko Eye","Astrolabe"],"picked":"White Beast Statue"}],"items_purged_floors":[],"is_endless":false,"potions_floor_spawned":[1,2,7,14,18,25,28,30,31,35,38,40,42,44,48],"ascension_level":13}