{"gold_per_floor":[111,36,46,60,80,80,113,113,113,113,142,142,153,165,165,261,261,273,273,273,288,288,320,320,349,349,349,363,376,393,18,18,117,117,133,149,160,160,260,260,14,45,72,72,72,72,106,140,140,140,140,140,53,87,87],"floor_reached":55,"playtime":3666,"items_purged":["Strike_B","Strike_B"],"score":1143,"play_id":"cc2fb102-fca4-4da0-9f1d-7a6e0e4f2d81","local_time":"20190109081005","is_ascension_mode":true,"campfire_choices":[{"data":"Zap","floor":6.0,"key":"SMITH"},{"data":"Streamline","floor":8.0,"key":"SMITH"},{"data":"Rip and Tear","floor":10.0,"key":"SMITH"},{"floor":15.0,"key":"REST"},{"floor":24.0,"key":"REST"},{"data":"BootSequence","floor":27.0,"key":"SMITH"},{"data":"Seek","floor":32.0,"key":"SMITH"},{"data":"White Noise","floor":40.0,"key":"SMITH"},{"data":"Dualcast","floor":44,"key":"SMITH"},{"floor":49,"key":"RECALL"},{"data":"Conserve Battery","floor":52,"key":"SMITH"}],"neow_cost":"TEN_PERCENT_HP_LOSS","seed_source_timestamp":1507437182396950,"circlet_count":0,"master_deck":["Defend_B","Defend_B","Defend_B","Defend_B","Zap+1","Dualcast+1","Core Surge","Streamline+1","FTL","Leap","Rebound","BootSequence+1","Seek+1","Leap","Echo Form","Loop+1","Conserve Battery+1","Core Surge","Redo+1","Reboot","White Noise+1","Redo+1","Defragment+1","Biased Cognition+1","Conserve Battery+1","Doom and Gloom","Coolheaded","FTL","Blind"],"special_seed":0,"relics":["Cracked Core","Mercury Hourglass","WingedGreaves","Bird Faced Urn","Lizard Tail","Bottled Lightning","Frozen Egg 2","Anchor","Emotion Chip","Lee\u0027s Waffle","Busted Crown","Unceasing Top","Meat on the Bone","Regal Pillow","Bottled Flame","Pear","Prayer Wheel","Dodecahedron"],"potions_floor_usage":[54,55,55,55],"damage_taken":[{"damage":0.0,"enemies":"Cultist","floor":1.0,"turns":2.0},{"damage":7.0,"enemies":"Small Slimes","floor":3.0,"turns":3.0},{"damage":2.0,"enemies":"Jaw Worm","floor":4.0,"turns":3.0},{"damage":13.0,"enemies":"Exordium Thugs","floor":5.0,"turns":4.0},{"damage":18.0,"enemies":"Gremlin Nob","floor":7.0,"turns":3.0},{"damage":16.0,"enemies":"Lagavulin","floor":11.0,"turns":6.0},{"damage":0.0,"enemies":"Large Slime","floor":13.0,"turns":2.0},{"damage":5.0,"enemies":"Gremlin Gang","floor":14.0,"turns":2.0},{"damage":0.0,"enemies":"Slime Boss","floor":16.0,"turns":7.0},{"damage":0.0,"enemies":"3 Byrds","floor":18.0,"turns":4.0},{"damage":14.0,"enemies":"2 Thieves","floor":21.0,"turns":3.0},{"damage":16.0,"enemies":"Gremlin Leader","floor":23.0,"turns":7.0},{"damage":34.0,"enemies":"Book of Stabbing","floor":25.0,"turns":5.0},{"damage":2.0,"enemies":"Cultist and Chosen","floor":28.0,"turns":5.0},{"damage":7.0,"enemies":"Snake Plant","floor":29.0,"turns":3.0},{"damage":14.0,"enemies":"Sentry and Sphere","floor":30.0,"turns":5.0},{"damage":55.0,"enemies":"Champ","floor":33.0,"turns":9.0},{"damage":8.0,"enemies":"Orb Walker","floor":35.0,"turns":4.0},{"damage":32.0,"enemies":"3 Darklings","floor":36.0,"turns":4.0},{"damage":15.0,"enemies":"Maw","floor":37.0,"turns":6.0},{"damage":11.0,"enemies":"Mind Bloom Boss Battle","floor":39.0,"turns":5.0},{"damage":54.0,"enemies":"Nemesis","floor":42.0,"turns":9.0},{"damage":15,"enemies":"Reptomancer","floor":47,"turns":6},{"damage":0,"enemies":"Giant Head","floor":48,"turns":10},{"damage":37,"enemies":"Awakened One","floor":50,"turns":10},{"damage":91,"enemies":"Shield and Spear","floor":54,"turns":6},{"damage":53,"enemies":"The Heart","floor":55,"turns":3}],"seed_played":"-7721878007684116433","potions_obtained":[{"floor":5.0,"key":"Fire Potion"},{"floor":14.0,"key":"Dexterity Potion"},{"floor":16.0,"key":"Fruit Juice"},{"floor":28.0,"key":"FearPotion"},{"floor":29.0,"key":"AttackPotion"},{"floor":30.0,"key":"Block Potion"},{"floor":37.0,"key":"FocusPotion"},{"floor":39.0,"key":"PowerPotion"},{"floor":54,"key":"SkillPotion"}],"is_trial":false,"path_per_floor":["M","$","M","M","M","R","E","R","T","R","E","?","M","M","R","B",null,"M","?","T","M","?","E","R","E","T","R","M","M","M","$","R","B",null,"M","M","M","?","?","R","$","E","T","R","T","$","E","E","R","B",null,"R","$","E","B"],"character_chosen":"DEFECT","items_purchased":["Lee\u0027s Waffle","Defragment+1","Meat on the Bone","Blind"],"campfire_rested":2,"item_purchase_floors":[31,31,41,53],"current_hp_per_floor":[68,68,61,59,46,46,28,28,28,28,12,12,12,7,27,27,58,58,46,46,34,34,25,48,20,20,20,20,17,11,85,85,36,73,75,53,52,52,57,57,57,27,27,27,27,27,44,56,56,41,82,82,82,50,0],"gold":87,"neow_bonus":"THREE_RARE_CARDS","is_prod":false,"is_daily":false,"chose_seed":false,"campfire_upgraded":8,"win_rate":0,"timestamp":1547043005,"path_taken":["M","?","M","?","?","R","E","R","T","R","E","?","?","M","R","BOSS","M","?","?","M","?","E","R","E","T","R","M","M","?","$","R","BOSS","M","M","M","?","?","R","$","E","T","R","?","?","E","E","R","BOSS","R","$","E","BOSS"],"build_version":"2019-01-03v4","purchased_purges":2,"victory":false,"max_hp_per_floor":[68,68,68,68,68,68,68,68,68,68,68,68,68,68,68,68,68,68,73,73,73,73,78,78,78,78,78,78,78,78,85,85,85,85,85,85,85,85,85,85,85,85,85,85,85,85,95,95,95,95,95,95,95,95,95],"card_choices":[{"not_picked":["Seek","Reboot"],"picked":"Core Surge","floor":0.0},{"not_picked":["Leap","Reprogram"],"picked":"Streamline","floor":1.0},{"not_picked":["Tempest","Recycle"],"picked":"FTL","floor":3.0},{"not_picked":["Turbo","Darkness"],"picked":"Leap","floor":4.0},{"not_picked":["Blizzard","Conserve Battery"],"picked":"Rip and Tear","floor":5.0},{"not_picked":["Streamline","Sweeping Beam"],"picked":"Rebound","floor":7.0},{"not_picked":["Turbo","Scrape"],"picked":"BootSequence","floor":11.0},{"not_picked":["BootSequence","Force Field"],"picked":"Seek","floor":13.0},{"not_picked":["Hello World","Ball Lightning"],"picked":"Leap","floor":14.0},{"not_picked":["Machine Learning","Buffer"],"picked":"Echo Form","floor":16.0},{"not_picked":["Go for the Eyes","Beam Cell"],"picked":"Loop+1","floor":18.0},{"not_picked":["Heatsinks","Rip and Tear"],"picked":"Conserve Battery","floor":21.0},{"not_picked":["Redo+1","Steam","Turbo"],"picked":"SKIP","floor":23.0},{"not_picked":["Steam","Turbo"],"picked":"Redo+1","floor":23.0},{"not_picked":["Beam Cell","Sunder"],"picked":"Reboot","floor":25.0},{"not_picked":["Steam Power","Rebound","Reinforced Body+1"],"picked":"SKIP","floor":28.0},{"not_picked":["Loop+1","Steam"],"picked":"White Noise","floor":29.0},{"not_picked":["Stack","Recycle+1"],"picked":"Redo+1","floor":30.0},{"not_picked":["Meteor Strike","Echo Form+1"],"picked":"Biased Cognition+1","floor":33.0},{"not_picked":["Barrage"],"picked":"SKIP","floor":35.0},{"not_picked":[],"picked":"Conserve Battery+1","floor":36.0},{"not_picked":[],"picked":"Doom and Gloom","floor":37.0},{"not_picked":[],"picked":"Coolheaded","floor":39.0},{"not_picked":["Steam"],"picked":"SKIP","floor":42.0},{"not_picked":["FTL"],"picked":"SKIP","floor":47},{"not_picked":[],"picked":"FTL","floor":47},{"not_picked":["Ball Lightning"],"picked":"SKIP","floor":48},{"not_picked":["Leap"],"picked":"SKIP","floor":54}],"player_experience":533383,"relics_obtained":[{"floor":7.0,"key":"Mercury Hourglass"},{"floor":9.0,"key":"WingedGreaves"},{"floor":11.0,"key":"Bird Faced Urn"},{"floor":20.0,"key":"Bottled Lightning"},{"floor":23.0,"key":"Frozen Egg 2"},{"floor":25.0,"key":"Anchor"},{"floor":26.0,"key":"Emotion Chip"},{"floor":39.0,"key":"Unceasing Top"},{"floor":42.0,"key":"Regal Pillow"},{"floor":45,"key":"Bottled Flame"},{"floor":47,"key":"Pear"},{"floor":48,"key":"Prayer Wheel"},{"floor":54,"key":"Dodecahedron"}],"event_choices":[{"cards_removed":["Strike_B"],"damage_healed":0.0,"max_hp_gain":0.0,"max_hp_loss":0.0,"gold_gain":0.0,"event_name":"Purifier","player_choice":"Purged","floor":12.0,"gold_loss":0.0,"damage_taken":0.0},{"damage_healed":0.0,"max_hp_gain":5.0,"max_hp_loss":0.0,"gold_gain":0.0,"event_name":"Forgotten Altar","player_choice":"Shed Blood","floor":19.0,"gold_loss":0.0,"damage_taken":17.0},{"damage_healed":0.0,"max_hp_gain":0.0,"max_hp_loss":0.0,"gold_gain":0.0,"cards_transformed":["Strike_B"],"event_name":"Transmorgrifier","player_choice":"Transformed","floor":22.0,"gold_loss":0.0,"damage_taken":0.0,"cards_obtained":["Core Surge"]},{"cards_removed":["Rip and Tear"],"damage_healed":0.0,"max_hp_gain":0.0,"max_hp_loss":0.0,"gold_gain":0.0,"event_name":"Falling","player_choice":"Removed Attack","floor":38.0,"gold_loss":0.0,"damage_taken":0.0},{"damage_healed":0.0,"max_hp_gain":0.0,"max_hp_loss":0.0,"gold_gain":0.0,"event_name":"MindBloom","player_choice":"Fight","floor":39.0,"gold_loss":0.0,"damage_taken":0.0}],"is_beta":false,"boss_relics":[{"not_picked":["Velvet Choker","Orrery"],"picked":"Lizard Tail"},{"not_picked":["Snecko Eye","Black Star"],"picked":"Busted Crown"}],"items_purged_floors":[2,31],"is_endless":false,"potions_floor_spawned":[5,14,16,28,29,30,37,39,42,47,54],"killed_by":"The Heart","ascension_level":7}