{"gold_per_floor":[112,62,37,52,52,113,126,126,152,152,152,168,44,60,60,184,184,184],"floor_reached":18,"playtime":572,"items_purged":["Strike_G"],"score":234,"play_id":"18f8972f-9656-4532-8490-59b0167eb171","local_time":"20181223172313","is_ascension_mode":true,"campfire_choices":[{"data":"Neutralize","floor":8,"key":"SMITH"},{"data":"Tactician","floor":11,"key":"SMITH"},{"data":"Survivor","floor":15,"key":"SMITH"}],"neow_cost":"NONE","seed_source_timestamp":30807370128754,"circlet_count":0,"master_deck":["Defend_G","Defend_G","Defend_G","Defend_G","Defend_G","Strike_G","Strike_G","Strike_G","Survivor+1","Neutralize+1","Dagger Spray","Backstab","Sucker Punch","Tactician+1","Cloak And Dagger","Deflect","After Image"],"relics":["Ring of the Snake","NeowsBlessing","Golden Idol","Tiny Chest","Boot","Dodecahedron","White Beast Statue"],"potions_floor_usage":[14],"damage_taken":[{"damage":0,"enemies":"Cultist","floor":1,"turns":1},{"damage":0,"enemies":"2 Louse","floor":4,"turns":1},{"damage":0,"enemies":"Lagavulin","floor":6,"turns":1},{"damage":2,"enemies":"Jaw Worm","floor":7,"turns":4},{"damage":0,"enemies":"3 Louse","floor":12,"turns":2},{"damage":0,"enemies":"2 Fungi Beasts","floor":14,"turns":5},{"damage":47,"enemies":"The Guardian","floor":16,"turns":25},{"damage":17,"enemies":"Chosen","floor":18,"turns":10}],"seed_played":"1062735914029988388","potions_obtained":[{"floor":6,"key":"AttackPotion"},{"floor":12,"key":"Weak Potion"},{"floor":14,"key":"GamblersBrew"},{"floor":16,"key":"Energy Potion"}],"is_trial":false,"path_per_floor":["M","?","$","M","?","E","M","R","T","T","R","M","$","M","R","B",null,"M"],"character_chosen":"THE_SILENT","items_purchased":["Dagger Spray","Deflect"],"campfire_rested":0,"item_purchase_floors":[3,13],"current_hp_per_floor":[70,70,70,70,65,65,63,63,63,63,63,63,63,63,63,16,53,36],"gold":184,"neow_bonus":"THREE_ENEMY_KILL","is_prod":false,"is_daily":false,"chose_seed":false,"campfire_upgraded":3,"win_rate":0,"timestamp":1545582193,"path_taken":["M","?","$","M","?","E","M","R","T","?","R","M","$","M","R","BOSS","M"],"build_version":"2018-12-20","purchased_purges":1,"victory":false,"max_hp_per_floor":[70,70,70,70,65,65,65,65,65,65,65,65,65,65,65,65,65,65],"card_choices":[{"not_picked":["Dodge and Roll","Outmaneuver","Masterful Stab"],"picked":"SKIP","floor":1},{"not_picked":["Escape Plan","Bane"],"picked":"Backstab","floor":4},{"not_picked":["Grand Finale","Finisher"],"picked":"Sucker Punch","floor":6},{"not_picked":["Outmaneuver","Flechettes"],"picked":"Tactician","floor":7},{"not_picked":["Expertise","Backstab"],"picked":"Cloak And Dagger","floor":12},{"not_picked":["Heel Hook","Finisher","Terror"],"picked":"SKIP","floor":14},{"not_picked":["Storm of Steel","Envenom"],"picked":"After Image","floor":16}],"player_experience":439897,"relics_obtained":[{"floor":6,"key":"Tiny Chest"},{"floor":9,"key":"Boot"},{"floor":10,"key":"Dodecahedron"}],"event_choices":[{"cards_removed":["Strike_G"],"damage_healed":0,"gold_gain":0,"player_choice":"Card Removal","damage_taken":0,"max_hp_gain":0,"max_hp_loss":0,"event_name":"The Cleric","floor":2,"gold_loss":50},{"damage_healed":0,"gold_gain":0,"player_choice":"Lose Max HP","damage_taken":0,"relics_obtained":["Golden Idol"],"max_hp_gain":0,"max_hp_loss":5,"event_name":"Golden Idol","floor":5,"gold_loss":0}],"is_beta":false,"boss_relics":[{"not_picked":["Calling Bell","Pandora\u0027s Box"],"picked":"White Beast Statue"}],"items_purged_floors":[13],"is_endless":false,"potions_floor_spawned":[6,12,14,16,18],"killed_by":"Chosen","ascension_level":5}