{"gold_per_floor":[109,127,127,137,147,147,181,192,192,192,202,152,152,183,183,288,288,301,301,301,301,312,312,186,186,186,186,196,222,222,239,239,239],"floor_reached":33,"playtime":1180,"items_purged":[],"score":364,"play_id":"027dcc4f-e844-4c25-83ad-7984290d545d","local_time":"20190216134730","is_ascension_mode":true,"campfire_choices":[{"data":"Dualcast","floor":6,"key":"SMITH"},{"data":"Darkness","floor":10,"key":"SMITH"},{"floor":15,"key":"REST"},{"data":"Zap","floor":23,"key":"SMITH"},{"data":"Self Repair","floor":25,"key":"SMITH"},{"data":"Auto Shields","floor":27,"key":"SMITH"},{"data":"Melter","floor":30,"key":"SMITH"},{"data":"FTL","floor":32,"key":"SMITH"}],"neow_cost":"NONE","seed_source_timestamp":136821909383940,"circlet_count":0,"master_deck":["Strike_B+1","Strike_B+1","Strike_B+1","Strike_B+1","Defend_B+1","Defend_B+1","Defend_B+1","Defend_B+1","Zap+1","Dualcast+1","Chill","FTL+1","Sweeping Beam","Melter+1","Ball Lightning","Darkness+1","Auto Shields+1","Go for the Eyes","Rebound","Creative AI+1","Beam Cell","Steam","Self Repair+1","Hologram+1","Gash+1"],"relics":["Cracked Core","Potion Belt","Symbiotic Virus","Blood Vial","Black Star","Enchiridion","Mercury Hourglass","Juzu Bracelet"],"potions_floor_usage":[7,14,18,33],"damage_taken":[{"damage":1,"enemies":"Cultist","floor":1,"turns":3},{"damage":0,"enemies":"Jaw Worm","floor":2,"turns":3},{"damage":2,"enemies":"2 Louse","floor":4,"turns":2},{"damage":6,"enemies":"Looter","floor":5,"turns":3},{"damage":15,"enemies":"Gremlin Nob","floor":7,"turns":3},{"damage":2,"enemies":"Large Slime","floor":8,"turns":5},{"damage":9,"enemies":"Red Slaver","floor":11,"turns":2},{"damage":0,"enemies":"3 Sentries","floor":14,"turns":5},{"damage":41,"enemies":"The Guardian","floor":16,"turns":10},{"damage":1,"enemies":"Spheric Guardian","floor":18,"turns":3},{"damage":0,"enemies":"Chosen","floor":22,"turns":4},{"damage":10,"enemies":"Sentry and Sphere","floor":28,"turns":4},{"damage":11,"enemies":"Chosen and Byrds","floor":31,"turns":7},{"damage":93,"enemies":"Automaton","floor":33,"turns":8}],"seed_played":"-3535660225222389918","potions_obtained":[{"floor":1,"key":"Dexterity Potion"},{"floor":4,"key":"Fire Potion"},{"floor":8,"key":"SpeedPotion"},{"floor":11,"key":"FairyPotion"},{"floor":16,"key":"Energy Potion"},{"floor":28,"key":"Explosive Potion"}],"is_trial":false,"path_per_floor":["M","M","?","M","M","R","E","M","T","R","M","?","?","E","R","B",null,"M","?","?","?","M","R","$","R","T","R","M","T","R","M","R","B"],"character_chosen":"DEFECT","items_purchased":["Steam","Self Repair"],"campfire_rested":1,"item_purchase_floors":[24,24],"current_hp_per_floor":[67,67,67,65,59,59,44,42,42,42,33,33,33,33,55,16,60,61,45,45,45,47,47,47,47,47,47,49,49,49,50,50,0],"gold":239,"neow_bonus":"THREE_CARDS","is_prod":false,"is_daily":false,"chose_seed":false,"campfire_upgraded":7,"win_rate":0,"timestamp":1550321250,"path_taken":["M","?","?","M","M","R","E","M","T","R","?","?","?","E","R","BOSS","M","?","?","?","?","R","$","R","T","R","M","?","R","M","R","BOSS"],"build_version":"2019-01-23","purchased_purges":0,"victory":false,"max_hp_per_floor":[75,75,75,75,75,75,75,75,75,75,75,75,75,75,75,75,75,75,75,75,75,75,75,75,75,75,75,75,75,75,75,75,75],"card_choices":[{"not_picked":["Barrage","Hologram"],"picked":"Chill","floor":0},{"not_picked":["Consume","Heatsinks"],"picked":"FTL","floor":1},{"not_picked":["Chill","Heatsinks"],"picked":"Sweeping Beam","floor":2},{"not_picked":["Reinforced Body","Loop"],"picked":"Melter","floor":4},{"not_picked":["Scrape","Tempest"],"picked":"Ball Lightning","floor":5},{"not_picked":["Hologram","Rip and Tear"],"picked":"Darkness","floor":7},{"not_picked":["Cold Snap","Hologram"],"picked":"Auto Shields","floor":8},{"not_picked":["Rebound","Steam"],"picked":"Go for the Eyes","floor":11},{"not_picked":["Chill","Force Field"],"picked":"Rebound","floor":14},{"not_picked":["Hyperbeam","Machine Learning"],"picked":"Creative AI","floor":16},{"not_picked":["Stack","Static Discharge"],"picked":"Beam Cell","floor":18},{"not_picked":["Genetic Algorithm","Capacitor","Sweeping Beam+1"],"picked":"SKIP","floor":22},{"not_picked":["Rebound","Go for the Eyes"],"picked":"Hologram+1","floor":28},{"not_picked":["Beam Cell","Go for the Eyes+1"],"picked":"Gash+1","floor":31}],"player_experience":664601,"relics_obtained":[{"floor":7,"key":"Potion Belt"},{"floor":9,"key":"Symbiotic Virus"},{"floor":14,"key":"Blood Vial"},{"floor":19,"key":"Enchiridion"},{"floor":26,"key":"Mercury Hourglass"},{"floor":29,"key":"Juzu Bracelet"}],"event_choices":[{"damage_healed":0,"gold_gain":0,"player_choice":"Cursed","damage_taken":0,"max_hp_gain":0,"max_hp_loss":0,"event_name":"Wheel of Change","floor":3,"gold_loss":0,"cards_obtained":["Decay"]},{"cards_removed":["Decay"],"damage_healed":0,"gold_gain":0,"player_choice":"Card Removal","damage_taken":0,"max_hp_gain":0,"max_hp_loss":0,"event_name":"The Cleric","floor":12,"gold_loss":50},{"damage_healed":0,"gold_gain":0,"player_choice":"Ignored","damage_taken":0,"max_hp_gain":0,"max_hp_loss":0,"event_name":"Liars Game","floor":13,"gold_loss":0},{"damage_healed":0,"gold_gain":0,"player_choice":"Obtained Book","damage_taken":16,"max_hp_gain":0,"max_hp_loss":0,"event_name":"Cursed Tome","floor":19,"gold_loss":0},{"damage_healed":0,"gold_gain":0,"player_choice":"Simplicity","damage_taken":0,"max_hp_gain":0,"max_hp_loss":0,"event_name":"Back to Basics","floor":20,"gold_loss":0,"cards_upgraded":["Strike_B","Strike_B","Strike_B","Strike_B","Defend_B","Defend_B","Defend_B","Defend_B"]},{"damage_healed":0,"gold_gain":0,"player_choice":"Forge","damage_taken":0,"max_hp_gain":0,"max_hp_loss":0,"event_name":"Accursed Blacksmith","floor":21,"gold_loss":0,"cards_upgraded":["Creative AI"]}],"is_beta":false,"boss_relics":[{"not_picked":["Fusion Hammer","Lizard Tail"],"picked":"Black Star"}],"items_purged_floors":[],"is_endless":false,"potions_floor_spawned":[1,4,8,11,16,28],"killed_by":"Automaton","ascension_level":6}