{"gold_per_floor":[116,132,132,146,146,173,186,186,210,210],"floor_reached":10,"playtime":814,"items_purged":[],"score":68,"play_id":"c1978964-6434-4ef3-ae76-3a34df367ade","local_time":"20190119033653","is_ascension_mode":false,"campfire_choices":[],"neow_cost":"NONE","seed_source_timestamp":339202764831007,"circlet_count":0,"master_deck":["Slimebound:Strike_Slimebound+1","Slimebound:Strike_Slimebound","Slimebound:Defend_Slimebound","Slimebound:Defend_Slimebound","Slimebound:Defend_Slimebound","Slimebound:Defend_Slimebound","Slimebound:Split+1","Slimebound:CorrosiveSpit","Slimebound:SpikyOuterGoop","Slimebound:GrowthPunch","Slimebound:SlimeBarrage","Slimebound:PoisonLick"],"relics":["Slimebound:AbsorbEndCombat","Dream Catcher","Blood Vial"],"potions_floor_usage":[],"damage_taken":[{"damage":7,"enemies":"Cultist","floor":1,"turns":3},{"damage":3,"enemies":"Small Slimes","floor":2,"turns":3},{"damage":8,"enemies":"2 Louse","floor":4,"turns":4},{"damage":66,"enemies":"3 Sentries","floor":6,"turns":9},{"damage":12,"enemies":"Large Slime","floor":7,"turns":6},{"damage":10,"enemies":"Lots of Slimes","floor":10,"turns":1}],"seed_played":"-9189561640469991501","potions_obtained":[{"floor":1,"key":"Slimebound:ThreeZeroPotion"},{"floor":4,"key":"SpeedPotion"},{"floor":7,"key":"Dexterity Potion"}],"is_trial":false,"path_per_floor":["M","M","?","M","?","E","M","?","T","M"],"character_chosen":"SLIMEBOUND","items_purchased":[],"campfire_rested":0,"item_purchase_floors":[],"current_hp_per_floor":[77,77,70,70,70,16,16,1,1,0],"gold":210,"neow_bonus":"TEN_PERCENT_HP_BONUS","is_prod":false,"is_daily":false,"chose_seed":false,"campfire_upgraded":0,"win_rate":0.0,"timestamp":1547890613,"path_taken":["M","M","?","M","?","E","?","?","T","M"],"build_version":"2019-01-17v2","purchased_purges":0,"victory":false,"max_hp_per_floor":[77,77,77,77,77,77,77,77,77,77],"card_choices":[{"not_picked":["Slimebound:SplitBruiser","Slimebound:SplitAcid"],"picked":"Slimebound:SpikyOuterGoop","floor":1},{"not_picked":["Slimebound:TendrilStrike","Slimebound:VenomTackle"],"picked":"Slimebound:GrowthPunch","floor":2},{"not_picked":["Slimebound:SpikyOuterGoop","Slimebound:FormOfPuddle","Slimebound:GoopTackle"],"picked":"SKIP","floor":4},{"not_picked":["Slimebound:StrayGoop","Slimebound:AcidGelatin","Slimebound:SpikyOuterGoop"],"picked":"SKIP","floor":6},{"not_picked":["Slimebound:Prepare","Slimebound:SplitLeeching"],"picked":"Slimebound:PoisonLick","floor":7}],"player_experience":762279,"relics_obtained":[{"floor":6,"key":"Dream Catcher"},{"floor":9,"key":"Blood Vial"}],"event_choices":[{"cards_removed":["Slimebound:Strike_Slimebound"],"damage_healed":0,"gold_gain":0,"player_choice":"Card Removal","damage_taken":7,"max_hp_gain":0,"max_hp_loss":0,"event_name":"Golden Wing","floor":3,"gold_loss":0},{"damage_healed":0,"gold_gain":0,"cards_transformed":["Slimebound:Strike_Slimebound"],"player_choice":"Transformed","damage_taken":0,"max_hp_gain":0,"max_hp_loss":0,"event_name":"Transmorgrifier","floor":5,"gold_loss":0,"cards_obtained":["Slimebound:SlimeBarrage"]},{"damage_healed":0,"gold_gain":0,"player_choice":"Entered Light","damage_taken":15,"max_hp_gain":0,"max_hp_loss":0,"event_name":"Shining Light","floor":8,"gold_loss":0,"cards_upgraded":["Slimebound:Strike_Slimebound","Slimebound:Split"]}],"is_beta":false,"boss_relics":[],"items_purged_floors":[],"is_endless":false,"potions_floor_spawned":[1,4,7],"killed_by":"Lots of Slimes","ascension_level":0}