{"gold_per_floor":[359,374,2,2,22,51,69,94,94,94,94,118,118,18,18,95,95,110,126,138,156,13,13,13],"floor_reached":24,"playtime":3709,"items_purged":["Strike_G","Strike_G"],"score":350,"play_id":"8756d731-362f-4e5c-8493-3950976f75c8","local_time":"20190302193539","is_ascension_mode":true,"campfire_choices":[{"data":"Footwork","floor":11,"key":"SMITH"},{"data":"Neutralize","floor":13,"key":"SMITH"},{"floor":15,"key":"REST"},{"data":"Glass Knife","floor":23,"key":"SMITH"}],"neow_cost":"TEN_PERCENT_HP_LOSS","seed_source_timestamp":59419046715456,"circlet_count":0,"master_deck":["AscendersBane","Defend_G","Defend_G","Defend_G","Defend_G","Defend_G","Strike_G","Strike_G+1","Strike_G","Survivor","Neutralize+1","Cloak And Dagger","Sucker Punch","Caltrops","Well Laid Plans","Footwork+1","Adrenaline","Dagger Spray+1","Glass Knife+1","Skewer+1"],"relics":["Ring of the Snake","Orichalcum","Pantograph","Potion Belt","Turnip","Pear","Art of War","HoveringKite","Whetstone"],"potions_floor_usage":[7,8,16],"damage_taken":[{"damage":1,"enemies":"Jaw Worm","floor":1,"turns":5},{"damage":3,"enemies":"Cultist","floor":2,"turns":4},{"damage":0,"enemies":"2 Louse","floor":5,"turns":3},{"damage":30,"enemies":"Gremlin Nob","floor":6,"turns":6},{"damage":2,"enemies":"Exordium Wildlife","floor":7,"turns":4},{"damage":15,"enemies":"Lagavulin","floor":8,"turns":9},{"damage":37,"enemies":"Slime Boss","floor":16,"turns":30},{"damage":0,"enemies":"3 Byrds","floor":18,"turns":2},{"damage":6,"enemies":"Shell Parasite","floor":19,"turns":15},{"damage":26,"enemies":"Snake Plant","floor":20,"turns":7},{"damage":21,"enemies":"Shelled Parasite and Fungi","floor":21,"turns":14},{"damage":10,"enemies":"Slavers","floor":24,"turns":1}],"seed_played":"-5800478499951941226","potions_obtained":[{"floor":5,"key":"LiquidBronze"},{"floor":6,"key":"Fire Potion"},{"floor":7,"key":"GamblersBrew"}],"is_trial":false,"path_per_floor":["M","M","$","?","M","E","M","E","T","$","R","T","R","$","R","B",null,"M","M","M","M","$","R","E"],"character_chosen":"THE_SILENT","items_purchased":["Orichalcum","Caltrops","Regen Potion","Whetstone"],"campfire_rested":1,"item_purchase_floors":[3,3,3,22],"current_hp_per_floor":[58,55,55,55,55,25,23,8,18,18,18,18,18,18,39,27,59,59,53,27,6,6,6,0],"gold":13,"neow_bonus":"TWO_FIFTY_GOLD","is_prod":false,"is_daily":false,"chose_seed":false,"campfire_upgraded":3,"win_rate":0,"timestamp":1551551739,"path_taken":["M","M","$","?","M","E","?","E","T","?","R","?","R","?","R","BOSS","M","M","M","M","$","R","E"],"build_version":"2019-01-23","purchased_purges":2,"victory":false,"max_hp_per_floor":[60,60,60,60,60,60,60,60,70,70,70,70,70,70,70,70,70,70,70,70,70,70,70,70],"card_choices":[{"not_picked":["Backflip","Expertise"],"picked":"Cloak And Dagger","floor":1},{"not_picked":["Eviscerate","Dodge and Roll"],"picked":"Sucker Punch","floor":2},{"not_picked":["Dodge and Roll","Dagger Throw"],"picked":"Well Laid Plans","floor":5},{"not_picked":["Heel Hook","Flying Knee","Sucker Punch"],"picked":"SKIP","floor":6},{"not_picked":["Escape Plan","Masterful Stab"],"picked":"Footwork","floor":7},{"not_picked":["Outmaneuver","Heel Hook","Expertise"],"picked":"SKIP","floor":8},{"not_picked":["Malaise","Venomology"],"picked":"Adrenaline","floor":16},{"not_picked":["Flying Knee","PiercingWail"],"picked":"Dagger Spray","floor":18},{"not_picked":["Quick Slash","Caltrops"],"picked":"Glass Knife","floor":19},{"not_picked":["Dagger Spray","PiercingWail","Flying Knee"],"picked":"SKIP","floor":20},{"not_picked":["Quick Slash","Deadly Poison"],"picked":"Skewer+1","floor":21}],"player_experience":723182,"relics_obtained":[{"floor":6,"key":"Potion Belt"},{"floor":8,"key":"Turnip"},{"floor":9,"key":"Pear"},{"floor":12,"key":"Art of War"}],"event_choices":[{"damage_healed":0,"gold_gain":0,"player_choice":"Gave Potion","damage_taken":0,"relics_obtained":["Pantograph"],"max_hp_gain":0,"max_hp_loss":0,"event_name":"WeMeetAgain","floor":4,"gold_loss":0}],"is_beta":false,"boss_relics":[{"not_picked":["Runic Dome","Black Star"],"picked":"HoveringKite"}],"items_purged_floors":[3,14],"is_endless":false,"potions_floor_spawned":[5,6,7],"killed_by":"Slavers","ascension_level":14}