{"gold_per_floor":[13,25,36,52,66,66,98,19,19,19,19,36,51,51,51,152,152,163,15,26,36,36,36,36,51,51,62,81,81,93,108,108,108],"floor_reached":33,"playtime":3537,"items_purged":["Strike_R"],"score":280,"play_id":"c9388d74-697f-42e2-9440-5ccaa5eab5dc","local_time":"20180927221717","is_ascension_mode":false,"campfire_choices":[{"data":"Juggernaut","floor":6,"key":"SMITH"},{"data":"Metallicize","floor":10,"key":"SMITH"},{"floor":15,"key":"REST"},{"data":"Body Slam","floor":23,"key":"SMITH"},{"data":"Metallicize","floor":29,"key":"SMITH"},{"floor":32,"key":"REST"}],"neow_cost":"NO_GOLD","seed_source_timestamp":21170406529950,"circlet_count":0,"master_deck":["Strike_R","Strike_R","Strike_R+1","Strike_R","Defend_R","Defend_R","Defend_R+1","Defend_R","Bash","Juggernaut+1","Body Slam+1","Entrench","Shrug It Off","True Grit","Metallicize+1","Iron Wave","Offering","Battle Trance","Rage","Body Slam","Body Slam","Metallicize+1","Body Slam"],"relics":["Burning Blood","Oddly Smooth Stone","Pear","Runic Dome","Nilry\u0027s Codex","Orichalcum"],"potions_floor_usage":[7,33,33],"damage_taken":[{"damage":5,"enemies":"Cultist","floor":1,"turns":4},{"damage":10,"enemies":"Small Slimes","floor":2,"turns":4},{"damage":8,"enemies":"2 Louse","floor":3,"turns":3},{"damage":9,"enemies":"Large Slime","floor":4,"turns":7},{"damage":8,"enemies":"Red Slaver","floor":5,"turns":4},{"damage":40,"enemies":"3 Sentries","floor":7,"turns":9},{"damage":7,"enemies":"3 Louse","floor":12,"turns":4},{"damage":0,"enemies":"Large Slime","floor":13,"turns":6},{"damage":35,"enemies":"Slime Boss","floor":16,"turns":12},{"damage":6,"enemies":"Spheric Guardian","floor":18,"turns":3},{"damage":6,"enemies":"Shell Parasite","floor":20,"turns":5},{"damage":13,"enemies":"Centurion and Healer","floor":21,"turns":7},{"damage":6,"enemies":"Snecko","floor":25,"turns":5},{"damage":20,"enemies":"3 Cultists","floor":27,"turns":6},{"damage":11,"enemies":"Centurion and Healer","floor":28,"turns":7},{"damage":6,"enemies":"Cultist and Chosen","floor":30,"turns":6},{"damage":25,"enemies":"Snake Plant","floor":31,"turns":3},{"damage":58,"enemies":"Collector","floor":33,"turns":5}],"seed_played":"-946566878895147986","potions_obtained":[{"floor":2,"key":"SneckoOil"},{"floor":3,"key":"Strength Potion"},{"floor":5,"key":"Block Potion"},{"floor":21,"key":"Swift Potion"},{"floor":31,"key":"LiquidBronze"}],"is_trial":false,"path_per_floor":["M","M","M","M","M","R","E","$","T","R","?","M","M","?","R","B",null,"M","$","M","M","?","R","?","M","T","M","M","R","M","M","R"],"character_chosen":"IRONCLAD","items_purchased":["Metallicize","Rage"],"campfire_rested":2,"item_purchase_floors":[8,19],"current_hp_per_floor":[80,76,74,71,69,69,35,35,45,45,45,44,50,32,59,30,90,90,90,90,83,67,67,67,67,67,53,48,48,48,29,56,0],"gold":108,"neow_bonus":"THREE_RARE_CARDS","is_prod":false,"is_daily":false,"chose_seed":false,"campfire_upgraded":4,"win_rate":0.0,"timestamp":1538079437,"path_taken":["M","M","M","M","M","R","E","$","T","R","?","M","M","?","R","BOSS","M","$","M","M","?","R","?","M","T","M","?","R","M","M","R","BOSS"],"build_version":"2018-09-20","purchased_purges":1,"victory":false,"max_hp_per_floor":[80,80,80,80,80,80,80,80,90,90,90,90,90,90,90,90,90,90,90,90,90,90,90,90,90,90,90,90,90,90,90,90,90],"card_choices":[{"not_picked":["Berserk","Bludgeon"],"picked":"Juggernaut","floor":0},{"not_picked":["Iron Wave","Combust"],"picked":"Body Slam","floor":1},{"not_picked":["Shockwave","Sever Soul"],"picked":"Entrench","floor":2},{"not_picked":["Headbutt","Ghostly Armor"],"picked":"Shrug It Off","floor":3},{"not_picked":["Warcry","Sever Soul","Twin Strike"],"picked":"SKIP","floor":4},{"not_picked":["Dark Embrace","Twin Strike"],"picked":"True Grit","floor":5},{"not_picked":["Inflame","Anger","Second Wind"],"picked":"SKIP","floor":7},{"not_picked":["Dropkick","Perfected Strike","Heavy Blade"],"picked":"SKIP","floor":12},{"not_picked":["Clothesline","Anger"],"picked":"Iron Wave","floor":13},{"not_picked":["Bludgeon","Dark Embrace"],"picked":"Offering","floor":16},{"not_picked":["Shrug It Off+1","Clothesline"],"picked":"Battle Trance","floor":18},{"not_picked":["True Grit","Perfected Strike"],"picked":"Body Slam","floor":20},{"not_picked":["Pummel","Heavy Blade+1"],"picked":"Body Slam","floor":21},{"not_picked":["Dark Embrace","Anger+1","Sever Soul+1"],"picked":"SKIP","floor":25},{"not_picked":["Headbutt","Thunderclap","Flex"],"picked":"SKIP","floor":27},{"not_picked":["Corruption","Twin Strike+1","Clothesline"],"picked":"SKIP","floor":28},{"not_picked":["Dark Embrace","Perfected Strike+1"],"picked":"Body Slam","floor":30},{"not_picked":["Headbutt+1","Searing Blow","Thunderclap+1"],"picked":"SKIP","floor":31}],"player_experience":12520,"relics_obtained":[{"floor":7,"key":"Oddly Smooth Stone"},{"floor":9,"key":"Pear"},{"floor":22,"key":"Nilry\u0027s Codex"},{"floor":26,"key":"Orichalcum"}],"event_choices":[{"event_name":"The Cleric","player_choice":"Leave","floor":11,"damage_taken":0},{"event_name":"Shining Light","player_choice":"Entered Light","floor":14,"damage_taken":0},{"event_name":"Cursed Tome","player_choice":"Obtained Book","floor":22,"damage_taken":0},{"event_name":"The Library","player_choice":"Read","floor":24,"damage_taken":0}],"is_beta":false,"boss_relics":[{"not_picked":["Coffee Dripper","Philosopher\u0027s Stone"],"picked":"Runic Dome"}],"items_purged_floors":[19],"is_endless":false,"potions_floor_spawned":[2,3,5,21,27,28,31],"killed_by":"Collector","ascension_level":0}