{"gold_per_floor":[115,115,115,41,52,85,85,85,108,128,148,148,159,172,172,275,275,287,212,122,140,140,174,174,186,212,75,92,92,120,220,220,323,373,393,393,393,409,420,420,446,465,491,229,229,229,241,121,121,121,121,121,0,34,34],"floor_reached":55,"playtime":5783,"items_purged":["Defend_B","Defend_B","Strike_B+1","Defend_B+1"],"score":762,"play_id":"3b0905ce-4eec-4884-b6bd-1f2d6800cdaa","local_time":"20190222192542","is_ascension_mode":false,"campfire_choices":[{"data":"Defragment","floor":7,"key":"SMITH"},{"data":"Cold Snap","floor":12,"key":"SMITH"},{"data":"Echo Form","floor":15,"key":"SMITH"},{"floor":24,"key":"REST"},{"data":"Defragment","floor":29,"key":"SMITH"},{"floor":32,"key":"REST"},{"floor":40,"key":"RECALL"},{"floor":45,"key":"REST"},{"floor":49,"key":"REST"},{"data":"Thunder Strike","floor":52,"key":"SMITH"}],"neow_cost":"NONE","seed_source_timestamp":184308870297247,"circlet_count":0,"master_deck":["Zap+1","Dualcast+1","Cold Snap+1","Defragment+1","Echo Form+1","Electrodynamics+1","Conserve Battery+1","Defragment+1","Conserve Battery+1","Defragment+1","Thunder Strike+1"],"relics":["Cracked Core","NeowsBlessing","Centennial Puzzle","Pen Nib","Empty Cage","Pear","Bronze Scales","Blood Vial","Mango","The Courier","Tiny House","Juzu Bracelet","DollysMirror","DataDisk","Symbiotic Virus"],"potions_floor_usage":[11,18,18,21,31,33,33,37,41,50,50,54],"damage_taken":[{"damage":0,"enemies":"2 Louse","floor":1,"turns":1},{"damage":0,"enemies":"Jaw Worm","floor":5,"turns":1},{"damage":0,"enemies":"3 Sentries","floor":6,"turns":1},{"damage":0,"enemies":"Cultist","floor":10,"turns":3},{"damage":2,"enemies":"Blue Slaver","floor":11,"turns":2},{"damage":2,"enemies":"Exordium Thugs","floor":13,"turns":5},{"damage":5,"enemies":"Looter","floor":14,"turns":2},{"damage":24,"enemies":"Slime Boss","floor":16,"turns":7},{"damage":9,"enemies":"Shell Parasite","floor":18,"turns":4},{"damage":0,"enemies":"3 Byrds","floor":21,"turns":2},{"damage":17,"enemies":"Slavers","floor":23,"turns":2},{"damage":3,"enemies":"Sentry and Sphere","floor":25,"turns":3},{"damage":2,"enemies":"3 Cultists","floor":28,"turns":3},{"damage":26,"enemies":"Gremlin Leader","floor":30,"turns":4},{"damage":7,"enemies":"Colosseum Slavers","floor":31,"turns":4},{"damage":7,"enemies":"Colosseum Nobs","floor":31,"turns":2},{"damage":13,"enemies":"Automaton","floor":33,"turns":6},{"damage":3,"enemies":"Orb Walker","floor":35,"turns":4},{"damage":0,"enemies":"3 Darklings","floor":37,"turns":1},{"damage":19,"enemies":"Sphere and 2 Shapes","floor":38,"turns":3},{"damage":3,"enemies":"4 Shapes","floor":39,"turns":3},{"damage":48,"enemies":"Reptomancer","floor":41,"turns":5},{"damage":4,"enemies":"Jaw Worm Horde","floor":42,"turns":2},{"damage":2,"enemies":"Spire Growth","floor":47,"turns":5},{"damage":50,"enemies":"Time Eater","floor":50,"turns":8},{"damage":80,"enemies":"Shield and Spear","floor":54,"turns":5},{"damage":26,"enemies":"The Heart","floor":55,"turns":2}],"seed_played":"2961493280407131596","potions_obtained":[{"floor":5,"key":"Energy Potion"},{"floor":6,"key":"Swift Potion"},{"floor":11,"key":"LiquidBronze"},{"floor":16,"key":"Weak Potion"},{"floor":18,"key":"Explosive Potion"},{"floor":23,"key":"FocusPotion"},{"floor":30,"key":"Energy Potion"},{"floor":31,"key":"FearPotion"},{"floor":33,"key":"Ancient Potion"},{"floor":34,"key":"Ancient Potion"},{"floor":36,"key":"SmokeBomb"},{"floor":39,"key":"SkillPotion"},{"floor":41,"key":"Poison Potion"}],"is_trial":false,"path_per_floor":["M","?","?","$","M","E","R","?","T","M","M","R","M","M","R","B",null,"M","$","?","M","?","E","R","M","T","$","M","R","E","?","R","B",null,"M","?","M","M","M","R","E","M","T","$","R","?","M","$","R","B",null,"R","$","E","B"],"character_chosen":"DEFECT","items_purchased":["Defragment","Defragment","DollysMirror","DataDisk"],"campfire_rested":4,"item_purchase_floors":[4,27,44,53],"current_hp_per_floor":[75,60,60,60,60,60,60,60,60,60,58,58,56,51,51,27,75,66,66,66,66,66,59,84,81,81,81,79,79,53,57,86,75,104,101,101,103,85,84,84,38,36,36,36,67,67,67,67,98,50,104,104,104,24,0],"gold":34,"neow_bonus":"THREE_ENEMY_KILL","is_prod":false,"is_daily":false,"chose_seed":false,"campfire_upgraded":5,"win_rate":0,"timestamp":1550881542,"path_taken":["M","?","?","$","?","E","R","?","T","M","M","R","M","M","R","BOSS","M","$","?","?","?","E","R","?","T","?","M","R","E","?","R","BOSS","M","?","?","?","M","R","E","M","T","$","R","?","M","?","R","BOSS","R","$","E","BOSS"],"build_version":"2019-01-23","purchased_purges":4,"victory":false,"max_hp_per_floor":[75,75,75,75,75,75,75,75,75,75,75,75,75,75,75,75,75,75,75,75,75,75,85,85,85,85,85,85,85,85,99,99,99,104,104,104,104,104,104,104,104,104,104,104,104,104,104,104,104,104,104,104,104,104,104],"card_choices":[{"not_picked":["Streamline","Barrage"],"picked":"Cold Snap","floor":1},{"not_picked":["Steam","Aggregate","Blizzard"],"picked":"SKIP","floor":5},{"not_picked":["Reinforced Body","Hologram","Streamline"],"picked":"SKIP","floor":6},{"not_picked":["Consume","Beam Cell","Sunder"],"picked":"SKIP","floor":10},{"not_picked":["Gash","Stack","Sweeping Beam"],"picked":"SKIP","floor":11},{"not_picked":["BootSequence","Gash"],"picked":"Echo Form","floor":13},{"not_picked":["Sweeping Beam","Barrage","Turbo"],"picked":"SKIP","floor":14},{"not_picked":["All For One","Amplify"],"picked":"Electrodynamics","floor":16},{"not_picked":["Go for the Eyes+1","FTL"],"picked":"Conserve Battery+1","floor":18},{"not_picked":["Hologram+1","Reinforced Body","Steam Power"],"picked":"SKIP","floor":21},{"not_picked":["Stack","Hologram","Melter"],"picked":"SKIP","floor":23},{"not_picked":["Fusion","Redo","Gash"],"picked":"SKIP","floor":25},{"not_picked":["Glacier","Conserve Battery","Beam Cell"],"picked":"SKIP","floor":28},{"not_picked":["Cold Snap","Rebound","Go for the Eyes"],"picked":"SKIP","floor":30},{"not_picked":["Chill+1","Storm+1","Gash"],"picked":"SKIP","floor":35},{"not_picked":["Rebound","Hologram"],"picked":"Conserve Battery+1","floor":38},{"not_picked":["Steam Power","Heatsinks+1","FTL"],"picked":"SKIP","floor":39},{"not_picked":["Storm","Steam+1","Double Energy+1"],"picked":"SKIP","floor":41},{"not_picked":["Coolheaded","Barrage","Blizzard"],"picked":"SKIP","floor":42},{"not_picked":["Cold Snap+1","Rip and Tear+1","Barrage+1"],"picked":"SKIP","floor":47},{"not_picked":["Redo","Gash","Loop"],"picked":"SKIP","floor":54}],"player_experience":165875,"relics_obtained":[{"floor":6,"key":"Centennial Puzzle"},{"floor":9,"key":"Pen Nib"},{"floor":23,"key":"Pear"},{"floor":26,"key":"Bronze Scales"},{"floor":30,"key":"Blood Vial"},{"floor":31,"key":"Mango"},{"floor":31,"key":"The Courier"},{"floor":41,"key":"Juzu Bracelet"},{"floor":54,"key":"Symbiotic Virus"}],"event_choices":[{"damage_healed":0,"gold_gain":0,"player_choice":"Entered Light","damage_taken":15,"max_hp_gain":0,"max_hp_loss":0,"event_name":"Shining Light","floor":2,"gold_loss":0,"cards_upgraded":["Strike_B","Zap"]},{"damage_healed":0,"gold_gain":0,"player_choice":"Forge","damage_taken":0,"max_hp_gain":0,"max_hp_loss":0,"event_name":"Accursed Blacksmith","floor":3,"gold_loss":0,"cards_upgraded":["Dualcast"]},{"cards_removed":["Strike_B"],"damage_healed":0,"gold_gain":0,"player_choice":"Forget","damage_taken":0,"max_hp_gain":0,"max_hp_loss":0,"event_name":"Living Wall","floor":8,"gold_loss":0},{"cards_removed":["Strike_B"],"damage_healed":0,"gold_gain":0,"player_choice":"Upgrade and Remove","damage_taken":0,"max_hp_gain":0,"max_hp_loss":0,"event_name":"Designer","floor":20,"gold_loss":90,"cards_upgraded":["Defend_B"]},{"damage_healed":0,"gold_gain":0,"player_choice":"Ignored","damage_taken":0,"max_hp_gain":0,"max_hp_loss":0,"event_name":"NoteForYourself","floor":22,"gold_loss":0},{"damage_healed":0,"gold_gain":0,"player_choice":"Fight","damage_taken":0,"max_hp_gain":0,"max_hp_loss":0,"event_name":"Colosseum","floor":31,"gold_loss":0},{"damage_healed":0,"gold_gain":0,"player_choice":"Fought Nobs","damage_taken":0,"max_hp_gain":0,"max_hp_loss":0,"event_name":"Colosseum","floor":31,"gold_loss":0},{"damage_healed":0,"gold_gain":0,"player_choice":"Got Potions","damage_taken":0,"max_hp_gain":0,"max_hp_loss":0,"event_name":"Lab","floor":36,"gold_loss":0},{"damage_healed":0,"gold_gain":0,"player_choice":"1 cards matched","damage_taken":0,"max_hp_gain":0,"max_hp_loss":0,"event_name":"Match and Keep!","floor":46,"gold_loss":0,"cards_obtained":["Thunder Strike"]}],"is_beta":false,"boss_relics":[{"not_picked":["Calling Bell","Lizard Tail"],"picked":"Empty Cage"},{"not_picked":["Inserter","Astrolabe"],"picked":"Tiny House"}],"items_purged_floors":[19,27,44,48],"is_endless":false,"potions_floor_spawned":[5,6,11,16,18,23,30,31,33,37,39,41,47],"killed_by":"The Heart","ascension_level":0}