{"gold_per_floor":[109,125,144,55,55,55,88,88,114,129,88,12,23,23,23,23],"floor_reached":16,"playtime":1044,"items_purged":[],"score":155,"play_id":"7d24f8a0-bfd2-42bd-8a92-df92315af7e9","local_time":"20190303111321","is_ascension_mode":true,"campfire_choices":[{"data":"Zap","floor":6,"key":"SMITH"},{"floor":15,"key":"REST"}],"neow_cost":"NONE","seed_source_timestamp":75346164070138,"circlet_count":0,"master_deck":["AscendersBane","Strike_B","Strike_B","Strike_B","Strike_B","Defend_B","Defend_B","Defend_B","Defend_B","Zap+1","Dualcast","Beam Cell","Go for the Eyes","Turbo","Panacea","Defragment","Defragment","Chill","Doom and Gloom","Loop"],"relics":["Cracked Core","Pen Nib","Dream Catcher","Omamori","Vajra"],"potions_floor_usage":[7,10],"damage_taken":[{"damage":4,"enemies":"Jaw Worm","floor":1,"turns":4},{"damage":0,"enemies":"Small Slimes","floor":2,"turns":2},{"damage":6,"enemies":"2 Louse","floor":3,"turns":3},{"damage":45,"enemies":"Lagavulin","floor":7,"turns":6},{"damage":0,"enemies":"Exordium Wildlife","floor":10,"turns":5},{"damage":4,"enemies":"2 Fungi Beasts","floor":13,"turns":4},{"damage":37,"enemies":"Slime Boss","floor":16,"turns":5}],"seed_played":"4610108494894009066","potions_obtained":[{"floor":2,"key":"Poison Potion"},{"floor":3,"key":"Block Potion"},{"floor":10,"key":"FearPotion"}],"is_trial":false,"path_per_floor":["M","M","M","$","?","R","E","?","T","M","?","$","M","?","R","B"],"character_chosen":"DEFECT","items_purchased":["Panacea","Chill"],"campfire_rested":1,"item_purchase_floors":[4,12],"current_hp_per_floor":[64,64,58,58,58,58,13,13,13,13,13,13,9,6,28,0],"gold":23,"neow_bonus":"RANDOM_COMMON_RELIC","is_prod":false,"is_daily":false,"chose_seed":false,"campfire_upgraded":1,"win_rate":0,"timestamp":1551608001,"path_taken":["M","M","M","$","?","R","E","?","T","M","?","$","?","?","R","BOSS"],"build_version":"2019-01-23","purchased_purges":0,"victory":false,"max_hp_per_floor":[75,75,75,75,75,75,75,75,75,75,75,75,75,75,75,75],"card_choices":[{"not_picked":["Leap","Steam Power"],"picked":"Beam Cell","floor":1},{"not_picked":["Tempest","Fusion"],"picked":"Go for the Eyes","floor":2},{"not_picked":["Skim","Streamline"],"picked":"Turbo","floor":3},{"not_picked":["Sweeping Beam","Multi-Cast"],"picked":"Defragment","floor":7},{"not_picked":["Leap","Reprogram"],"picked":"Defragment","floor":10},{"not_picked":["Go for the Eyes","Lockon"],"picked":"Doom and Gloom","floor":13},{"not_picked":["Skim","Genetic Algorithm"],"picked":"Loop","floor":15}],"player_experience":832127,"relics_obtained":[{"floor":7,"key":"Dream Catcher"},{"floor":9,"key":"Omamori"}],"event_choices":[{"damage_healed":0,"gold_gain":0,"player_choice":"Ignored","damage_taken":0,"max_hp_gain":0,"max_hp_loss":0,"event_name":"Liars Game","floor":5,"gold_loss":0},{"damage_healed":0,"gold_gain":0,"player_choice":"Ignored","damage_taken":0,"max_hp_gain":0,"max_hp_loss":0,"event_name":"Golden Wing","floor":8,"gold_loss":0},{"damage_healed":0,"gold_gain":0,"player_choice":"Left Gold","damage_taken":0,"max_hp_gain":0,"max_hp_loss":0,"event_name":"World of Goop","floor":11,"gold_loss":41},{"damage_healed":0,"gold_gain":0,"player_choice":"Success","damage_taken":3,"relics_obtained":["Vajra"],"max_hp_gain":0,"max_hp_loss":0,"event_name":"Scrap Ooze","floor":14,"gold_loss":0}],"is_beta":false,"boss_relics":[],"items_purged_floors":[],"is_endless":false,"potions_floor_spawned":[2,3,10],"killed_by":"Slime Boss","ascension_level":11}