{"gold_per_floor":[115,115,14,31,48,82,102,122,176,236,236,271,271,284,284,389,389,405,330,347,362,391,391,406,316,340,340,358,358,378,37,37,136,136,146,146,146,166,21,21,21,32,32,45,45,45,80,100,100,100],"floor_reached":51,"playtime":6004,"items_purged":[],"score":681,"play_id":"a7976822-ed0e-475f-b256-bcebe33c628f","local_time":"20190213194708","is_ascension_mode":true,"campfire_choices":[{"floor":11,"key":"REST"},{"floor":15,"key":"REST"},{"floor":23,"key":"REST"},{"floor":27,"key":"REST"},{"data":"Seek","floor":29,"key":"SMITH"},{"floor":32,"key":"REST"},{"floor":40,"key":"REST"},{"data":"Hologram","floor":45,"key":"SMITH"},{"floor":49,"key":"REST"}],"neow_cost":"NONE","seed_source_timestamp":52371287851900,"circlet_count":0,"master_deck":["Defend_B","Defend_B","Defend_B+1","Defend_B","Zap","Dualcast","Go for the Eyes","Leap+1","Self Repair","Compile Driver","Defragment","Seek+1","Beam Cell","Ball Lightning","Genetic Algorithm+1","Biased Cognition","Ball Lightning+1","Tempest+1","Thunder Strike+1","Ball Lightning","Conserve Battery+1","Stack","Machine Learning","Hologram+1","Buffer","Static Discharge","Coolheaded","Echo Form","Leap+1","Go for the Eyes+1","Glacier"],"relics":["Cracked Core","Whetstone","Matryoshka","Juzu Bracelet","War Paint","Tiny Chest","Orichalcum","Astrolabe","Red Mask","Potion Belt","Dream Catcher","Singing Bowl","White Beast Statue","Bird Faced Urn","Happy Flower","Art of War","Pen Nib"],"potions_floor_usage":[6,10,16,20,22,22,33,33,47,47,50,50,50],"damage_taken":[{"damage":6,"enemies":"Jaw Worm","floor":1,"turns":3},{"damage":0,"enemies":"Cultist","floor":4,"turns":3},{"damage":0,"enemies":"2 Louse","floor":5,"turns":2},{"damage":22,"enemies":"3 Sentries","floor":6,"turns":6},{"damage":25,"enemies":"Exordium Thugs","floor":7,"turns":4},{"damage":0,"enemies":"Large Slime","floor":8,"turns":4},{"damage":24,"enemies":"Gremlin Nob","floor":10,"turns":4},{"damage":23,"enemies":"Lagavulin","floor":12,"turns":7},{"damage":0,"enemies":"3 Louse","floor":14,"turns":2},{"damage":9,"enemies":"Slime Boss","floor":16,"turns":8},{"damage":44,"enemies":"2 Thieves","floor":18,"turns":4},{"damage":16,"enemies":"Spheric Guardian","floor":20,"turns":4},{"damage":12,"enemies":"Cultist and Chosen","floor":21,"turns":6},{"damage":37,"enemies":"Masked Bandits","floor":22,"turns":4},{"damage":1,"enemies":"Chosen and Byrds","floor":24,"turns":4},{"damage":19,"enemies":"Shelled Parasite and Fungi","floor":28,"turns":5},{"damage":0,"enemies":"Snecko","floor":30,"turns":5},{"damage":74,"enemies":"Collector","floor":33,"turns":13},{"damage":17,"enemies":"Orb Walker","floor":35,"turns":4},{"damage":35,"enemies":"3 Darklings","floor":38,"turns":7},{"damage":27,"enemies":"Transient","floor":42,"turns":5},{"damage":4,"enemies":"Writhing Mass","floor":44,"turns":7},{"damage":24,"enemies":"Reptomancer","floor":47,"turns":5},{"damage":7,"enemies":"Jaw Worm Horde","floor":48,"turns":7},{"damage":35,"enemies":"Awakened One","floor":50,"turns":16}],"seed_played":"-4658374688153466949","potions_obtained":[{"floor":4,"key":"Explosive Potion"},{"floor":6,"key":"AttackPotion"},{"floor":7,"key":"GamblersBrew"},{"floor":8,"key":"Strength Potion"},{"floor":12,"key":"Weak Potion"},{"floor":16,"key":"Swift Potion"},{"floor":18,"key":"Regen Potion"},{"floor":20,"key":"Regen Potion"},{"floor":24,"key":"Energy Potion"},{"floor":35,"key":"SteroidPotion"},{"floor":38,"key":"SkillPotion"},{"floor":42,"key":"SpeedPotion"},{"floor":44,"key":"PowerPotion"},{"floor":47,"key":"Strength Potion"},{"floor":48,"key":"Strength Potion"}],"is_trial":false,"path_per_floor":["M","?","$","M","M","E","M","M","T","E","R","E","?","M","R","B",null,"M","?","M","M","?","R","M","?","T","R","M","R","M","$","R","B",null,"M","T","?","M","$","R","?","M","T","M","R","?","E","M","R","B",null],"character_chosen":"DEFECT","items_purchased":["Leap","Self Repair","Singing Bowl","Static Discharge","Coolheaded","Happy Flower"],"campfire_rested":7,"item_purchase_floors":[3,3,31,31,31,39],"current_hp_per_floor":[69,69,69,75,75,53,28,35,35,18,40,24,24,24,46,44,75,38,38,29,24,21,43,42,42,42,64,52,52,59,59,77,10,77,60,60,60,46,46,68,70,47,47,77,77,77,63,71,85,71],"gold":100,"neow_bonus":"RANDOM_COMMON_RELIC","is_prod":false,"is_daily":false,"chose_seed":false,"campfire_upgraded":2,"win_rate":0,"timestamp":1550105228,"path_taken":["M","?","$","M","M","E","M","M","T","E","R","E","?","M","R","BOSS","M","?","M","M","?","R","M","?","T","R","M","R","M","$","R","BOSS","M","?","?","M","$","R","?","M","T","M","R","?","E","M","R","BOSS"],"build_version":"2019-01-23","purchased_purges":0,"victory":true,"max_hp_per_floor":[75,75,75,75,75,75,75,75,75,75,75,75,75,75,75,75,75,75,75,75,75,75,75,75,75,75,75,75,75,75,75,77,77,77,77,77,73,75,75,75,77,77,77,79,79,79,81,83,85,85],"card_choices":[{"not_picked":["Redo","Hologram"],"picked":"Sweeping Beam","floor":1},{"not_picked":["Conserve Battery","Chill"],"picked":"Compile Driver","floor":4},{"not_picked":["Sweeping Beam","Steam Power"],"picked":"Defragment","floor":5},{"not_picked":["Consume","Scrape"],"picked":"Seek","floor":6},{"not_picked":["Capacitor","Coolheaded"],"picked":"Beam Cell","floor":7},{"not_picked":["Gash","Go for the Eyes"],"picked":"Hyperbeam","floor":8},{"not_picked":["Reprogram","All For One"],"picked":"Ball Lightning","floor":10},{"not_picked":["Rebound","Beam Cell","Streamline"],"picked":"SKIP","floor":12},{"not_picked":["Streamline","Gash"],"picked":"Genetic Algorithm","floor":14},{"not_picked":["Thunder Strike","All For One"],"picked":"Biased Cognition","floor":16},{"not_picked":["Beam Cell+1","Streamline"],"picked":"Ball Lightning","floor":18},{"not_picked":["Compile Driver+1","Heatsinks+1"],"picked":"Conserve Battery+1","floor":20},{"not_picked":["Doom and Gloom","Double Energy"],"picked":"Stack","floor":21},{"not_picked":["BootSequence+1","Barrage"],"picked":"Machine Learning","floor":22},{"not_picked":["Lockon","Compile Driver","Genetic Algorithm"],"picked":"SKIP","floor":24},{"not_picked":["Steam","Gash"],"picked":"Hologram","floor":27},{"not_picked":["Heatsinks","Hologram","Ball Lightning"],"picked":"SKIP","floor":28},{"not_picked":["Recycle","Chaos"],"picked":"Buffer","floor":30},{"not_picked":["Turbo","Sunder","Hello World+1"],"picked":"Singing Bowl","floor":32},{"not_picked":["Reboot","Hyperbeam"],"picked":"Echo Form","floor":33},{"not_picked":["Steam Power+1","Heatsinks"],"picked":"Leap+1","floor":35},{"not_picked":["Turbo+1","Sweeping Beam","Redo+1"],"picked":"Singing Bowl","floor":38},{"not_picked":["Undo","Hello World+1"],"picked":"Go for the Eyes+1","floor":40},{"not_picked":["PanicButton","Violence","Dark Shackles"],"picked":"Singing Bowl","floor":41},{"not_picked":["Storm+1","Redo+1"],"picked":"Glacier","floor":42},{"not_picked":["Barrage+1","Beam Cell+1","Stack+1"],"picked":"Singing Bowl","floor":44},{"not_picked":["Conserve Battery+1","Streamline","Capacitor+1"],"picked":"Singing Bowl","floor":47},{"not_picked":["Compile Driver+1","Redo","Streamline+1"],"picked":"Singing Bowl","floor":48},{"not_picked":["Rip and Tear","Fission","Cold Snap"],"picked":"Singing Bowl","floor":49}],"player_experience":558771,"relics_obtained":[{"floor":6,"key":"Matryoshka"},{"floor":9,"key":"Juzu Bracelet"},{"floor":9,"key":"War Paint"},{"floor":10,"key":"Tiny Chest"},{"floor":12,"key":"Orichalcum"},{"floor":22,"key":"Red Mask"},{"floor":26,"key":"Potion Belt"},{"floor":26,"key":"Dream Catcher"},{"floor":36,"key":"Bird Faced Urn"},{"floor":43,"key":"Art of War"},{"floor":47,"key":"Pen Nib"}],"event_choices":[{"damage_healed":0,"gold_gain":0,"player_choice":"1 cards matched","damage_taken":0,"max_hp_gain":0,"max_hp_loss":0,"event_name":"Match and Keep!","floor":2,"gold_loss":0,"cards_obtained":["Go for the Eyes"]},{"damage_healed":0,"gold_gain":0,"player_choice":"Fled","damage_taken":0,"max_hp_gain":0,"max_hp_loss":0,"event_name":"Scrap Ooze","floor":13,"gold_loss":0},{"cards_removed":["Strike_B"],"damage_healed":0,"gold_gain":0,"player_choice":"Gave Gold","damage_taken":0,"max_hp_gain":0,"max_hp_loss":0,"event_name":"Beggar","floor":19,"gold_loss":75},{"damage_healed":0,"gold_gain":0,"player_choice":"Fought Bandits","damage_taken":0,"max_hp_gain":0,"max_hp_loss":0,"event_name":"Masked Bandits","floor":22,"gold_loss":0},{"cards_removed":["Strike_B"],"damage_healed":0,"gold_gain":0,"player_choice":"Upgrade and Remove","damage_taken":0,"max_hp_gain":0,"max_hp_loss":0,"event_name":"Designer","floor":25,"gold_loss":90,"cards_upgraded":["Genetic Algorithm"]},{"damage_healed":0,"gold_gain":0,"player_choice":"Max HP","damage_taken":0,"max_hp_gain":0,"max_hp_loss":4,"event_name":"Winding Halls","floor":37,"gold_loss":0},{"damage_healed":0,"gold_gain":0,"player_choice":"Memory 1","damage_taken":0,"max_hp_gain":0,"max_hp_loss":0,"event_name":"SensoryStone","floor":41,"gold_loss":0},{"cards_removed":["Hyperbeam"],"damage_healed":0,"gold_gain":0,"player_choice":"Purged","damage_taken":0,"max_hp_gain":0,"max_hp_loss":0,"event_name":"Purifier","floor":46,"gold_loss":0}],"is_beta":false,"boss_relics":[{"not_picked":["Coffee Dripper","Snecko Eye"],"picked":"Astrolabe"},{"not_picked":["FrozenCore","Orrery"],"picked":"White Beast Statue"}],"items_purged_floors":[],"is_endless":false,"potions_floor_spawned":[4,6,7,8,12,16,18,20,24,35,38,42,44,47,48],"ascension_level":1}