{"gold_per_floor":[111,111,125,149,162,162,186,186,186,216,216,15,15,15,15,140,140,129,129,228,269,194,194,194,194,221,221,242,242,265,285,285,285],"floor_reached":33,"playtime":1150,"items_purged":["Dualcast"],"score":233,"play_id":"75406703-93fe-478e-a55c-4518a67cb2c7","local_time":"20180728001724","is_ascension_mode":false,"campfire_choices":[{"data":"Zap","floor":6,"key":"SMITH"},{"floor":8,"key":"REST"},{"data":"White Noise","floor":11,"key":"SMITH"},{"data":"Defragment","floor":15,"key":"SMITH"},{"floor":23,"key":"REST"},{"data":"Genetic Algorithm","floor":25,"key":"SMITH"},{"data":"Seek","floor":27,"key":"SMITH"},{"floor":29,"key":"REST"},{"floor":32,"key":"REST"}],"neow_cost":"","seed_source_timestamp":1234338551482247,"circlet_count":0,"master_deck":["Strike_B","Strike_B","Strike_B","Strike_B","Defend_B","Defend_B","Defend_B","Defend_B","Zap+1","Defragment+1","Steam","Cold Snap","Rebound","White Noise+1","Capacitor","Leap","Biased Cognition","Genetic Algorithm+1","Seek+1","White Noise","Auto Shields","Beam Cell"],"relics":["Cracked Core","Golden Idol","Ginger","Dodecahedron","Nloth\u0027s Gift","Red Mask","Vajra","Art of War"],"potions_floor_usage":[7,33,33],"damage_taken":[{"damage":7,"enemies":"Small Slimes","floor":1,"turns":4},{"damage":0,"enemies":"Cultist","floor":3,"turns":4},{"damage":0,"enemies":"2 Louse","floor":4,"turns":2},{"damage":5,"enemies":"Looter","floor":5,"turns":4},{"damage":9,"enemies":"Lots of Slimes","floor":7,"turns":4},{"damage":37,"enemies":"Slime Boss","floor":16,"turns":12},{"damage":12,"enemies":"2 Thieves","floor":18,"turns":5},{"damage":34,"floor":21,"turns":5},{"damage":10,"enemies":"Chosen","floor":28,"turns":5},{"damage":30,"enemies":"Snecko","floor":30,"turns":6},{"damage":20,"enemies":"Snake Plant","floor":31,"turns":4},{"damage":37,"enemies":"Champ","floor":33,"turns":8}],"seed_played":"-1175397129352714482","potions_obtained":[{"floor":3,"key":"AttackPotion"},{"floor":21,"key":"Strength Potion"},{"floor":28,"key":"PowerPotion"}],"is_trial":false,"path_per_floor":["M","?","M","M","M","R","M","R","T","?","R","$","$","T","R","B",null,"M","?","?","?","?","R","T","R","T","R","M","R","M","M","R"],"character_chosen":"DEFECT","items_purchased":["Capacitor","Leap"],"campfire_rested":4,"item_purchase_floors":[12,12],"current_hp_per_floor":[68,68,68,68,63,63,54,75,75,75,75,75,75,75,75,38,75,63,63,63,29,29,51,51,51,51,51,41,63,33,13,35,0],"gold":285,"neow_bonus":"","is_prod":false,"is_daily":false,"chose_seed":false,"campfire_upgraded":5,"win_rate":0.0,"timestamp":1532729844,"path_taken":["M","?","M","M","M","R","?","R","T","?","R","?","$","?","R","BOSS","M","?","?","?","?","R","?","R","T","R","M","R","M","M","R","BOSS"],"build_version":"2018-07-26","purchased_purges":1,"victory":false,"max_hp_per_floor":[75,75,75,75,75,75,75,75,75,75,75,75,75,75,75,75,75,75,75,75,75,75,75,75,75,75,75,75,75,75,75,75,75],"card_choices":[{"not_picked":["Barrage","Leap"],"picked":"Defragment","floor":1},{"not_picked":["Coolheaded","Chaos"],"picked":"Steam","floor":3},{"not_picked":["Reprogram","Redo"],"picked":"Cold Snap","floor":4},{"not_picked":["Rip and Tear","Cold Snap"],"picked":"Rebound","floor":5},{"not_picked":["Force Field","Sweeping Beam"],"picked":"White Noise","floor":7},{"not_picked":["Echo Form","Creative AI"],"picked":"Biased Cognition","floor":16},{"not_picked":["Sweeping Beam","BootSequence"],"picked":"Genetic Algorithm","floor":18},{"not_picked":["Hologram","Ball Lightning"],"picked":"Seek","floor":21},{"not_picked":["Compile Driver","Undo"],"picked":"White Noise","floor":28},{"not_picked":["Reprogram","Coolheaded"],"picked":"Auto Shields","floor":30},{"not_picked":["Cold Snap","Chill"],"picked":"Beam Cell","floor":31}],"player_experience":64097,"relics_obtained":[{"floor":9,"key":"Ginger"},{"floor":14,"key":"Dodecahedron"},{"floor":21,"key":"Red Mask"},{"floor":24,"key":"Vajra"},{"floor":26,"key":"Art of War"}],"event_choices":[{"event_name":"Golden Idol","player_choice":"Take Wound","floor":2,"damage_taken":0},{"event_name":"Dead Adventurer","player_choice":"Searched \u00271\u0027 times","floor":10,"damage_taken":0},{"event_name":"N\u0027loth","player_choice":"Traded a Inserter","floor":19,"damage_taken":0},{"event_name":"Nest","player_choice":"Stole From Cult","floor":20,"damage_taken":0},{"event_name":"Masked Bandits","player_choice":"Fought over 228 gold","floor":21,"damage_taken":0},{"event_name":"Beggar","player_choice":"Gave Gold","floor":22,"damage_taken":0}],"is_beta":false,"boss_relics":[{"not_picked":["Velvet Choker","Busted Crown"],"picked":"Inserter"}],"items_purged_floors":[12],"is_endless":false,"potions_floor_spawned":[3,21,28],"killed_by":"Champ","ascension_level":0}