{"gold_per_floor":[112,62,137,11,11,11,22,55,55,55,71,88,120,120,120,223,223,233,233,0,0,14,40,60,60,108,108],"floor_reached":27,"playtime":785,"items_purged":[],"score":343,"play_id":"e9a961d4-81ad-451f-b36c-da072988fa45","local_time":"20190222162506","is_ascension_mode":true,"campfire_choices":[{"data":"Bash","floor":6,"key":"SMITH"},{"data":"Armaments","floor":10,"key":"SMITH"},{"data":"Uppercut","floor":15,"key":"SMITH"},{"floor":25,"key":"REST"}],"neow_cost":"NONE","seed_source_timestamp":426524410367794,"circlet_count":0,"master_deck":["Strike_R","Strike_R","Strike_R","Defend_R","Defend_R","Defend_R","Defend_R","Bash+1","Sword Boomerang","Rage","Armaments+1","Uppercut+1","Dropkick","Juggernaut","Metallicize","Dramatic Entrance","Flame Barrier","Shrug It Off","Burning Pact"],"relics":["Burning Blood","NeowsBlessing","Pantograph","Dodecahedron","The Courier","Busted Crown","NlothsMask","StoneCalendar"],"potions_floor_usage":[16,16,23,23,27],"damage_taken":[{"damage":0,"enemies":"2 Louse","floor":1,"turns":1},{"damage":0,"enemies":"Small Slimes","floor":7,"turns":1},{"damage":0,"enemies":"Lagavulin","floor":8,"turns":1},{"damage":0,"enemies":"Cultist","floor":11,"turns":3},{"damage":0,"enemies":"3 Louse","floor":12,"turns":2},{"damage":8,"enemies":"Gremlin Nob","floor":13,"turns":3},{"damage":44,"enemies":"Slime Boss","floor":16,"turns":12},{"damage":20,"enemies":"Spheric Guardian","floor":18,"turns":5},{"damage":15,"enemies":"Chosen","floor":22,"turns":5},{"damage":16,"enemies":"Book of Stabbing","floor":23,"turns":5},{"damage":20,"enemies":"Shelled Parasite and Fungi","floor":24,"turns":6},{"damage":60,"enemies":"Slavers","floor":27,"turns":3}],"seed_played":"-3561549591775055341","potions_obtained":[{"floor":1,"key":"Ancient Potion"},{"floor":13,"key":"FearPotion"},{"floor":18,"key":"AttackPotion"},{"floor":23,"key":"Poison Potion"}],"is_trial":false,"path_per_floor":["M","?","?","$","?","R","M","E","T","R","M","M","E","?","R","B",null,"M","?","$","?","M","E","M","R","T","E"],"character_chosen":"IRONCLAD","items_purchased":["Explosive Potion","EssenceOfSteel","Dramatic Entrance","Flame Barrier","Shrug It Off","Burning Pact"],"campfire_rested":1,"item_purchase_floors":[4,4,20,20,20,20],"current_hp_per_floor":[78,78,67,67,67,67,73,79,79,79,80,80,78,83,83,47,76,62,62,62,62,53,43,29,54,54,0],"gold":108,"neow_bonus":"THREE_ENEMY_KILL","is_prod":false,"is_daily":false,"chose_seed":false,"campfire_upgraded":3,"win_rate":0,"timestamp":1550849106,"path_taken":["M","?","?","$","?","R","M","E","T","R","M","?","E","?","R","BOSS","M","?","$","?","M","E","?","R","T","E"],"build_version":"2019-01-23","purchased_purges":0,"victory":false,"max_hp_per_floor":[80,80,80,80,80,80,80,80,80,80,80,80,80,85,85,85,85,85,85,85,85,85,85,85,85,85,85],"card_choices":[{"not_picked":["Evolve","Twin Strike"],"picked":"Sword Boomerang","floor":1},{"not_picked":["Rupture","Thunderclap"],"picked":"Rage","floor":7},{"not_picked":["Spot Weakness","Corruption"],"picked":"Armaments","floor":8},{"not_picked":["Clothesline","Rage"],"picked":"Uppercut","floor":11},{"not_picked":["Sword Boomerang","Feel No Pain"],"picked":"Dropkick","floor":12},{"not_picked":["Armaments","True Grit","Dual Wield"],"picked":"SKIP","floor":13},{"not_picked":["Offering","Brutality"],"picked":"Juggernaut","floor":16},{"not_picked":[],"picked":"Metallicize","floor":18},{"not_picked":["Anger"],"picked":"SKIP","floor":22},{"not_picked":["Thunderclap"],"picked":"SKIP","floor":23},{"not_picked":["Anger"],"picked":"SKIP","floor":24}],"player_experience":709624,"relics_obtained":[{"floor":8,"key":"Pantograph"},{"floor":9,"key":"Dodecahedron"},{"floor":13,"key":"The Courier"},{"floor":23,"key":"StoneCalendar"}],"event_choices":[{"cards_removed":["Strike_R"],"damage_healed":0,"gold_gain":0,"player_choice":"Card Removal","damage_taken":0,"max_hp_gain":0,"max_hp_loss":0,"event_name":"The Cleric","floor":2,"gold_loss":50},{"damage_healed":0,"gold_gain":75,"player_choice":"Gather Gold","damage_taken":11,"max_hp_gain":0,"max_hp_loss":0,"event_name":"World of Goop","floor":3,"gold_loss":0},{"cards_removed":["Strike_R"],"damage_healed":0,"gold_gain":0,"player_choice":"Offered Basic","damage_taken":0,"max_hp_gain":0,"max_hp_loss":0,"event_name":"Bonfire Elementals","floor":5,"gold_loss":0},{"damage_healed":0,"gold_gain":0,"player_choice":"Donut","damage_taken":0,"max_hp_gain":5,"max_hp_loss":0,"event_name":"Big Fish","floor":14,"gold_loss":0},{"damage_healed":0,"gold_gain":0,"player_choice":"Ignored","damage_taken":0,"max_hp_gain":0,"max_hp_loss":0,"event_name":"The Mausoleum","floor":19,"gold_loss":0},{"damage_healed":0,"gold_gain":0,"player_choice":"Trade","damage_taken":0,"relics_obtained":["NlothsMask"],"max_hp_gain":0,"max_hp_loss":0,"event_name":"FaceTrader","floor":21,"gold_loss":0}],"is_beta":false,"boss_relics":[{"not_picked":["Pandora\u0027s Box","Astrolabe"],"picked":"Busted Crown"}],"items_purged_floors":[],"is_endless":false,"potions_floor_spawned":[1,8,13,18,23],"killed_by":"Slavers","ascension_level":6}