{"gold_per_floor":[114,114,39,58,58,58,93,112,112,126,136,136,136,147,147,242,242,252,252,232,251,268,268,288,119,119,119,133,133,210,225,225,225],"floor_reached":33,"playtime":2041,"items_purged":["Strike_G","Strike_G"],"score":276,"play_id":"35cccbe8-f03d-4d44-8d43-0b2c68789d48","local_time":"20181113222916","is_ascension_mode":false,"campfire_choices":[{"data":"Neutralize","floor":6,"key":"SMITH"},{"data":"Footwork","floor":12,"key":"SMITH"},{"data":"Backflip","floor":15,"key":"SMITH"},{"data":"Envenom","floor":23,"key":"SMITH"},{"floor":29,"key":"REST"},{"floor":32,"key":"REST"}],"neow_cost":"NONE","seed_source_timestamp":211127968227138,"circlet_count":0,"master_deck":["Defend_G","Defend_G","Defend_G+1","Defend_G","Defend_G","Strike_G+1","Strike_G","Strike_G","Survivor","Neutralize+1","Acrobatics","Backflip+1","Deep Breath","Footwork+1","PiercingWail","Slice","Dagger Spray","Bullet Time","Envenom+1","Endless Agony","Deflect+1","Deflect+1","Flying Knee","Backstab","Sucker Punch+1","Flying Knee+1"],"relics":["Ring of the Serpent","NeowsBlessing","Singing Bowl","Mummified Hand","Molten Egg 2","Darkstone Periapt"],"potions_floor_usage":[16,16,18,21,21,33,33],"damage_taken":[{"damage":0,"enemies":"Small Slimes","floor":1,"turns":1},{"damage":0,"enemies":"Jaw Worm","floor":4,"turns":1},{"damage":0,"enemies":"Lagavulin","floor":7,"turns":1},{"damage":0,"enemies":"Cultist","floor":8,"turns":4},{"damage":0,"enemies":"3 Louse","floor":10,"turns":6},{"damage":0,"enemies":"Exordium Wildlife","floor":11,"turns":7},{"damage":0,"enemies":"Red Slaver","floor":14,"turns":6},{"damage":44,"enemies":"Hexaghost","floor":16,"turns":17},{"damage":0,"enemies":"3 Byrds","floor":18,"turns":8},{"damage":4,"enemies":"2 Thieves","floor":20,"turns":4},{"damage":8,"enemies":"Shelled Parasite and Fungi","floor":21,"turns":9},{"damage":10,"enemies":"Chosen and Byrds","floor":22,"turns":10},{"damage":38,"enemies":"3 Cultists","floor":24,"turns":9},{"damage":5,"enemies":"Snecko","floor":28,"turns":7},{"damage":0,"enemies":"Snake Plant","floor":31,"turns":6},{"damage":58,"enemies":"Champ","floor":33,"turns":17}],"seed_played":"-8339292958172807682","potions_obtained":[{"floor":4,"key":"SkillPotion"},{"floor":10,"key":"Ancient Potion"},{"floor":11,"key":"Strength Potion"},{"floor":16,"key":"Fruit Juice"},{"floor":20,"key":"LiquidBronze"},{"floor":24,"key":"AttackPotion"},{"floor":28,"key":"SkillPotion"}],"is_trial":false,"path_per_floor":["M","?","$","M","?","R","E","M","T","M","M","R","?","M","R","B",null,"M","?","M","M","M","R","M","$","T","?","M","R","T","M","R","B"],"character_chosen":"THE_SILENT","items_purchased":["Backstab"],"campfire_rested":2,"item_purchase_floors":[25],"current_hp_per_floor":[70,70,70,70,70,70,70,72,72,72,72,72,58,58,58,14,72,79,79,75,67,59,59,21,21,21,12,7,31,31,31,55,0],"gold":225,"neow_bonus":"THREE_ENEMY_KILL","is_prod":false,"is_daily":false,"chose_seed":false,"campfire_upgraded":4,"win_rate":0,"timestamp":1542144556,"path_taken":["M","?","$","M","?","R","E","?","T","M","M","R","?","M","R","BOSS","M","?","?","M","M","R","M","$","T","?","M","R","?","M","R","BOSS"],"build_version":"2018-11-08","purchased_purges":2,"victory":false,"max_hp_per_floor":[70,70,70,70,70,70,70,72,72,72,72,72,72,72,72,72,72,79,79,79,79,81,81,81,81,81,81,81,81,81,81,81,81],"card_choices":[{"not_picked":["Outmaneuver","Prepared"],"picked":"Acrobatics","floor":1},{"not_picked":["Slice","Flying Knee"],"picked":"Backflip","floor":4},{"not_picked":["Dodge and Roll","Dash"],"picked":"Footwork","floor":7},{"not_picked":["Underhanded Strike","Bane","Outmaneuver"],"picked":"Singing Bowl","floor":8},{"not_picked":["Eviscerate","Choke"],"picked":"PiercingWail","floor":10},{"not_picked":["Backflip","Masterful Stab"],"picked":"Slice","floor":11},{"not_picked":["Leg Sweep","Deflect"],"picked":"Dagger Spray","floor":14},{"not_picked":["Venomology","Die Die Die"],"picked":"Bullet Time","floor":16},{"not_picked":["Blade Dance","Predator","Reflex"],"picked":"Singing Bowl","floor":18},{"not_picked":["Bane+1","Catalyst"],"picked":"Deflect+1","floor":20},{"not_picked":["Masterful Stab","Backflip"],"picked":"Deflect+1","floor":21},{"not_picked":["Dagger Throw","PiercingWail","Skewer"],"picked":"Singing Bowl","floor":22},{"not_picked":["Blade Dance+1","Choke+1"],"picked":"Flying Knee","floor":24},{"not_picked":["Deadly Poison","Choke+1"],"picked":"Sucker Punch+1","floor":28},{"not_picked":["Quick Slash+1","Calculated Gamble"],"picked":"Flying Knee+1","floor":31}],"player_experience":294767,"relics_obtained":[{"floor":7,"key":"Singing Bowl"},{"floor":9,"key":"Mummified Hand"},{"floor":26,"key":"Molten Egg 2"},{"floor":30,"key":"Darkstone Periapt"}],"event_choices":[{"damage_healed":0,"gold_gain":0,"player_choice":"Ignored","damage_taken":0,"max_hp_gain":0,"max_hp_loss":0,"event_name":"Liars Game","floor":2,"gold_loss":0},{"damage_healed":0,"gold_gain":0,"player_choice":"1 cards matched","damage_taken":0,"max_hp_gain":0,"max_hp_loss":0,"event_name":"Match and Keep!","floor":5,"gold_loss":0,"cards_obtained":["Deep Breath"]},{"damage_healed":0,"gold_gain":0,"player_choice":"Entered Light","damage_taken":14,"max_hp_gain":0,"max_hp_loss":0,"event_name":"Shining Light","floor":13,"gold_loss":0,"cards_upgraded":["Defend_G","Strike_G"]},{"damage_healed":0,"gold_gain":0,"player_choice":"2 cards matched","damage_taken":0,"max_hp_gain":0,"max_hp_loss":0,"event_name":"Match and Keep!","floor":19,"gold_loss":0,"cards_obtained":["Envenom","Endless Agony"]},{"damage_healed":0,"gold_gain":0,"player_choice":"Stopped","damage_taken":9,"max_hp_gain":0,"max_hp_loss":0,"event_name":"Cursed Tome","floor":27,"gold_loss":0}],"is_beta":false,"boss_relics":[{"not_picked":["Snecko Eye","Runic Dome"],"picked":"Ring of the Serpent"}],"items_purged_floors":[3,25],"is_endless":false,"potions_floor_spawned":[4,10,11,16,20,24,28],"killed_by":"Champ","ascension_level":0}