{"gold_per_floor":[113,113,113,65,83,83,109,120,120,120,135,135,148,158,158,254,254,268,241,241,116,116,116,144,144,144,144,164,79,114,28,28,127,127,143,192,192,210,226,257,257,286,286,297,311,327,85,105,105,105],"floor_reached":51,"playtime":2600,"items_purged":["Strike_B","Defend_B","Regret"],"score":772,"play_id":"609c60cb-b968-4dd3-82c2-9cc791e61fd4","local_time":"20181118162615","is_ascension_mode":false,"campfire_choices":[{"data":"Dualcast","floor":6,"key":"SMITH"},{"data":"Glacier","floor":10,"key":"SMITH"},{"data":"Go for the Eyes","floor":12,"key":"SMITH"},{"data":"Conserve Battery","floor":15,"key":"SMITH"},{"data":"Gash","floor":23,"key":"SMITH"},{"data":"Gash","floor":25,"key":"SMITH"},{"floor":32,"key":"REST"},{"data":"Self Repair","floor":41,"key":"SMITH"},{"data":"Apotheosis","floor":49,"key":"SMITH"}],"neow_cost":"NONE","seed_source_timestamp":57525423624226,"circlet_count":0,"master_deck":["Strike_B","Defend_B","Defend_B","Zap+1","Dualcast+1","Gash+1","Cold Snap","Reinforced Body","Conserve Battery+1","Glacier+1","Go for the Eyes+1","Sunder","Rebound","Blizzard+1","White Noise+1","Gash+1","Sweeping Beam+1","Decay","Go for the Eyes","BootSequence+1","Force Field","Reboot","Sweeping Beam","Beam Cell+1","Cold Snap+1","Reboot","Self Repair+1","Storm+1","Parasite","Self Repair","Redo+1","Steam Power+1","Apotheosis+1","Hologram"],"relics":["Cracked Core","Shuriken","Mummified Hand","Cursed Key","Enchiridion","Happy Flower","Kunai","MutagenicStrength","Symbiotic Virus","Smiling Mask","Sozu","Nunchaku","Mercury Hourglass","Pantograph","Molten Egg 2"],"potions_floor_usage":[16,16,18,24,33],"damage_taken":[{"damage":5,"enemies":"Jaw Worm","floor":1,"turns":4},{"damage":4,"enemies":"2 Louse","floor":5,"turns":2},{"damage":6,"enemies":"Lagavulin","floor":7,"turns":7},{"damage":0,"enemies":"Cultist","floor":8,"turns":3},{"damage":0,"enemies":"2 Fungi Beasts","floor":11,"turns":4},{"damage":0,"enemies":"Looter","floor":13,"turns":3},{"damage":0,"enemies":"3 Louse","floor":14,"turns":3},{"damage":20,"enemies":"Hexaghost","floor":16,"turns":15},{"damage":0,"enemies":"Chosen","floor":18,"turns":7},{"damage":3,"enemies":"2 Thieves","floor":19,"turns":5},{"damage":0,"enemies":"Book of Stabbing","floor":24,"turns":5},{"damage":9,"enemies":"Snake Plant","floor":28,"turns":3},{"damage":22,"enemies":"Gremlin Leader","floor":30,"turns":6},{"damage":17,"enemies":"Champ","floor":33,"turns":10},{"damage":0,"enemies":"Orb Walker","floor":35,"turns":3},{"damage":18,"enemies":"2 Orb Walkers","floor":36,"turns":5},{"damage":0,"enemies":"3 Darklings","floor":38,"turns":4},{"damage":0,"enemies":"4 Shapes","floor":39,"turns":9},{"damage":9,"enemies":"Giant Head","floor":40,"turns":8},{"damage":15,"enemies":"Reptomancer","floor":42,"turns":5},{"damage":2,"enemies":"Writhing Mass","floor":44,"turns":5},{"damage":1,"enemies":"Transient","floor":45,"turns":5},{"damage":19,"enemies":"4 Shapes","floor":46,"turns":4},{"damage":0,"enemies":"Maw","floor":48,"turns":6},{"damage":10,"enemies":"Awakened One","floor":50,"turns":9}],"seed_played":"-9169016852861189026","potions_obtained":[{"floor":8,"key":"EssenceOfSteel"},{"floor":13,"key":"Ancient Potion"},{"floor":14,"key":"PowerPotion"},{"floor":18,"key":"Block Potion"},{"floor":19,"key":"Block Potion"},{"floor":30,"key":"SteroidPotion"}],"is_trial":false,"path_per_floor":["M","?","?","$","M","R","E","M","T","R","M","R","M","M","R","B",null,"M","M","?","$","?","R","E","R","T","?","M","?","E","$","R","B",null,"M","?","?","M","M","E","R","E","T","M","M","M","$","M","R","B",null],"character_chosen":"DEFECT","items_purchased":["Cold Snap","Gash","Force Field","Apotheosis"],"campfire_rested":1,"item_purchase_floors":[4,21,31,47],"current_hp_per_floor":[70,63,63,63,59,59,53,53,53,53,53,53,53,53,53,33,75,75,72,56,56,56,56,56,56,56,56,47,47,25,25,47,30,75,75,57,57,57,57,48,48,43,43,61,75,73,73,75,75,75],"gold":105,"neow_bonus":"UPGRADE_CARD","is_prod":false,"is_daily":false,"chose_seed":false,"campfire_upgraded":8,"win_rate":0,"timestamp":1542554775,"path_taken":["M","?","?","$","M","R","E","M","T","R","M","R","?","M","R","BOSS","M","M","?","$","?","R","E","R","T","?","M","?","E","$","R","BOSS","M","?","?","?","M","E","R","E","T","M","M","M","$","M","R","BOSS"],"build_version":"2018-11-15","purchased_purges":3,"victory":true,"max_hp_per_floor":[75,75,75,75,75,75,75,75,75,75,75,75,75,75,75,75,75,75,75,75,75,75,75,75,75,75,75,75,75,75,75,75,75,75,75,75,75,75,75,75,75,75,75,75,75,75,75,75,75,75],"card_choices":[{"not_picked":["Barrage","Hologram"],"picked":"Gash","floor":1},{"not_picked":["Go for the Eyes","Hello World"],"picked":"Reinforced Body","floor":5},{"not_picked":["BootSequence","Fusion"],"picked":"Conserve Battery","floor":7},{"not_picked":["Conserve Battery","Ball Lightning"],"picked":"Glacier","floor":8},{"not_picked":["Force Field","Lockon"],"picked":"Go for the Eyes","floor":11},{"not_picked":["Biased Cognition","Recycle"],"picked":"Sunder","floor":13},{"not_picked":["Ball Lightning","Heatsinks"],"picked":"Rebound","floor":14},{"not_picked":["Amplify","Hyperbeam"],"picked":"Buffer","floor":16},{"not_picked":["Storm+1","Lockon"],"picked":"Blizzard+1","floor":18},{"not_picked":["Scrape","Ball Lightning+1"],"picked":"White Noise+1","floor":19},{"not_picked":["Heatsinks","Turbo"],"picked":"Sweeping Beam+1","floor":24},{"not_picked":["Hologram","Steam Power"],"picked":"Go for the Eyes","floor":28},{"not_picked":["Rebound","Darkness"],"picked":"BootSequence+1","floor":30},{"not_picked":["Rainbow","Biased Cognition"],"picked":"Reboot","floor":33},{"not_picked":["Cold Snap+1","Leap+1"],"picked":"Sweeping Beam","floor":35},{"not_picked":["Tempest+1","Steam+1"],"picked":"Beam Cell+1","floor":36},{"not_picked":["Storm","Reinforced Body"],"picked":"Cold Snap+1","floor":38},{"not_picked":["Ball Lightning","Redo"],"picked":"Reboot","floor":39},{"not_picked":["Consume+1","Stack"],"picked":"Self Repair","floor":40},{"not_picked":["Barrage+1","Cold Snap"],"picked":"Storm+1","floor":42},{"not_picked":["Hello World","Redo"],"picked":"Self Repair","floor":44},{"not_picked":["Machine Learning","Streamline+1"],"picked":"Redo+1","floor":45},{"not_picked":["Chill","Sunder+1"],"picked":"Steam Power+1","floor":46},{"not_picked":["Loop","Static Discharge"],"picked":"Hologram","floor":48}],"player_experience":312397,"relics_obtained":[{"floor":7,"key":"Shuriken"},{"floor":9,"key":"Mummified Hand"},{"floor":20,"key":"Enchiridion"},{"floor":24,"key":"Happy Flower"},{"floor":26,"key":"Kunai"},{"floor":30,"key":"Smiling Mask"},{"floor":36,"key":"Nunchaku"},{"floor":40,"key":"Mercury Hourglass"},{"floor":42,"key":"Pantograph"},{"floor":43,"key":"Molten Egg 2"}],"event_choices":[{"cards_removed":["Strike_B"],"damage_healed":0,"gold_gain":0,"player_choice":"Card Removal","damage_taken":7,"max_hp_gain":0,"max_hp_loss":0,"event_name":"Golden Wing","floor":2,"gold_loss":0},{"cards_removed":["Defend_B"],"damage_healed":0,"gold_gain":0,"player_choice":"Purged","damage_taken":0,"max_hp_gain":0,"max_hp_loss":0,"event_name":"Purifier","floor":3,"gold_loss":0},{"damage_healed":0,"gold_gain":0,"player_choice":"Obtained Book","damage_taken":16,"max_hp_gain":0,"max_hp_loss":0,"event_name":"Cursed Tome","floor":20,"gold_loss":0},{"cards_removed":["Buffer"],"damage_healed":0,"gold_gain":0,"player_choice":"Elegance","damage_taken":0,"max_hp_gain":0,"max_hp_loss":0,"event_name":"Back to Basics","floor":22,"gold_loss":0},{"damage_healed":0,"gold_gain":0,"player_choice":"Inject Mutagens","damage_taken":0,"relics_obtained":["MutagenicStrength"],"max_hp_gain":0,"max_hp_loss":0,"event_name":"Drug Dealer","floor":27,"gold_loss":0},{"damage_healed":0,"gold_gain":0,"player_choice":"Obtained Relic","damage_taken":0,"relics_obtained":["Symbiotic Virus"],"max_hp_gain":0,"max_hp_loss":0,"event_name":"Addict","floor":29,"gold_loss":85},{"damage_healed":0,"gold_gain":0,"player_choice":"Fight","damage_taken":0,"max_hp_gain":0,"max_hp_loss":0,"event_name":"Mysterious Sphere","floor":36,"gold_loss":0},{"cards_removed":["Strike_B"],"damage_healed":0,"gold_gain":0,"player_choice":"Purged","damage_taken":0,"max_hp_gain":0,"max_hp_loss":0,"event_name":"Purifier","floor":37,"gold_loss":0}],"is_beta":false,"boss_relics":[{"not_picked":["Runic Pyramid","Ectoplasm"],"picked":"Cursed Key"},{"not_picked":["Orrery","White Beast Statue"],"picked":"Sozu"}],"items_purged_floors":[21,31,47],"is_endless":false,"potions_floor_spawned":[8,13,14,18,19,30,35,39,42,44,45,46],"ascension_level":0}