{"gold_per_floor":[143,162,162,10,23,51,51,66,66,141,141,173,187,203,203,300,300,310,325,325,4,19,19,39,65,65,76,96,96,56,75,75,180,180,198,211,49,69,69,69,81,81,104,0,0,0],"floor_reached":46,"playtime":3111,"items_purged":["Strike_R"],"score":704,"play_id":"ce537598-cd49-4b8d-9166-4712369cc3f9","local_time":"20190126222159","is_ascension_mode":true,"campfire_choices":[{"data":"Disarm","floor":7,"key":"SMITH"},{"data":"Hemokinesis","floor":11,"key":"SMITH"},{"floor":15,"key":"REST"},{"floor":23,"key":"REST"},{"floor":29,"key":"REST"},{"floor":32,"key":"REST"},{"floor":40,"key":"REST"},{"floor":45,"key":"REST"}],"neow_cost":"NONE","seed_source_timestamp":1399229115939951,"circlet_count":0,"master_deck":["AscendersBane","Strike_R","Strike_R","Strike_R","Defend_R","Defend_R","Defend_R+1","Defend_R","Bash","Armaments+1","Hemokinesis+1","Disarm+1","Thunderclap","Carnage+1","Offering","Rampage+1","Shrug It Off+1","Rupture","Flame Barrier","Combust","Sword Boomerang+1","Reaper+1"],"relics":["Burning Blood","Tiny Chest","Art of War","Molten Egg 2","Magic Flower","Busted Crown","Gremlin Horn","Singing Bowl","Question Card","Juzu Bracelet","Red Mask"],"potions_floor_usage":[6,12,12,14,25,27,33,46,46],"damage_taken":[{"damage":0,"enemies":"Small Slimes","floor":1,"turns":5},{"damage":2,"enemies":"2 Louse","floor":2,"turns":3},{"damage":5,"enemies":"Cultist","floor":5,"turns":3},{"damage":19,"enemies":"Lagavulin","floor":6,"turns":8},{"damage":6,"enemies":"Exordium Wildlife","floor":8,"turns":4},{"damage":37,"enemies":"3 Sentries","floor":12,"turns":11},{"damage":3,"enemies":"3 Louse","floor":13,"turns":3},{"damage":10,"enemies":"Lots of Slimes","floor":14,"turns":4},{"damage":43,"enemies":"Hexaghost","floor":16,"turns":12},{"damage":20,"enemies":"Spheric Guardian","floor":18,"turns":4},{"damage":9,"enemies":"Shell Parasite","floor":19,"turns":4},{"damage":15,"enemies":"3 Cultists","floor":22,"turns":4},{"damage":13,"enemies":"Chosen and Byrds","floor":24,"turns":4},{"damage":30,"enemies":"Slavers","floor":25,"turns":6},{"damage":11,"enemies":"Centurion and Healer","floor":27,"turns":4},{"damage":17,"enemies":"Shelled Parasite and Fungi","floor":28,"turns":3},{"damage":6,"enemies":"Snecko","floor":31,"turns":6},{"damage":76,"enemies":"Automaton","floor":33,"turns":11},{"damage":22,"enemies":"3 Darklings","floor":35,"turns":6},{"damage":14,"enemies":"3 Shapes","floor":36,"turns":5},{"damage":37,"enemies":"Spire Growth","floor":38,"turns":5},{"damage":48,"enemies":"3 Darklings","floor":41,"turns":6},{"damage":75,"enemies":"Maw","floor":46,"turns":7}],"seed_played":"-4048368055284114344","potions_obtained":[{"floor":1,"key":"SkillPotion"},{"floor":5,"key":"Block Potion"},{"floor":8,"key":"EssenceOfSteel"},{"floor":13,"key":"AttackPotion"},{"floor":16,"key":"SkillPotion"},{"floor":19,"key":"FearPotion"},{"floor":27,"key":"PowerPotion"},{"floor":33,"key":"SneckoOil"},{"floor":38,"key":"Energy Potion"},{"floor":41,"key":"SteroidPotion"}],"is_trial":false,"path_per_floor":["M","M","?","$","M","E","R","M","T","?","R","E","M","M","R","B",null,"M","M","?","$","M","R","M","E","T","M","M","R","?","M","R","B",null,"M","M","$","M","?","R","M","$","T","?","R","M"],"character_chosen":"IRONCLAD","items_purchased":["Hemokinesis","Inflame","Gremlin Horn","Reaper+1"],"campfire_rested":6,"item_purchase_floors":[4,21,21,37],"current_hp_per_floor":[78,80,80,80,80,67,67,67,67,59,59,28,34,33,57,23,66,55,55,55,55,49,73,69,48,48,46,40,64,64,67,82,17,67,54,49,49,35,35,60,46,46,46,46,72,0],"gold":0,"neow_bonus":"RANDOM_COMMON_RELIC","is_prod":false,"is_daily":false,"chose_seed":false,"campfire_upgraded":2,"win_rate":0,"timestamp":1548559319,"path_taken":["M","M","?","$","M","E","R","M","T","?","R","E","M","?","R","BOSS","M","M","?","$","M","R","M","E","T","M","M","R","?","M","R","BOSS","M","M","?","M","?","R","M","$","T","?","R","M"],"build_version":"2019-01-23","purchased_purges":1,"victory":false,"max_hp_per_floor":[80,80,80,80,80,80,80,80,80,80,80,80,80,80,80,80,80,80,80,80,80,80,80,80,80,80,80,82,82,82,82,82,84,84,84,84,84,86,86,86,88,88,88,88,88,88],"card_choices":[{"not_picked":["Bloodletting","Clash","Fire Breathing"],"picked":"SKIP","floor":1},{"not_picked":["Spot Weakness","Rage"],"picked":"Armaments","floor":2},{"not_picked":["Heavy Blade","Whirlwind"],"picked":"Disarm","floor":5},{"not_picked":["Brutality","Twin Strike","Hemokinesis"],"picked":"SKIP","floor":6},{"not_picked":["Flex","Fire Breathing"],"picked":"Thunderclap","floor":8},{"not_picked":["Thunderclap+1","Hemokinesis+1"],"picked":"Carnage+1","floor":12},{"not_picked":["Sword Boomerang+1","Pommel Strike+1","Clothesline+1"],"picked":"SKIP","floor":13},{"not_picked":["Searing Blow+1","Havoc","Heavy Blade+1"],"picked":"SKIP","floor":14},{"not_picked":["Berserk","Dark Embrace"],"picked":"Offering","floor":16},{"not_picked":["Wild Strike+1"],"picked":"SKIP","floor":18},{"not_picked":["Warcry"],"picked":"SKIP","floor":19},{"not_picked":[],"picked":"Rampage+1","floor":22},{"not_picked":["True Grit"],"picked":"SKIP","floor":24},{"not_picked":[],"picked":"Shrug It Off","floor":25},{"not_picked":["Corruption"],"picked":"Rupture","floor":27},{"not_picked":["Power Through","Clash+1"],"picked":"Singing Bowl","floor":28},{"not_picked":["Anger+1"],"picked":"Flame Barrier","floor":31},{"not_picked":["Feed+1","Juggernaut"],"picked":"Singing Bowl","floor":33},{"not_picked":["Havoc+1"],"picked":"Combust","floor":35},{"not_picked":["Havoc+1"],"picked":"Sword Boomerang+1","floor":36},{"not_picked":["Perfected Strike+1","Headbutt+1"],"picked":"Singing Bowl","floor":38},{"not_picked":["Headbutt+1","Sword Boomerang+1"],"picked":"Singing Bowl","floor":41}],"player_experience":496025,"relics_obtained":[{"floor":6,"key":"Art of War"},{"floor":9,"key":"Molten Egg 2"},{"floor":12,"key":"Magic Flower"},{"floor":25,"key":"Singing Bowl"},{"floor":26,"key":"Question Card"},{"floor":43,"key":"Juzu Bracelet"}],"event_choices":[{"damage_healed":0,"gold_gain":0,"player_choice":"Grow","damage_taken":0,"max_hp_gain":0,"max_hp_loss":0,"event_name":"Living Wall","floor":3,"gold_loss":0,"cards_upgraded":["Armaments"]},{"damage_healed":0,"gold_gain":75,"player_choice":"Touch","damage_taken":8,"max_hp_gain":0,"max_hp_loss":0,"event_name":"FaceTrader","floor":10,"gold_loss":0},{"cards_removed":["Strike_R"],"damage_healed":0,"gold_gain":0,"player_choice":"Elegance","damage_taken":0,"max_hp_gain":0,"max_hp_loss":0,"event_name":"Back to Basics","floor":20,"gold_loss":0},{"damage_healed":0,"gold_gain":0,"player_choice":"Upgraded Two","damage_taken":0,"max_hp_gain":0,"max_hp_loss":0,"event_name":"Designer","floor":30,"gold_loss":40,"cards_upgraded":["Shrug It Off","Defend_R"]},{"cards_removed":["Inflame"],"damage_healed":0,"gold_gain":0,"player_choice":"Removed Power","damage_taken":0,"max_hp_gain":0,"max_hp_loss":0,"event_name":"Falling","floor":39,"gold_loss":0},{"damage_healed":0,"gold_gain":0,"player_choice":"Paid","damage_taken":0,"relics_obtained":["Red Mask"],"max_hp_gain":0,"max_hp_loss":0,"event_name":"Tomb of Lord Red Mask","floor":44,"gold_loss":104}],"is_beta":false,"boss_relics":[{"not_picked":["White Beast Statue","Astrolabe"],"picked":"Busted Crown"},{"not_picked":["Calling Bell","Snecko Eye","Coffee Dripper"]}],"items_purged_floors":[4],"is_endless":false,"potions_floor_spawned":[1,5,8,13,16,19,22,27,33,38,41],"killed_by":"Maw","ascension_level":11}