{"path_per_floor":["M","?","?","?","M","E","?","M","T","$","M","M","$","E","R","B",null,"M","M","M","$","M"],"character_chosen":"IRONCLAD","items_purchased":["Spot Weakness","Apotheosis","Toolbox","Anger","Limit Break"],"gold_per_floor":[111,361,361,361,372,398,573,588,588,0,19,29,29,59,59,156,156,173,192,208,22,39,39],"floor_reached":23,"campfire_rested":1,"playtime":1908,"current_hp_per_floor":[80,80,80,80,70,34,34,25,25,25,26,23,23,18,42,23,80,63,58,52,52,36,0],"items_purged":["Regret","Regret"],"gold":39,"score":213,"play_id":"04ba7336-cfdb-426a-8198-f81a6eebd1c9","local_time":"20180414024531","is_prod":false,"is_daily":false,"chose_seed":false,"is_ascension_mode":true,"campfire_upgraded":0,"timestamp":1523688331,"path_taken":["M","?","?","?","M","E","?","?","T","$","M","M","?","E","R","BOSS","M","?","M","$","M","E"],"build_version":"2018-04-12","seed_source_timestamp":57159476206513,"purchased_purges":3,"victory":false,"master_deck":["Strike_R","Strike_R+1","Strike_R","Strike_R+1","Defend_R","Defend_R","Defend_R","Defend_R","Bash","Reckless Charge","Flame Barrier","Iron Wave","Inflame","Doubt","Evolve","Spot Weakness","Apotheosis","Anger","Ghostly Armor","Warcry","Fiend Fire","Feed","Reckless Charge","Fire Breathing","Flex","Limit Break","Heavy Blade"],"max_hp_per_floor":[80,80,80,80,80,80,80,80,80,80,80,80,80,80,80,80,80,80,80,83,83,83,83],"relics":["Burning Blood","Smiling Mask","Pen Nib","Whetstone","Toolbox","Orichalcum","Black Star"],"card_choices":[{"not_picked":["Headbutt","Flex"],"picked":"Reckless Charge","floor":0},{"not_picked":["True Grit","Sever Soul"],"picked":"Flame Barrier","floor":1},{"not_picked":["Headbutt","Havoc"],"picked":"Iron Wave","floor":5},{"not_picked":["Infernal Blade","Twin Strike"],"picked":"Inflame","floor":6},{"not_picked":["Dropkick","Combust"],"picked":"Evolve","floor":8},{"not_picked":["Battle Trance","Evolve"],"picked":"Ghostly Armor","floor":11},{"not_picked":["Cleave","Second Wind"],"picked":"Warcry","floor":12},{"not_picked":["Havoc","Carnage"],"picked":"Fiend Fire","floor":14},{"not_picked":["Immolate","Berserk"],"picked":"Feed","floor":16},{"not_picked":["Anger","Warcry"],"picked":"Reckless Charge","floor":18},{"not_picked":["Sentinel","Clash"],"picked":"Fire Breathing","floor":19},{"not_picked":["Havoc","Bloodletting"],"picked":"Flex","floor":20},{"not_picked":["Twin Strike","Clash"],"picked":"Heavy Blade","floor":22}],"player_experience":238379,"potions_floor_usage":[14,19,22,23],"damage_taken":[{"damage":3,"enemies":"Small Slimes","floor":1,"turns":3},{"damage":16,"enemies":"Cultist","floor":5,"turns":4},{"damage":42,"enemies":"Gremlin Nob","floor":6,"turns":6},{"damage":15,"enemies":"Jaw Worm","floor":8,"turns":3},{"damage":5,"enemies":"2 Fungi Beasts","floor":11,"turns":3},{"damage":9,"enemies":"Red Slaver","floor":12,"turns":3},{"damage":11,"enemies":"3 Sentries","floor":14,"turns":5},{"damage":25,"enemies":"The Guardian","floor":16,"turns":10},{"damage":23,"enemies":"Shell Parasite","floor":18,"turns":5},{"damage":11,"enemies":"Chosen","floor":19,"turns":5},{"damage":15,"enemies":"Snake Plant","floor":20,"turns":2},{"damage":22,"enemies":"Chosen and Byrds","floor":22,"turns":6},{"damage":48,"enemies":"Slavers","floor":23,"turns":3}],"event_choices":[{"event_name":"Golden Shrine","player_choice":"Desecrate","floor":2,"damage_taken":0},{"event_name":"Bonfire Elementals","player_choice":"BASIC","floor":3,"damage_taken":0},{"event_name":"Big Fish","player_choice":"Box","floor":4,"damage_taken":0},{"event_name":"Liars Game","player_choice":"agreed","floor":7,"damage_taken":0}],"boss_relics":[{"not_picked":["Lizard Tail","Orrery"],"picked":"Black Star"}],"potions_floor_spawned":[6,8,11,18,20,22],"seed_played":"-102366635752838112","killed_by":"Slavers","ascension_level":1,"is_trial":false}