{"gold_per_floor":[116,66,86,105,121,121,149,50,73,100,100,118,118,118,118,221,221,194,194],"floor_reached":19,"playtime":896,"items_purged":["Defend_G"],"score":177,"play_id":"5ec62268-fe1e-4960-a6dd-e18f8413891f","local_time":"20181117112904","is_ascension_mode":false,"campfire_choices":[{"data":"Neutralize","floor":6,"key":"SMITH"},{"floor":11,"key":"REST"},{"data":"Survivor","floor":13,"key":"SMITH"},{"data":"Deflect","floor":15,"key":"SMITH"}],"neow_cost":"NONE","seed_source_timestamp":0,"circlet_count":0,"master_deck":["Defend_G","Defend_G","Defend_G","Defend_G","Strike_G","Strike_G","Strike_G","Strike_G","Survivor+1","Neutralize+1","Slice","Dagger Spray","Backflip","Flying Knee","Tactician","Deflect+1","Deflect","Poisoned Stab","Doppelganger","Leg Sweep+1"],"special_seed":0,"relics":["Ring of the Snake","NeowsBlessing","Orichalcum","Pen Nib","Regal Pillow","Philosopher\u0027s Stone"],"potions_floor_usage":[5,5,7,16,16],"damage_taken":[{"damage":0,"enemies":"Jaw Worm","floor":1,"turns":1},{"damage":0,"enemies":"Small Slimes","floor":3,"turns":1},{"damage":0,"enemies":"2 Louse","floor":4,"turns":1},{"damage":6,"enemies":"Gremlin Gang","floor":5,"turns":4},{"damage":30,"enemies":"Lagavulin","floor":7,"turns":9},{"damage":23,"enemies":"Gremlin Nob","floor":10,"turns":5},{"damage":2,"enemies":"Exordium Thugs","floor":12,"turns":4},{"damage":30,"enemies":"The Guardian","floor":16,"turns":19},{"damage":21,"enemies":"2 Thieves","floor":18,"turns":5},{"damage":11,"enemies":"Spheric Guardian","floor":19,"turns":5}],"seed_played":"8203094722853190626","potions_obtained":[{"floor":1,"key":"Fire Potion"},{"floor":3,"key":"EssenceOfSteel"},{"floor":4,"key":"SpeedPotion"},{"floor":10,"key":"Regen Potion"},{"floor":12,"key":"Block Potion"}],"is_trial":false,"path_per_floor":["M","?","M","M","M","R","E","$","T","E","R","M","R","?","R","B",null,"M","M"],"character_chosen":"THE_SILENT","items_purchased":["Deflect"],"campfire_rested":1,"item_purchase_floors":[8],"current_hp_per_floor":[70,70,70,70,64,64,34,34,34,11,47,45,45,45,45,30,70,49,38],"gold":194,"neow_bonus":"THREE_ENEMY_KILL","is_prod":false,"is_daily":false,"chose_seed":false,"campfire_upgraded":3,"win_rate":0,"timestamp":1542450544,"path_taken":["M","?","M","M","M","R","E","$","T","E","R","M","R","?","R","BOSS","M","M"],"build_version":"2018-11-15","purchased_purges":1,"victory":false,"max_hp_per_floor":[70,70,70,70,70,70,70,70,70,70,70,70,70,70,70,70,70,70,70],"card_choices":[{"not_picked":["Riddle With Holes","Backflip"],"picked":"Slice","floor":1},{"not_picked":["Deadly Poison","Dodge and Roll"],"picked":"Dagger Spray","floor":3},{"not_picked":["Expertise","Backstab"],"picked":"Backflip","floor":4},{"not_picked":["Choke","Outmaneuver"],"picked":"Flying Knee","floor":5},{"not_picked":["Deadly Poison","Burst"],"picked":"Tactician","floor":7},{"not_picked":["Dodge and Roll","Deadly Poison"],"picked":"Deflect","floor":10},{"not_picked":["Dodge and Roll","Slice"],"picked":"Poisoned Stab","floor":12},{"not_picked":["Night Terror","Wraith Form v2"],"picked":"Doppelganger","floor":16},{"not_picked":["Deflect","Concentrate"],"picked":"Leg Sweep+1","floor":18}],"player_experience":301736,"relics_obtained":[{"floor":7,"key":"Orichalcum"},{"floor":9,"key":"Pen Nib"},{"floor":10,"key":"Regal Pillow"}],"event_choices":[{"cards_removed":["Strike_G"],"damage_healed":0,"gold_gain":0,"player_choice":"Card Removal","damage_taken":0,"max_hp_gain":0,"max_hp_loss":0,"event_name":"The Cleric","floor":2,"gold_loss":50},{"damage_healed":0,"gold_gain":0,"player_choice":"Ignored","damage_taken":0,"max_hp_gain":0,"max_hp_loss":0,"event_name":"Liars Game","floor":14,"gold_loss":0}],"is_beta":false,"boss_relics":[{"not_picked":["Busted Crown","HoveringKite"],"picked":"Philosopher\u0027s Stone"}],"items_purged_floors":[8],"is_endless":false,"potions_floor_spawned":[1,3,4,10,12],"killed_by":"Spheric Guardian","ascension_level":0}