{"gold_per_floor":[111,36,36,52,52,52,127,162,162,172,201,212,226,240,240,318,318,318,86,86,86,86,86,86,12,12,12,12,12,12,12,12,12,12,12,12,12,12,12,12,12,12,12,12,12,12,12,12,12,12],"floor_reached":51,"playtime":2407,"items_purged":["Strike_G"],"score":1204,"play_id":"3ac87511-a0a9-4606-b958-bc988e9005d3","local_time":"20190217122433","is_ascension_mode":true,"campfire_choices":[{"data":"Dagger Spray","floor":6,"key":"SMITH"},{"data":"Noxious Fumes","floor":15,"key":"SMITH"},{"data":"After Image","floor":23,"key":"SMITH"},{"floor":27,"key":"REST"},{"data":"Glass Knife","floor":29,"key":"SMITH"},{"data":"Bane","floor":32,"key":"SMITH"},{"data":"A Thousand Cuts","floor":40,"key":"SMITH"},{"floor":45,"key":"REST"},{"data":"Well Laid Plans","floor":49,"key":"SMITH"}],"neow_cost":"NONE","seed_source_timestamp":217004104408345,"circlet_count":0,"master_deck":["AscendersBane","Defend_G","Defend_G","Defend_G","Defend_G","Defend_G","Strike_G","Strike_G","Strike_G","Survivor","Neutralize+1","Dagger Spray+1","Poisoned Stab+1","Dash","Deadly Poison","Glass Knife+1","Flying Knee","Noxious Fumes+1","Acrobatics","After Image+1","Predator+1","Infinite Blades","Slice","Dodge and Roll","PiercingWail","Bane+1","Backstab+1","Dodge and Roll","A Thousand Cuts+1","Blind","Well Laid Plans+1","Blade Dance","Parasite","Cloak And Dagger+1"],"relics":["Ring of the Snake","NeowsBlessing","Gambling Chip","Kunai","Thread and Needle","Ectoplasm","Vajra","Whetstone","StoneCalendar","Sozu","Bottled Flame","Centennial Puzzle","Mango"],"potions_floor_usage":[16,16,33,41],"damage_taken":[{"damage":0,"enemies":"Jaw Worm","floor":1,"turns":1},{"damage":0,"enemies":"Small Slimes","floor":4,"turns":1},{"damage":0,"enemies":"Lagavulin","floor":8,"turns":1},{"damage":0,"enemies":"2 Louse","floor":10,"turns":3},{"damage":9,"enemies":"3 Sentries","floor":11,"turns":9},{"damage":0,"enemies":"2 Fungi Beasts","floor":12,"turns":3},{"damage":0,"enemies":"3 Louse","floor":13,"turns":4},{"damage":0,"enemies":"Looter","floor":14,"turns":3},{"damage":20,"enemies":"The Guardian","floor":16,"turns":9},{"damage":16,"enemies":"Shell Parasite","floor":18,"turns":6},{"damage":0,"enemies":"Spheric Guardian","floor":20,"turns":3},{"damage":1,"enemies":"Colosseum Slavers","floor":22,"turns":4},{"damage":7,"enemies":"Snake Plant","floor":24,"turns":5},{"damage":17,"enemies":"Slavers","floor":28,"turns":6},{"damage":1,"enemies":"3 Cultists","floor":30,"turns":5},{"damage":0,"enemies":"Shelled Parasite and Fungi","floor":31,"turns":5},{"damage":39,"enemies":"Automaton","floor":33,"turns":10},{"damage":7,"enemies":"3 Darklings","floor":35,"turns":5},{"damage":0,"enemies":"Orb Walker","floor":38,"turns":4},{"damage":0,"enemies":"Sphere and 2 Shapes","floor":41,"turns":3},{"damage":12,"enemies":"Spire Growth","floor":42,"turns":5},{"damage":0,"enemies":"Writhing Mass","floor":46,"turns":7},{"damage":0,"enemies":"4 Shapes","floor":47,"turns":7},{"damage":6,"enemies":"Nemesis","floor":48,"turns":7},{"damage":24,"enemies":"Awakened One","floor":50,"turns":15}],"seed_played":"-6203273628803520334","potions_obtained":[{"floor":4,"key":"SteroidPotion"},{"floor":10,"key":"Block Potion"},{"floor":16,"key":"SteroidPotion"},{"floor":20,"key":"SmokeBomb"},{"floor":24,"key":"Strength Potion"}],"is_trial":false,"path_per_floor":["M","$","?","M","?","R","?","E","T","M","E","M","M","M","R","B",null,"M","$","M","?","?","R","M","$","T","R","E","R","M","M","R","B",null,"M","?","?","M","T","R","M","M","T","?","R","M","M","E","R","B",null],"character_chosen":"THE_SILENT","items_purchased":["Infinite Blades","Vajra","PiercingWail","Bane"],"campfire_rested":2,"item_purchase_floors":[19,19,25,25],"current_hp_per_floor":[63,63,68,68,68,68,57,57,57,57,48,48,48,48,48,28,63,47,47,47,47,46,46,39,39,39,61,44,44,43,43,43,4,57,50,50,50,50,50,50,50,38,38,38,59,59,59,67,67,43],"gold":12,"neow_bonus":"THREE_ENEMY_KILL","is_prod":false,"is_daily":false,"chose_seed":false,"campfire_upgraded":7,"win_rate":0,"timestamp":1550402673,"path_taken":["M","$","?","M","?","R","?","E","T","M","E","M","M","M","R","BOSS","M","$","M","?","?","R","M","$","T","R","E","R","M","M","R","BOSS","M","?","?","M","?","R","M","M","T","?","R","M","M","E","R","BOSS"],"build_version":"2019-01-23","purchased_purges":1,"victory":true,"max_hp_per_floor":[70,70,75,75,75,75,75,75,75,75,75,75,75,75,75,75,75,75,75,75,75,75,75,75,75,75,75,75,75,75,75,75,75,75,75,75,75,75,75,75,75,75,75,71,71,71,71,85,85,85],"card_choices":[{"not_picked":["Blade Dance","Dagger Throw"],"picked":"Dagger Spray","floor":1},{"not_picked":["Underhanded Strike","Dagger Spray"],"picked":"Poisoned Stab","floor":4},{"not_picked":["Bane","Dodge and Roll"],"picked":"Dash","floor":8},{"not_picked":["Acrobatics","Dagger Spray"],"picked":"Deadly Poison","floor":10},{"not_picked":["Wraith Form v2","Deadly Poison"],"picked":"Glass Knife","floor":11},{"not_picked":["Masterful Stab","Dagger Throw"],"picked":"Flying Knee","floor":12},{"not_picked":["Cloak And Dagger","Acrobatics"],"picked":"Noxious Fumes","floor":13},{"not_picked":["Concentrate","Deadly Poison"],"picked":"Acrobatics","floor":14},{"not_picked":["Envenom","Wraith Form v2"],"picked":"After Image","floor":16},{"not_picked":["Sucker Punch","Dagger Spray"],"picked":"Predator","floor":18},{"not_picked":["Terror+1","Setup"],"picked":"Slice","floor":20},{"not_picked":["Quick Slash","Bane"],"picked":"Dodge and Roll","floor":24},{"not_picked":["Bane","Quick Slash+1"],"picked":"Backstab+1","floor":28},{"not_picked":["Predator","Expertise+1"],"picked":"Dodge and Roll","floor":30},{"not_picked":["Poisoned Stab+1","Dagger Spray","Heel Hook"],"picked":"SKIP","floor":31},{"not_picked":["Burst","Envenom"],"picked":"A Thousand Cuts","floor":33},{"not_picked":["Dodge and Roll","Dagger Throw","Flechettes+1"],"picked":"SKIP","floor":35},{"not_picked":["Panacea","Impatience"],"picked":"Blind","floor":37},{"not_picked":["Acrobatics+1","Prepared+1"],"picked":"Well Laid Plans","floor":38},{"not_picked":["Acrobatics","Dodge and Roll"],"picked":"Blade Dance","floor":42},{"not_picked":["Expertise","Wraith Form v2","Dagger Spray"],"picked":"SKIP","floor":46},{"not_picked":["Dagger Spray","Bane+1"],"picked":"Cloak And Dagger+1","floor":47},{"not_picked":["Dagger Spray+1","Night Terror","Infinite Blades+1"],"picked":"SKIP","floor":48}],"player_experience":668293,"relics_obtained":[{"floor":8,"key":"Gambling Chip"},{"floor":9,"key":"Kunai"},{"floor":11,"key":"Thread and Needle"},{"floor":26,"key":"Whetstone"},{"floor":28,"key":"StoneCalendar"},{"floor":39,"key":"Bottled Flame"},{"floor":43,"key":"Centennial Puzzle"},{"floor":48,"key":"Mango"}],"event_choices":[{"damage_healed":0,"gold_gain":0,"player_choice":"Donut","damage_taken":0,"max_hp_gain":5,"max_hp_loss":0,"event_name":"Big Fish","floor":3,"gold_loss":0},{"damage_healed":0,"gold_gain":0,"player_choice":"Grow","damage_taken":0,"max_hp_gain":0,"max_hp_loss":0,"event_name":"Living Wall","floor":5,"gold_loss":0,"cards_upgraded":["Neutralize"]},{"damage_healed":0,"gold_gain":75,"player_choice":"Gather Gold","damage_taken":11,"max_hp_gain":0,"max_hp_loss":0,"event_name":"World of Goop","floor":7,"gold_loss":0},{"damage_healed":0,"gold_gain":99,"player_choice":"Stole From Cult","damage_taken":0,"max_hp_gain":0,"max_hp_loss":0,"event_name":"Nest","floor":21,"gold_loss":0},{"damage_healed":0,"gold_gain":0,"player_choice":"Fight","damage_taken":0,"max_hp_gain":0,"max_hp_loss":0,"event_name":"Colosseum","floor":22,"gold_loss":0},{"damage_healed":0,"gold_gain":0,"player_choice":"Fled From Nobs","damage_taken":0,"max_hp_gain":0,"max_hp_loss":0,"event_name":"Colosseum","floor":22,"gold_loss":0},{"cards_removed":["Strike_G"],"damage_healed":0,"gold_gain":0,"player_choice":"Removed Attack","damage_taken":0,"max_hp_gain":0,"max_hp_loss":0,"event_name":"Falling","floor":36,"gold_loss":0},{"damage_healed":0,"gold_gain":0,"player_choice":"Memory 1","damage_taken":0,"max_hp_gain":0,"max_hp_loss":0,"event_name":"SensoryStone","floor":37,"gold_loss":0},{"damage_healed":0,"gold_gain":0,"player_choice":"Max HP","damage_taken":0,"max_hp_gain":0,"max_hp_loss":4,"event_name":"Winding Halls","floor":44,"gold_loss":0}],"is_beta":false,"boss_relics":[{"not_picked":["Pandora\u0027s Box","Tiny House"],"picked":"Ectoplasm"},{"not_picked":["Ring of the Serpent","Black Star"],"picked":"Sozu"}],"items_purged_floors":[2],"is_endless":false,"potions_floor_spawned":[4,10,13,16,20,22,24,28,38,46,47],"ascension_level":13}