{"gold_per_floor":[115,126,126,21,21,21,21,21,21,44,44,64,64,77,77,198,198,198,198,198,198,198,198,198,198,198,198,198,198,198,198,198,198],"floor_reached":33,"playtime":2818,"items_purged":[],"score":316,"play_id":"25c8c5c9-9889-44c1-88c4-453537b20b5c","local_time":"20190225041223","is_ascension_mode":true,"campfire_choices":[{"data":"Zap","floor":6.0,"key":"SMITH"},{"data":"Go for the Eyes","floor":8.0,"key":"SMITH"},{"floor":15.0,"key":"REST"},{"floor":23.0,"key":"REST"},{"data":"Storm","floor":25.0,"key":"SMITH"},{"floor":30,"key":"REST"},{"floor":32,"key":"REST"}],"neow_cost":"NONE","seed_source_timestamp":0,"circlet_count":0,"master_deck":["Strike_B","Strike_B","Strike_B","Defend_B","Defend_B","Defend_B","Defend_B","Zap+1","Dualcast+1","Ball Lightning","Go for the Eyes+1","Melter","Storm+1","Conserve Battery","Coolheaded","Steam","Echo Form","Hologram+1","Ball Lightning","Static Discharge","Chaos","Force Field","Rebound","Steam"],"special_seed":0,"relics":["Cracked Core","NeowsBlessing","Golden Idol","Shuriken","Ectoplasm","Red Mask","Turnip","Regal Pillow"],"potions_floor_usage":[33],"damage_taken":[{"damage":0.0,"enemies":"Cultist","floor":1.0,"turns":1.0},{"damage":0.0,"enemies":"Jaw Worm","floor":2.0,"turns":1.0},{"damage":0.0,"enemies":"Small Slimes","floor":10.0,"turns":1.0},{"damage":4.0,"enemies":"Blue Slaver","floor":12.0,"turns":2.0},{"damage":9.0,"enemies":"2 Fungi Beasts","floor":14.0,"turns":2.0},{"damage":0.0,"enemies":"Slime Boss","floor":16.0,"turns":6.0},{"damage":12.0,"enemies":"Shell Parasite","floor":18.0,"turns":5.0},{"damage":27.0,"enemies":"Masked Bandits","floor":19.0,"turns":4.0},{"damage":9.0,"enemies":"3 Byrds","floor":20.0,"turns":5.0},{"damage":8.0,"enemies":"Snake Plant","floor":24.0,"turns":3.0},{"damage":8.0,"enemies":"Centurion and Healer","floor":27.0,"turns":6.0},{"damage":0,"enemies":"Sentry and Sphere","floor":29,"turns":3},{"damage":31,"enemies":"3 Cultists","floor":31,"turns":5},{"damage":76,"enemies":"Automaton","floor":33,"turns":6}],"seed_played":"-2870647641999597288","potions_obtained":[{"floor":1.0,"key":"Weak Potion"},{"floor":10.0,"key":"Energy Potion"},{"floor":13.0,"key":"PowerPotion"},{"floor":16.0,"key":"SteroidPotion"},{"floor":18.0,"key":"FocusPotion"},{"floor":19.0,"key":"EssenceOfSteel"},{"floor":27.0,"key":"SteroidPotion"},{"floor":31,"key":"Swift Potion"}],"is_trial":false,"path_per_floor":["M","M","?","$","?","R","?","R","T","M","$","M","?","M","R","B",null,"M","?","M","?","?","R","M","R","T","M","?","M","R","M","R","B"],"character_chosen":"DEFECT","items_purchased":["Melter","Storm"],"campfire_rested":4,"item_purchase_floors":[4,4],"current_hp_per_floor":[75,75,57,57,50,50,50,50,50,50,50,46,46,37,59,59,75,63,36,27,27,27,49,41,41,41,33,33,33,70,39,75,0],"gold":198,"neow_bonus":"THREE_ENEMY_KILL","is_prod":false,"is_daily":false,"chose_seed":false,"campfire_upgraded":3,"win_rate":0,"timestamp":1551085943,"path_taken":["M","?","?","$","?","R","?","R","T","M","?","M","?","?","R","BOSS","M","?","M","?","?","R","M","R","T","M","?","M","R","M","R","BOSS"],"build_version":"2019-01-23","purchased_purges":0,"victory":false,"max_hp_per_floor":[75,75,75,75,75,75,75,75,75,75,75,75,75,75,75,75,75,75,75,75,75,75,75,75,75,75,75,75,75,75,75,75,75],"card_choices":[{"not_picked":["Barrage","Scrape"],"picked":"Ball Lightning","floor":1.0},{"not_picked":["Streamline","Lockon"],"picked":"Go for the Eyes","floor":2.0},{"not_picked":["Turbo","Streamline"],"picked":"Conserve Battery","floor":10.0},{"not_picked":["Chaos","Reprogram"],"picked":"Coolheaded","floor":12.0},{"not_picked":["FTL","Reinforced Body"],"picked":"Steam","floor":14.0},{"not_picked":["Fission","Hyperbeam"],"picked":"Echo Form","floor":16.0},{"not_picked":["Aggregate+1","Compile Driver"],"picked":"Hologram+1","floor":18.0},{"not_picked":["Lockon+1","Steam"],"picked":"Ball Lightning","floor":19.0},{"not_picked":["Redo+1","Ball Lightning"],"picked":"Static Discharge","floor":20.0},{"not_picked":["Reinforced Body","Undo"],"picked":"Chaos","floor":24.0},{"not_picked":["Hologram+1","Echo Form"],"picked":"Force Field","floor":27.0},{"not_picked":["Turbo","Compile Driver"],"picked":"Rebound","floor":29},{"not_picked":["Gash","Rebound"],"picked":"Steam","floor":31}],"player_experience":453754,"relics_obtained":[{"floor":9.0,"key":"Shuriken"},{"floor":19.0,"key":"Red Mask"},{"floor":26.0,"key":"Turnip"}],"event_choices":[{"damage_healed":0.0,"max_hp_gain":0.0,"max_hp_loss":0.0,"gold_gain":0.0,"event_name":"Golden Idol","player_choice":"Take Damage","floor":3.0,"gold_loss":0.0,"damage_taken":18.0,"relics_obtained":["Golden Idol"]},{"cards_removed":["Strike_B"],"damage_healed":0.0,"max_hp_gain":0.0,"max_hp_loss":0.0,"gold_gain":0.0,"event_name":"Golden Wing","player_choice":"Card Removal","floor":5.0,"gold_loss":0.0,"damage_taken":7.0},{"damage_healed":0.0,"max_hp_gain":0.0,"max_hp_loss":0.0,"gold_gain":0.0,"event_name":"Living Wall","player_choice":"Grow","floor":7.0,"gold_loss":0.0,"damage_taken":0.0,"cards_upgraded":["Dualcast"]},{"damage_healed":0.0,"max_hp_gain":0.0,"max_hp_loss":0.0,"gold_gain":0.0,"event_name":"Lab","player_choice":"Got Potions","floor":13.0,"gold_loss":0.0,"damage_taken":0.0},{"damage_healed":0.0,"max_hp_gain":0.0,"max_hp_loss":0.0,"gold_gain":0.0,"event_name":"Masked Bandits","player_choice":"Fought Bandits","floor":19.0,"gold_loss":0.0,"damage_taken":0.0},{"damage_healed":0.0,"max_hp_gain":0.0,"max_hp_loss":0.0,"gold_gain":0.0,"event_name":"Ghosts","player_choice":"Ignored","floor":21.0,"gold_loss":0.0,"damage_taken":0.0},{"damage_healed":0.0,"max_hp_gain":0.0,"max_hp_loss":0.0,"gold_gain":99.0,"event_name":"Nest","player_choice":"Stole From Cult","floor":22.0,"gold_loss":0.0,"damage_taken":0.0},{"damage_healed":0.0,"max_hp_gain":0.0,"max_hp_loss":0.0,"gold_gain":0.0,"event_name":"The Mausoleum","player_choice":"Opened","floor":28.0,"gold_loss":0.0,"damage_taken":0.0,"relics_obtained":["Regal Pillow"]}],"is_beta":false,"boss_relics":[{"not_picked":["Snecko Eye","Velvet Choker"],"picked":"Ectoplasm"}],"items_purged_floors":[],"is_endless":false,"potions_floor_spawned":[1,10,16,18,19,27,31],"killed_by":"Automaton","ascension_level":2}