{"gold_per_floor":[113,113,124,140,152,152,165,165,165,19,19,19,36,67,67,163,163,181,193,93,8,19,19,50,50,50,50,63,75,87,107,107,207,207,223,223,236,248,275,287,299,5,85,97,97,97,112,112,112,112],"floor_reached":50,"playtime":2877,"items_purged":["Strike_G","Strike_G","Injury"],"score":541,"play_id":"329589bd-f8b4-4660-af63-47493c635461","local_time":"20180722162158","is_ascension_mode":false,"campfire_choices":[{"data":"Footwork","floor":6.0,"key":"SMITH"},{"data":"Dagger Spray","floor":8.0,"key":"SMITH"},{"floor":12.0,"key":"REST"},{"floor":15.0,"key":"REST"},{"data":"Venomology","floor":23,"key":"SMITH"},{"floor":25,"key":"REST"},{"floor":27,"key":"REST"},{"floor":32,"key":"REST"},{"floor":40,"key":"REST"},{"floor":46,"key":"REST"},{"floor":49,"key":"REST"}],"neow_cost":"NONE","seed_source_timestamp":768775893848270,"circlet_count":0,"master_deck":["Defend_G","Defend_G","Defend_G","Defend_G","Survivor","Neutralize","A Thousand Cuts","Bane+1","Deflect","Footwork+1","Dagger Spray+1","Sucker Punch+1","Bane+1","Dash+1","Heel Hook+1","Venomology+1","Finisher+1","Dagger Spray+1","Noxious Fumes+1","Sucker Punch+1","Bane+1","Poisoned Stab+1","Dagger Throw+1","Dagger Spray+1","Venomology","Expertise+1","Unload+1","Escape Plan+1","Bane+1","Quick Slash+1","Dagger Throw+1","All Out Attack+1","Backflip","Sucker Punch+1","Flying Knee+1","Slice+1"],"special_seed":0,"relics":["Ring of the Snake","Molten Egg 2","Ginger","Velvet Choker","Kunai","Pantograph","Incense Burner","Astrolabe","MawBank","Pear"],"potions_floor_usage":[19,19,19,22,24,28,28,28,29,30,30,31,33,33,37,37,38,38,47,50,50,50,50],"damage_taken":[{"damage":3.0,"enemies":"Small Slimes","floor":1.0,"turns":6.0},{"damage":0.0,"enemies":"Cultist","floor":3.0,"turns":4.0},{"damage":0.0,"enemies":"Jaw Worm","floor":4.0,"turns":5.0},{"damage":5.0,"enemies":"3 Louse","floor":5.0,"turns":5.0},{"damage":10.0,"enemies":"Large Slime","floor":7.0,"turns":9.0},{"damage":0.0,"enemies":"2 Fungi Beasts","floor":13.0,"turns":4.0},{"damage":0.0,"enemies":"Lagavulin","floor":14.0,"turns":7.0},{"damage":13.0,"enemies":"Slime Boss","floor":16.0,"turns":9.0},{"damage":18,"enemies":"3 Byrds","floor":18,"turns":5},{"damage":8,"enemies":"Chosen","floor":19,"turns":7},{"damage":6,"enemies":"Snake Plant","floor":22,"turns":5},{"damage":37,"enemies":"Book of Stabbing","floor":24,"turns":7},{"damage":1,"enemies":"Centurion and Healer","floor":28,"turns":9},{"damage":10,"enemies":"3 Cultists","floor":29,"turns":4},{"damage":4,"enemies":"Cultist and Chosen","floor":30,"turns":5},{"damage":0,"enemies":"Snake Plant","floor":31,"turns":3},{"damage":47,"enemies":"Automaton","floor":33,"turns":9},{"damage":15,"enemies":"3 Darklings","floor":35,"turns":5},{"damage":22,"enemies":"Flame Bruiser 1 Orb","floor":37,"turns":5},{"damage":27,"enemies":"4 Shapes","floor":38,"turns":6},{"damage":39,"enemies":"Transient","floor":44,"turns":5},{"damage":22,"enemies":"Spire Growth","floor":47,"turns":5},{"damage":102,"enemies":"Donu and Deca","floor":50,"turns":8}],"seed_played":"5254937428401187517","potions_obtained":[{"floor":5.0,"key":"Swift Potion"},{"floor":7.0,"key":"SpeedPotion"},{"floor":14.0,"key":"SkillPotion"},{"floor":16.0,"key":"Explosive Potion"},{"floor":19,"key":"FairyPotion"},{"floor":24,"key":"SpeedPotion"},{"floor":29,"key":"Dexterity Potion"},{"floor":30,"key":"FearPotion"},{"floor":31,"key":"Ancient Potion"},{"floor":37,"key":"Swift Potion"}],"is_trial":false,"path_per_floor":["M","?","M","M","M","R","M","R","T","$","?","R","M","E","R","B",null,"M","M","$","?","M","R","E","R","T","R","M","M","M","M","R","B",null,"M","?","M","M","T","R","?","$","T","M","?","R","M","?","R"],"character_chosen":"THE_SILENT","items_purchased":["Sucker Punch+1","Bane+1","All Out Attack+1","Eviscerate+1","Backflip"],"campfire_rested":8,"item_purchase_floors":[10,10,42,42,42],"current_hp_per_floor":[67,67,67,67,62,62,52,52,52,52,52,70,70,70,70,57,70,52,44,44,44,38,38,1,22,22,43,42,32,28,28,49,23,70,55,55,33,6,6,27,27,27,37,7,7,31,9,9,33,0],"gold":112,"neow_bonus":"ONE_RANDOM_RARE_CARD","is_prod":false,"is_daily":false,"chose_seed":false,"campfire_upgraded":3,"win_rate":0.0,"timestamp":1532269318,"path_taken":["M","?","M","M","?","R","M","R","T","$","?","R","M","E","R","BOSS","M","M","$","?","?","R","E","R","T","R","M","M","M","M","R","BOSS","M","?","M","M","?","R","?","$","T","M","?","R","M","?","R","BOSS"],"build_version":"2018-07-19v2","purchased_purges":3,"victory":false,"max_hp_per_floor":[70,70,70,70,70,70,70,70,70,70,70,70,70,70,70,70,70,70,70,70,70,70,70,70,70,70,70,70,70,70,70,70,70,70,70,70,70,70,70,70,70,70,80,80,80,80,80,80,80,80],"card_choices":[{"not_picked":["Backflip","Escape Plan"],"picked":"Bane","floor":1.0},{"not_picked":["Prepared","Dodge and Roll"],"picked":"Deflect","floor":3.0},{"not_picked":["Underhanded Strike","Calculated Gamble","Tools of the Trade"],"picked":"SKIP","floor":4.0},{"not_picked":["Expertise","Dagger Throw"],"picked":"Footwork","floor":5.0},{"not_picked":["Dagger Throw","Acrobatics"],"picked":"Dagger Spray","floor":7.0},{"not_picked":["Expertise","Outmaneuver"],"picked":"Dash+1","floor":13.0},{"not_picked":["Tactician","Sucker Punch+1"],"picked":"Heel Hook+1","floor":14.0},{"not_picked":["Night Terror","Tools of the Trade"],"picked":"Venomology","floor":16.0},{"not_picked":["Underhanded Strike+1","Infinite Blades"],"picked":"Finisher+1","floor":18},{"not_picked":["Dodge and Roll","Dagger Throw+1"],"picked":"Dagger Spray+1","floor":19},{"not_picked":["Deflect","Dagger Spray+1"],"picked":"Noxious Fumes+1","floor":22},{"not_picked":["Quick Slash+1","Crippling Poison+1"],"picked":"Sucker Punch+1","floor":24},{"not_picked":["PiercingWail","Slice+1"],"picked":"Bane+1","floor":28},{"not_picked":["Skewer+1","All Out Attack+1"],"picked":"Poisoned Stab+1","floor":29},{"not_picked":["Deadly Poison","Skewer+1"],"picked":"Dagger Throw+1","floor":30},{"not_picked":["Tools of the Trade","Outmaneuver"],"picked":"Dagger Spray+1","floor":31},{"not_picked":["Tools of the Trade","Malaise"],"picked":"Venomology","floor":33},{"not_picked":["Endless Agony+1","Backflip+1"],"picked":"Bane+1","floor":35},{"not_picked":["Infinite Blades+1","Sucker Punch+1"],"picked":"Quick Slash+1","floor":37},{"not_picked":["Crippling Poison","PiercingWail+1"],"picked":"Dagger Throw+1","floor":38},{"not_picked":["Deflect","Catalyst+1"],"picked":"Sucker Punch+1","floor":44},{"not_picked":["Finisher+1","Infinite Blades+1"],"picked":"Flying Knee+1","floor":47}],"player_experience":10210,"relics_obtained":[{"floor":9.0,"key":"Molten Egg 2"},{"floor":14.0,"key":"Ginger"},{"floor":24,"key":"Pantograph"},{"floor":26,"key":"Incense Burner"},{"floor":39,"key":"MawBank"},{"floor":43,"key":"Pear"}],"event_choices":[{"event_name":"Accursed Blacksmith","player_choice":"Forge","floor":2.0,"damage_taken":0.0},{"event_name":"The Cleric","player_choice":"Leave","floor":11.0,"damage_taken":0.0},{"event_name":"Addict","player_choice":"Obtained Relic","floor":21,"damage_taken":0},{"event_name":"Falling","player_choice":"Removed Skill","floor":36,"damage_taken":0},{"event_name":"The Moai Head","player_choice":"Ignored","floor":41,"damage_taken":0},{"event_name":"Tomb of Lord Red Mask","player_choice":"Ignored","floor":45,"damage_taken":0},{"event_name":"Transmorgrifier","player_choice":"Transform","floor":48,"damage_taken":0}],"is_beta":false,"boss_relics":[{"not_picked":["Lizard Tail","Ring of the Serpent"],"picked":"Velvet Choker"},{"not_picked":["Busted Crown","Snecko Eye"],"picked":"Astrolabe"}],"items_purged_floors":[10,20,42],"is_endless":false,"potions_floor_spawned":[5,7,14,16,19,24,29,30,31,35,37,47],"killed_by":"Donu and Deca","ascension_level":0}