{"gold_per_floor":[118,118,128,140,140,140,155,178,178,212,212,212,235,270,270,401,401,416,440,454,454],"floor_reached":21,"playtime":974,"items_purged":[],"score":193,"play_id":"818acab3-8a96-481c-869b-610a31eef0e5","local_time":"20181001143503","is_ascension_mode":false,"campfire_choices":[{"data":"Neutralize","floor":6,"key":"SMITH"},{"floor":12,"key":"REST"},{"floor":15,"key":"REST"}],"neow_cost":"NONE","seed_source_timestamp":14684720157042,"circlet_count":0,"master_deck":["Defend_G","Defend_G","Defend_G","Defend_G","Defend_G","Strike_G","Strike_G+1","Strike_G","Strike_G","Strike_G","Survivor","Neutralize+1","Well Laid Plans","Dagger Spray","Slice+1","Backflip","Injury","Prepared","Slice","Dagger Throw","Deflect","Blade Dance","Quick Slash","Caltrops"],"relics":["Ring of the Snake","Mercury Hourglass","Golden Idol","Question Card","Dodecahedron","The Specimen","Sozu"],"potions_floor_usage":[14,16],"damage_taken":[{"damage":10,"enemies":"2 Louse","floor":1,"turns":4},{"damage":0,"enemies":"Cultist","floor":3,"turns":4},{"damage":0,"enemies":"Jaw Worm","floor":4,"turns":3},{"damage":0,"enemies":"Looter","floor":7,"turns":4},{"damage":4,"enemies":"Exordium Thugs","floor":8,"turns":5},{"damage":18,"enemies":"3 Sentries","floor":10,"turns":5},{"damage":0,"enemies":"Lots of Slimes","floor":13,"turns":1},{"damage":13,"enemies":"Lagavulin","floor":14,"turns":5},{"damage":41,"enemies":"The Guardian","floor":16,"turns":16},{"damage":5,"enemies":"3 Byrds","floor":18,"turns":4},{"damage":20,"enemies":"Chosen","floor":19,"turns":6},{"damage":17,"enemies":"Snake Plant","floor":20,"turns":6},{"damage":33,"enemies":"Snecko","floor":21,"turns":6}],"seed_played":"2712055109010041009","potions_obtained":[{"floor":1,"key":"Poison Potion"},{"floor":13,"key":"SteroidPotion"},{"floor":14,"key":"FearPotion"},{"floor":16,"key":"Swift Potion"}],"is_trial":false,"path_per_floor":["M","?","M","M","?","R","M","M","T","E","?","R","M","E","R","B",null,"M","M","M"],"character_chosen":"THE_SILENT","items_purchased":[],"campfire_rested":2,"item_purchase_floors":[],"current_hp_per_floor":[60,60,60,60,60,60,60,56,56,38,24,45,45,32,53,12,70,65,45,28,0],"gold":454,"neow_bonus":"THREE_CARDS","is_prod":false,"is_daily":false,"chose_seed":false,"campfire_upgraded":1,"win_rate":0,"timestamp":1538397303,"path_taken":["M","?","M","M","?","R","M","M","T","E","?","R","?","E","R","BOSS","M","M","M","M"],"build_version":"2018-09-27","purchased_purges":0,"victory":false,"max_hp_per_floor":[70,70,70,70,70,70,70,70,70,70,70,70,70,70,70,70,70,70,70,70,70],"card_choices":[{"not_picked":["Backflip","Catalyst"],"picked":"Well Laid Plans","floor":0},{"not_picked":["Skewer","Bouncing Flask"],"picked":"Dagger Spray","floor":1},{"not_picked":["Catalyst","Caltrops"],"picked":"Slice","floor":3},{"not_picked":["Dash","Cloak And Dagger"],"picked":"Backflip","floor":4},{"not_picked":["Backflip","Reflex"],"picked":"Prepared","floor":7},{"not_picked":["Prepared","Concentrate"],"picked":"Slice","floor":8},{"not_picked":["Reflex","Cloak And Dagger","Outmaneuver"],"picked":"Dagger Throw","floor":10},{"not_picked":["Acrobatics","Dagger Spray","Flying Knee"],"picked":"Deflect","floor":13},{"not_picked":["Envenom","Dodge and Roll","Crippling Poison"],"picked":"Blade Dance","floor":14},{"not_picked":["Flying Knee","Dagger Throw","Heel Hook"],"picked":"Quick Slash","floor":18},{"not_picked":["Backflip","Catalyst+1","Deflect","Heel Hook"],"picked":"SKIP","floor":19},{"not_picked":["Dagger Throw","Expertise","Setup"],"picked":"Caltrops","floor":20}],"player_experience":175032,"relics_obtained":[{"floor":9,"key":"Question Card"},{"floor":10,"key":"Dodecahedron"},{"floor":14,"key":"The Specimen"}],"event_choices":[{"event_name":"WeMeetAgain","player_choice":"Potion","floor":2,"damage_taken":0},{"event_name":"Golden Idol","player_choice":"Take Wound","floor":5,"damage_taken":0},{"event_name":"Shining Light","player_choice":"Entered Light","floor":11,"damage_taken":0}],"is_beta":false,"boss_relics":[{"not_picked":["Tiny House","HoveringKite"],"picked":"Sozu"}],"items_purged_floors":[],"is_endless":false,"potions_floor_spawned":[1,13,14,16,19],"killed_by":"Snecko","ascension_level":0}