{"gold_per_floor":[10,10,24,92,105,105,431,441,441,473,473,548,583,46,46,144,144,160,210,229,194,44,44,61,61,88,101,129,179,229,256,256,354,354,368,379,444,463,513,544,544,571,571,193,243,255,305,333,333,333],"floor_reached":50,"playtime":4890,"items_purged":["Strike_B","Strike_B","Defend_B"],"score":791,"play_id":"00479e30-1a61-422a-bebf-70816dfd135f","local_time":"20190105110510","is_ascension_mode":true,"campfire_choices":[{"data":"Chaos","floor":6.0,"key":"SMITH"},{"data":"Loop","floor":15.0,"key":"SMITH"},{"data":"Genetic Algorithm","floor":23.0,"key":"SMITH"},{"floor":25,"key":"REST"},{"floor":32,"key":"REST"},{"data":"Buffer","floor":41,"key":"SMITH"},{"floor":49,"key":"RECALL"}],"neow_cost":"NO_GOLD","seed_source_timestamp":1171085698877974,"circlet_count":0,"master_deck":["Defend_B","Defend_B","Zap","Dualcast","Core Surge","Auto Shields","Chill","Chaos+1","Conserve Battery","Genetic Algorithm+1","Genetic Algorithm","Loop+1","Redo","Electrodynamics","Cold Snap","Heatsinks","Consume+1","White Noise","Reboot","Buffer+1","Apotheosis","Mayhem","Bandage Up","Madness","Madness"],"special_seed":0,"relics":["Cracked Core","SsserpentHead","Old Coin","Bottled Flame","Omamori","Smiling Mask","WingedGreaves","MealTicket","Matryoshka","White Beast Statue","Nilry\u0027s Codex","Mummified Hand","DataDisk","Molten Egg 2","Strawberry","Orichalcum","Emotion Chip","Velvet Choker","Darkstone Periapt","Centennial Puzzle","MawBank","Bronze Scales","OrangePellets","Bottled Lightning"],"potions_floor_usage":[28,28,31,35,38,42],"damage_taken":[{"damage":3.0,"enemies":"Small Slimes","floor":1.0,"turns":3.0},{"damage":0.0,"enemies":"Cultist","floor":3.0,"turns":2.0},{"damage":1.0,"enemies":"Jaw Worm","floor":4.0,"turns":2.0},{"damage":6.0,"enemies":"Blue Slaver","floor":5.0,"turns":3.0},{"damage":22.0,"enemies":"Lagavulin","floor":7.0,"turns":6.0},{"damage":0.0,"enemies":"Large Slime","floor":8.0,"turns":6.0},{"damage":21.0,"enemies":"3 Sentries","floor":10.0,"turns":11.0},{"damage":11.0,"enemies":"Lagavulin","floor":13.0,"turns":6.0},{"damage":15.0,"enemies":"The Guardian","floor":16.0,"turns":16.0},{"damage":7.0,"enemies":"Chosen","floor":18.0,"turns":7.0},{"damage":5.0,"enemies":"Spheric Guardian","floor":20.0,"turns":4.0},{"damage":12,"enemies":"Cultist and Chosen","floor":24,"turns":6},{"damage":8,"enemies":"Centurion and Healer","floor":27,"turns":9},{"damage":13,"enemies":"Book of Stabbing","floor":28,"turns":8},{"damage":20,"enemies":"Gremlin Leader","floor":31,"turns":8},{"damage":16,"enemies":"Collector","floor":33,"turns":14},{"damage":1,"enemies":"Orb Walker","floor":35,"turns":6},{"damage":9,"enemies":"3 Darklings","floor":36,"turns":2},{"damage":0,"enemies":"Sphere and 2 Shapes","floor":37,"turns":4},{"damage":9,"enemies":"Jaw Worm Horde","floor":38,"turns":4},{"damage":3,"enemies":"Giant Head","floor":40,"turns":9},{"damage":18,"enemies":"Reptomancer","floor":42,"turns":9},{"damage":5,"enemies":"Spire Growth","floor":46,"turns":6},{"damage":0,"enemies":"Giant Head","floor":48,"turns":11},{"damage":49,"enemies":"Awakened One","floor":50,"turns":14}],"seed_played":"-4890386677481974555","potions_obtained":[{"floor":1.0,"key":"Block Potion"},{"floor":3.0,"key":"Explosive Potion"},{"floor":8.0,"key":"LiquidBronze"},{"floor":10.0,"key":"PowerPotion"},{"floor":13.0,"key":"GamblersBrew"},{"floor":18.0,"key":"Poison Potion"},{"floor":20.0,"key":"LiquidBronze"},{"floor":24,"key":"EssenceOfSteel"},{"floor":27,"key":"Energy Potion"},{"floor":28,"key":"AttackPotion"},{"floor":31,"key":"Fire Potion"},{"floor":33,"key":"Fruit Juice"},{"floor":35,"key":"Block Potion"},{"floor":36,"key":"FocusPotion"},{"floor":38,"key":"Block Potion"},{"floor":42,"key":"LiquidBronze"},{"floor":48,"key":"FocusPotion"}],"is_trial":false,"path_per_floor":["M","?","M","M","M","R","E","M","T","E","?","T","E","$","R","B",null,"M","?","M","?","$","R","M","R","T","M","E","?","?","E","R","B",null,"M","M","M","M","?","E","R","E","T","$","?","M","?","E","R","B"],"character_chosen":"DEFECT","items_purchased":["MealTicket","Matryoshka","Regen Potion","DataDisk","Bronze Scales","OrangePellets"],"campfire_rested":2,"item_purchase_floors":[14,14,14,22,44,44],"current_hp_per_floor":[72,72,72,71,65,65,43,43,43,22,22,22,11,11,11,11,59,52,36,31,31,31,31,19,41,48,40,27,27,27,7,31,15,65,69,60,60,51,41,44,44,32,32,42,42,43,32,36,36,0],"gold":333,"neow_bonus":"THREE_RARE_CARDS","is_prod":false,"is_daily":false,"chose_seed":false,"campfire_upgraded":4,"win_rate":0,"timestamp":1546707910,"path_taken":["M","?","M","?","M","R","E","M","T","E","?","?","E","?","R","BOSS","M","?","M","?","?","R","M","R","T","M","E","?","?","E","R","BOSS","M","M","?","M","?","E","R","E","T","$","?","M","?","E","R","BOSS"],"build_version":"2019-01-03v4","purchased_purges":3,"victory":false,"max_hp_per_floor":[75,75,75,75,75,75,75,75,75,75,75,75,75,75,75,75,75,75,75,75,75,75,75,75,75,82,82,82,82,82,82,82,82,82,87,87,87,87,87,87,87,87,87,87,87,87,87,87,87,87],"card_choices":[{"not_picked":["Fission","All For One"],"picked":"Core Surge","floor":0.0},{"not_picked":["Double Energy","Streamline"],"picked":"Auto Shields","floor":1.0},{"not_picked":["Cold Snap","Turbo"],"picked":"Chill","floor":3.0},{"not_picked":["Stack","Hologram"],"picked":"Chaos","floor":4.0},{"not_picked":["Redo","Cold Snap"],"picked":"Conserve Battery","floor":5.0},{"not_picked":["Sweeping Beam","Chaos"],"picked":"Genetic Algorithm","floor":7.0},{"not_picked":["Streamline","Fusion"],"picked":"Genetic Algorithm","floor":8.0},{"not_picked":["Coolheaded","Rebound"],"picked":"Loop","floor":10.0},{"not_picked":["Stack","Rebound"],"picked":"Redo","floor":13.0},{"not_picked":["Seek","Core Surge"],"picked":"Electrodynamics","floor":16.0},{"not_picked":["Tempest+1","Rebound","Steam"],"picked":"SKIP","floor":18.0},{"not_picked":["Redo","White Noise"],"picked":"Cold Snap","floor":20.0},{"not_picked":["Heatsinks","Turbo","Stack"],"picked":"SKIP","floor":24},{"not_picked":["Turbo","Stack"],"picked":"Heatsinks","floor":24},{"not_picked":["Conserve Battery","Aggregate","Beam Cell+1"],"picked":"SKIP","floor":27},{"not_picked":["Reprogram","Lockon+1"],"picked":"Consume","floor":28},{"not_picked":["Sweeping Beam+1","Force Field","Tempest+1"],"picked":"SKIP","floor":31},{"not_picked":["Amplify","Rainbow"],"picked":"Buffer","floor":33},{"not_picked":["Conserve Battery+1","Sweeping Beam+1","Coolheaded+1"],"picked":"SKIP","floor":35},{"not_picked":["Recycle","Sweeping Beam+1","Chaos+1"],"picked":"SKIP","floor":36},{"not_picked":["Double Energy+1","Gash+1","Static Discharge"],"picked":"SKIP","floor":37},{"not_picked":["Fusion+1","Recycle+1","Sweeping Beam+1"],"picked":"SKIP","floor":38},{"not_picked":["Panacea","Transmutation"],"picked":"Apotheosis","floor":39},{"not_picked":["Thinking Ahead","Swift Strike+1"],"picked":"Mayhem","floor":39},{"not_picked":["PanicButton","Panache"],"picked":"Bandage Up","floor":39},{"not_picked":["Blizzard+1","FTL+1","Barrage+1"],"picked":"SKIP","floor":40},{"not_picked":["Beam Cell+1","Machine Learning","Sweeping Beam+1"],"picked":"SKIP","floor":42},{"not_picked":["Hello World","Melter+1","Tempest+1"],"picked":"SKIP","floor":46},{"not_picked":["Doom and Gloom+1","Reinforced Body+1","FTL+1"],"picked":"SKIP","floor":48}],"player_experience":467931,"relics_obtained":[{"floor":7.0,"key":"Old Coin"},{"floor":9.0,"key":"Bottled Flame"},{"floor":10.0,"key":"Omamori"},{"floor":12.0,"key":"Smiling Mask"},{"floor":13.0,"key":"WingedGreaves"},{"floor":19.0,"key":"Nilry\u0027s Codex"},{"floor":26,"key":"Molten Egg 2"},{"floor":26,"key":"Strawberry"},{"floor":28,"key":"Orichalcum"},{"floor":31,"key":"Emotion Chip"},{"floor":40,"key":"Darkstone Periapt"},{"floor":42,"key":"Centennial Puzzle"},{"floor":43,"key":"MawBank"},{"floor":48,"key":"Bottled Lightning"}],"event_choices":[{"damage_healed":0.0,"max_hp_gain":0.0,"max_hp_loss":0.0,"gold_gain":0.0,"event_name":"FaceTrader","player_choice":"Trade","floor":2.0,"gold_loss":0.0,"damage_taken":0.0,"relics_obtained":["SsserpentHead"]},{"cards_removed":["Strike_B"],"damage_healed":0.0,"max_hp_gain":0.0,"max_hp_loss":0.0,"gold_gain":0.0,"event_name":"The Cleric","player_choice":"Card Removal","floor":11.0,"gold_loss":50.0,"damage_taken":0.0},{"damage_healed":0.0,"max_hp_gain":0.0,"max_hp_loss":0.0,"gold_gain":0.0,"event_name":"Cursed Tome","player_choice":"Obtained Book","floor":19.0,"gold_loss":0.0,"damage_taken":16.0},{"damage_healed":0.0,"max_hp_gain":0.0,"max_hp_loss":0.0,"gold_gain":0.0,"event_name":"Addict","player_choice":"Obtained Relic","floor":21.0,"gold_loss":85.0,"damage_taken":0.0,"relics_obtained":["Mummified Hand"]},{"damage_healed":0,"gold_gain":0,"cards_transformed":["Defend_B","Strike_B"],"player_choice":"Became Test Subject","damage_taken":0,"max_hp_gain":0,"max_hp_loss":0,"event_name":"Drug Dealer","floor":29,"gold_loss":0,"cards_obtained":["White Noise","Reboot"]},{"damage_healed":0,"gold_gain":0,"player_choice":"Upgraded","damage_taken":0,"max_hp_gain":0,"max_hp_loss":0,"event_name":"Upgrade Shrine","floor":30,"gold_loss":0,"cards_upgraded":["Consume"]},{"damage_healed":0,"gold_gain":0,"player_choice":"Memory 3","damage_taken":10,"max_hp_gain":0,"max_hp_loss":0,"event_name":"SensoryStone","floor":39,"gold_loss":0},{"damage_healed":0,"gold_gain":0,"player_choice":"Ignored","damage_taken":0,"max_hp_gain":0,"max_hp_loss":0,"event_name":"The Moai Head","floor":45,"gold_loss":0},{"damage_healed":0,"gold_gain":0,"player_choice":"Embrace Madness","damage_taken":11,"max_hp_gain":0,"max_hp_loss":0,"event_name":"Winding Halls","floor":47,"gold_loss":0,"cards_obtained":["Madness","Madness"]}],"is_beta":false,"boss_relics":[{"not_picked":["FrozenCore","Astrolabe"],"picked":"White Beast Statue"},{"not_picked":["Tiny House","Eternal Feather"],"picked":"Velvet Choker"}],"items_purged_floors":[14,22,44],"is_endless":false,"potions_floor_spawned":[1,3,8,10,13,18,20,24,27,28,31,33,35,36,37,38,40,42,46,48],"killed_by":"Awakened One","ascension_level":5}