{"gold_per_floor":[114,131,146,162,1,1,34,34,85,85,102,132,132,152,152,257,257,277,289,300,148,73,73,89,89,138,153,153,153,169,187,187,289,289,301,319,419,439,439,467,467,484,532,532,47,47,7,42,42,42],"floor_reached":51,"playtime":3599,"items_purged":["Strike_B","Doubt"],"score":948,"play_id":"ae12d1fe-86ed-4567-bbb0-0bf5e7678791","local_time":"20190301175642","is_ascension_mode":true,"campfire_choices":[{"data":"Zap","floor":6,"key":"SMITH"},{"floor":10,"key":"REST"},{"data":"Biased Cognition","floor":13,"key":"SMITH"},{"data":"Panacea","floor":15,"key":"SMITH"},{"data":"Creative AI","floor":23,"key":"SMITH"},{"data":"Dualcast","floor":28,"key":"SMITH"},{"floor":32,"key":"REST"},{"floor":41,"key":"REST"},{"floor":46,"key":"REST"},{"floor":49,"key":"REST"}],"neow_cost":"TEN_PERCENT_HP_LOSS","seed_source_timestamp":258644527427175,"circlet_count":0,"master_deck":["Strike_B","Strike_B","Strike_B","Defend_B","Defend_B","Defend_B","Zap+1","Dualcast+1","BootSequence","Rebound","Go for the Eyes","Sweeping Beam","Compile Driver","Panacea+1","Biased Cognition+1","Go for the Eyes","Chill","Coolheaded","Creative AI+1","FTL","Compile Driver+1","Loop","Hologram","Hologram+1","Core Surge","Redo+1","Leap","Recycle","Undo","Melter"],"relics":["Cracked Core","Emotion Chip","Cables","Oddly Smooth Stone","Odd Mushroom","Busted Crown","Bag of Marbles","Prayer Wheel","Cursed Key","Gambling Chip","Ancient Tea Set","Potion Belt","PreservedInsect","Shuriken"],"potions_floor_usage":[7,33,38,42,50,50,50,50],"damage_taken":[{"damage":1,"enemies":"Cultist","floor":1,"turns":3},{"damage":0,"enemies":"Jaw Worm","floor":2,"turns":3},{"damage":0,"enemies":"2 Louse","floor":3,"turns":2},{"damage":8,"enemies":"Blue Slaver","floor":4,"turns":3},{"damage":20,"enemies":"3 Sentries","floor":7,"turns":6},{"damage":2,"enemies":"Looter","floor":11,"turns":3},{"damage":1,"enemies":"The Mushroom Lair","floor":12,"turns":4},{"damage":0,"enemies":"Large Slime","floor":14,"turns":6},{"damage":10,"enemies":"The Guardian","floor":16,"turns":9},{"damage":16,"enemies":"3 Byrds","floor":18,"turns":6},{"damage":0,"enemies":"Chosen","floor":19,"turns":6},{"damage":0,"enemies":"Centurion and Healer","floor":20,"turns":7},{"damage":18,"enemies":"Chosen and Byrds","floor":24,"turns":6},{"damage":3,"enemies":"3 Cultists","floor":27,"turns":5},{"damage":11,"enemies":"Snake Plant","floor":30,"turns":4},{"damage":0,"enemies":"Chosen and Byrds","floor":31,"turns":4},{"damage":8,"enemies":"Collector","floor":33,"turns":11},{"damage":2,"enemies":"3 Darklings","floor":35,"turns":6},{"damage":6,"enemies":"3 Shapes","floor":36,"turns":6},{"damage":1,"enemies":"Mind Bloom Boss Battle","floor":37,"turns":6},{"damage":9,"enemies":"Maw","floor":38,"turns":7},{"damage":18,"enemies":"Nemesis","floor":40,"turns":7},{"damage":44,"enemies":"Writhing Mass","floor":42,"turns":5},{"damage":0,"enemies":"Giant Head","floor":48,"turns":8},{"damage":25,"enemies":"Donu and Deca","floor":50,"turns":6}],"seed_played":"1744578276956543675","potions_obtained":[{"floor":1,"key":"AttackPotion"},{"floor":2,"key":"Dexterity Potion"},{"floor":12,"key":"FearPotion"},{"floor":20,"key":"EssenceOfSteel"},{"floor":33,"key":"FocusPotion"},{"floor":35,"key":"Fire Potion"},{"floor":42,"key":"Energy Potion"}],"is_trial":false,"path_per_floor":["M","M","M","M","$","R","E","$","T","R","M","?","R","M","R","B",null,"M","M","M","$","?","R","M","?","T","M","R","T","M","M","R","B",null,"M","M","?","M","?","E","R","M","T","?","$","R","$","E","R","B",null],"character_chosen":"DEFECT","items_purchased":["Compile Driver","Panacea","Fire Potion","Loop","Fire Potion","Fire Potion","PowerPotion","PreservedInsect","Recycle","Undo"],"campfire_rested":5,"item_purchase_floors":[5,5,5,21,45,45,45,45,45,47],"current_hp_per_floor":[67,67,67,59,59,59,39,39,39,59,57,56,56,56,56,46,63,47,47,47,47,47,47,29,51,51,48,48,48,37,37,57,49,63,61,55,54,45,45,27,47,3,3,3,3,23,23,23,43,18],"gold":42,"neow_bonus":"ONE_RARE_RELIC","is_prod":false,"is_daily":false,"chose_seed":false,"campfire_upgraded":5,"win_rate":0,"timestamp":1551459402,"path_taken":["M","M","?","M","$","R","E","$","T","R","?","?","R","M","R","BOSS","M","M","M","$","?","R","M","?","T","M","R","?","M","M","R","BOSS","M","M","?","M","?","E","R","M","T","?","$","R","?","E","R","BOSS"],"build_version":"2019-01-23","purchased_purges":2,"victory":true,"max_hp_per_floor":[68,68,68,68,68,68,68,68,68,68,68,68,68,68,68,68,68,68,68,68,68,68,68,68,68,68,68,68,68,68,68,68,68,68,68,68,68,68,68,68,68,68,68,68,68,68,68,68,68,68],"card_choices":[{"not_picked":["Hologram","Storm"],"picked":"BootSequence","floor":1},{"not_picked":["Hello World","Reinforced Body"],"picked":"Rebound","floor":2},{"not_picked":["Conserve Battery","Steam"],"picked":"Go for the Eyes","floor":3},{"not_picked":["Streamline","Redo"],"picked":"Sweeping Beam","floor":4},{"not_picked":["Machine Learning","Tempest"],"picked":"Biased Cognition","floor":7},{"not_picked":["Compile Driver","Static Discharge"],"picked":"Go for the Eyes","floor":11},{"not_picked":["Steam","Barrage"],"picked":"Chill","floor":12},{"not_picked":["Rebound","Scrape"],"picked":"Coolheaded","floor":14},{"not_picked":["Thunder Strike","Rainbow"],"picked":"Creative AI","floor":16},{"not_picked":[],"picked":"FTL","floor":18},{"not_picked":[],"picked":"Compile Driver+1","floor":19},{"not_picked":["Beam Cell"],"picked":"SKIP","floor":20},{"not_picked":[],"picked":"Hologram","floor":24},{"not_picked":[],"picked":"Hologram+1","floor":27},{"not_picked":["Sunder"],"picked":"SKIP","floor":30},{"not_picked":["Coolheaded"],"picked":"SKIP","floor":30},{"not_picked":["Static Discharge"],"picked":"SKIP","floor":31},{"not_picked":["All For One"],"picked":"SKIP","floor":31},{"not_picked":[],"picked":"Core Surge","floor":33},{"not_picked":["Streamline+1"],"picked":"SKIP","floor":35},{"not_picked":["Ball Lightning+1"],"picked":"SKIP","floor":35},{"not_picked":[],"picked":"Redo+1","floor":36},{"not_picked":["Stack"],"picked":"SKIP","floor":36},{"not_picked":["Go for the Eyes"],"picked":"SKIP","floor":38},{"not_picked":["Fusion+1"],"picked":"SKIP","floor":38},{"not_picked":["Fusion+1"],"picked":"SKIP","floor":40},{"not_picked":[],"picked":"Leap","floor":42},{"not_picked":["Compile Driver"],"picked":"SKIP","floor":42},{"not_picked":[],"picked":"Melter","floor":48}],"player_experience":806544,"relics_obtained":[{"floor":7,"key":"Cables"},{"floor":9,"key":"Oddly Smooth Stone"},{"floor":12,"key":"Odd Mushroom"},{"floor":26,"key":"Bag of Marbles"},{"floor":29,"key":"Prayer Wheel"},{"floor":37,"key":"Gambling Chip"},{"floor":40,"key":"Ancient Tea Set"},{"floor":43,"key":"Potion Belt"},{"floor":48,"key":"Shuriken"}],"event_choices":[{"damage_healed":0,"gold_gain":0,"player_choice":"Fought Mushrooms","damage_taken":0,"max_hp_gain":0,"max_hp_loss":0,"event_name":"Mushrooms","floor":12,"gold_loss":0},{"cards_removed":["Defend_B"],"damage_healed":0,"gold_gain":0,"player_choice":"Gave Gold","damage_taken":0,"max_hp_gain":0,"max_hp_loss":0,"event_name":"Beggar","floor":22,"gold_loss":75},{"damage_healed":22,"gold_gain":0,"player_choice":"Heal","damage_taken":0,"max_hp_gain":0,"max_hp_loss":0,"event_name":"The Library","floor":25,"gold_loss":0},{"damage_healed":0,"gold_gain":0,"player_choice":"Fight","damage_taken":0,"max_hp_gain":0,"max_hp_loss":0,"event_name":"MindBloom","floor":37,"gold_loss":0},{"damage_healed":0,"gold_gain":0,"player_choice":"Ignored","damage_taken":0,"max_hp_gain":0,"max_hp_loss":0,"event_name":"Mysterious Sphere","floor":39,"gold_loss":0},{"damage_healed":0,"gold_gain":0,"player_choice":"Ignored","damage_taken":0,"max_hp_gain":0,"max_hp_loss":0,"event_name":"Tomb of Lord Red Mask","floor":44,"gold_loss":0}],"is_beta":false,"boss_relics":[{"not_picked":["White Beast Statue","Calling Bell"],"picked":"Busted Crown"},{"not_picked":["Orrery","Tiny House"],"picked":"Cursed Key"}],"items_purged_floors":[21,45],"is_endless":false,"potions_floor_spawned":[1,2,12,16,20,24,27,31,33,35,37,42],"ascension_level":7}