{"path_per_floor":["M","?","M","?","?","E","M","M","T","R","M","M","R","E","R","B",null,"M","?","$","M"],"character_chosen":"IRONCLAD","items_purchased":["Dead Branch"],"gold_per_floor":[115,115,131,131,81,113,123,136,161,161,174,191,191,221,221,320,320,335,335,49,65],"floor_reached":22,"campfire_rested":2,"playtime":1905,"current_hp_per_floor":[80,64,63,51,51,41,47,46,46,70,69,59,59,41,67,26,87,53,53,53,52],"items_purged":[],"gold":65,"score":196,"play_id":"efe92314-5840-4914-af91-e30e2015a669","local_time":"20180322025056","is_prod":false,"is_daily":false,"is_ascension_mode":false,"campfire_upgraded":1,"timestamp":1521701456,"path_taken":["M","?","M","?","?","E","?","M","T","R","M","M","R","E","R","BOSS","M","?","$","M","M"],"build_version":"2018-03-15v3","purchased_purges":0,"victory":false,"master_deck":["Strike_R","Strike_R","Strike_R+1","Strike_R","Defend_R","Defend_R+1","Defend_R","Defend_R","Bash","Decay","Immolate","Clothesline","Headbutt","Shockwave","Disarm","Inflame","Hemokinesis","Rupture+1","Dropkick","Limit Break","Armaments","Feel No Pain"],"max_hp_per_floor":[80,80,80,80,80,80,80,80,80,80,80,80,80,87,87,87,87,87,87,87,87],"relics":["Black Blood","Dodecahedron","Paper Frog","Art of War","Strawberry","Dead Branch"],"card_choices":[{"not_picked":["Limit Break","Fiend Fire"],"picked":"Immolate"},{"not_picked":["Entrench","Pommel Strike"],"picked":"Clothesline"},{"not_picked":["Pommel Strike","Body Slam"],"picked":"Headbutt"},{"not_picked":["Twin Strike","Havoc"],"picked":"Shockwave"},{"not_picked":["Pommel Strike","Entrench"],"picked":"Disarm"},{"not_picked":["Carnage","Disarm"],"picked":"Inflame"},{"not_picked":["Perfected Strike","Clothesline"],"picked":"Hemokinesis"},{"not_picked":["Whirlwind","Uppercut"],"picked":"Rupture"},{"not_picked":["Intimidate","Sword Boomerang"],"picked":"Dropkick"},{"not_picked":["Reaper","Juggernaut"],"picked":"Limit Break"},{"not_picked":["Twin Strike","Uppercut"],"picked":"Armaments"},{"not_picked":["Heavy Blade","Twin Strike"],"picked":"Feel No Pain"}],"player_experience":194777,"potions_floor_usage":[21,21,21],"damage_taken":[{"damage":6.0,"enemies":"Jaw Worm","floor":1.0,"turns":4.0},{"damage":7.0,"enemies":"2 Louse","floor":3.0,"turns":2.0},{"damage":16.0,"enemies":"Gremlin Nob","floor":6.0,"turns":5.0},{"damage":0.0,"enemies":"Small Slimes","floor":7.0,"turns":2.0},{"damage":7.0,"enemies":"Blue Slaver","floor":8.0,"turns":4.0},{"damage":7.0,"enemies":"Looter","floor":11.0,"turns":3.0},{"damage":16.0,"enemies":"Red Slaver","floor":12.0,"turns":4.0},{"damage":31.0,"enemies":"3 Sentries","floor":14.0,"turns":7.0},{"damage":47.0,"enemies":"Slime Boss","floor":16.0,"turns":8.0},{"damage":44,"enemies":"Spheric Guardian","floor":18,"turns":6},{"damage":26,"enemies":"3 Byrds","floor":21,"turns":7},{"damage":53,"enemies":"Centurion and Healer","floor":22,"turns":7}],"event_choices":[{"event_name":"Shining Light","player_choice":"Entered Light","floor":2.0,"damage_taken":0.0},{"event_name":"Scrap Ooze","player_choice":"success","floor":4.0,"damage_taken":12.0},{"event_name":"The Cleric","player_choice":"Card Removal","floor":5.0,"damage_taken":0.0},{"event_name":"The Lab","player_choice":"Got Potions","floor":19,"damage_taken":0}],"boss_relics":[{"not_picked":["Orrery","Lizard Tail"],"picked":"Black Blood"}],"potions_floor_spawned":[1,12],"seed_played":"-992560211550981755","killed_by":"Centurion and Healer","ascension_level":0,"is_trial":false}