{"gold_per_floor":[113,129,146,166,178,209,209,209,209,209,229,229,253,203,203,327,327,345,345,359,204,223,223,243,268,294,194,221,221,259,275,275,400,400,414,439,439,170,170,170,184,184,236,254,278,301,324,337,337,337],"floor_reached":51,"playtime":7760,"items_purged":["Strike_B","Strike_B","Strike_B"],"score":627,"play_id":"7e17b942-f9f9-442f-9c6d-8fd73cb47a70","local_time":"20190222131509","is_ascension_mode":false,"campfire_choices":[{"data":"Glacier","floor":8,"key":"SMITH"},{"data":"Cold Snap","floor":10,"key":"SMITH"},{"data":"Glacier","floor":15,"key":"SMITH"},{"floor":23,"key":"REST"},{"floor":29,"key":"REST"},{"floor":32,"key":"REST"},{"data":"Defragment","floor":40,"key":"SMITH"},{"floor":42,"key":"REST"},{"floor":49,"key":"REST"}],"neow_cost":"NONE","seed_source_timestamp":160061831709934,"circlet_count":0,"master_deck":["Strike_B","Defend_B","Defend_B","Zap","Dualcast","Glacier+1","Cold Snap+1","Conserve Battery","Blizzard+1","Glacier+1","Echo Form","Blizzard+1","Defragment+1","Blizzard","Go for the Eyes+1","Defragment","Consume","Defragment"],"relics":["Cracked Core","NeowsBlessing","Ancient Tea Set","Sundial","Golden Idol","Inserter","Boot","PreservedInsect","Omamori","Nuclear Battery","Whetstone","Juzu Bracelet"],"potions_floor_usage":[6,6,16,22,25,33,33,41,45,48],"damage_taken":[{"damage":0,"enemies":"Jaw Worm","floor":1,"turns":1},{"damage":0,"enemies":"Small Slimes","floor":2,"turns":1},{"damage":0,"enemies":"2 Louse","floor":3,"turns":1},{"damage":0,"enemies":"Exordium Wildlife","floor":4,"turns":4},{"damage":0,"enemies":"Red Slaver","floor":5,"turns":5},{"damage":2,"enemies":"3 Sentries","floor":6,"turns":13},{"damage":0,"enemies":"Exordium Thugs","floor":11,"turns":6},{"damage":0,"enemies":"Gremlin Gang","floor":13,"turns":4},{"damage":54,"enemies":"Hexaghost","floor":16,"turns":17},{"damage":17,"enemies":"Shell Parasite","floor":18,"turns":10},{"damage":0,"enemies":"Chosen","floor":20,"turns":6},{"damage":16,"enemies":"Snake Plant","floor":22,"turns":5},{"damage":7,"enemies":"Centurion and Healer","floor":24,"turns":7},{"damage":20,"enemies":"3 Cultists","floor":25,"turns":5},{"damage":25,"enemies":"Slavers","floor":30,"turns":5},{"damage":3,"enemies":"Snake Plant","floor":31,"turns":5},{"damage":16,"enemies":"Collector","floor":33,"turns":10},{"damage":21,"enemies":"3 Darklings","floor":35,"turns":6},{"damage":7,"enemies":"3 Shapes","floor":36,"turns":7},{"damage":0,"enemies":"Transient","floor":41,"turns":5},{"damage":0,"enemies":"Spire Growth","floor":44,"turns":6},{"damage":47,"enemies":"Jaw Worm Horde","floor":45,"turns":6},{"damage":13,"enemies":"3 Darklings","floor":46,"turns":6},{"damage":0,"enemies":"Maw","floor":47,"turns":8},{"damage":18,"enemies":"4 Shapes","floor":48,"turns":8},{"damage":14,"enemies":"Donu and Deca","floor":50,"turns":10}],"seed_played":"-4282955708303403293","potions_obtained":[{"floor":1,"key":"SkillPotion"},{"floor":2,"key":"Weak Potion"},{"floor":5,"key":"Block Potion"},{"floor":20,"key":"LiquidBronze"},{"floor":22,"key":"Energy Potion"},{"floor":30,"key":"Swift Potion"},{"floor":31,"key":"LiquidBronze"},{"floor":36,"key":"SpeedPotion"},{"floor":39,"key":"FairyPotion"},{"floor":39,"key":"SpeedPotion"},{"floor":44,"key":"FocusPotion"},{"floor":47,"key":"LiquidBronze"},{"floor":48,"key":"SpeedPotion"}],"is_trial":false,"path_per_floor":["M","M","M","M","M","E","?","R","T","R","M","?","M","?","R","B",null,"M","?","M","$","M","R","M","M","T","$","T","R","E","M","R","B",null,"M","M","?","$","?","R","M","R","T","M","M","M","M","M","R","B",null],"character_chosen":"DEFECT","items_purchased":["Blizzard","Whetstone"],"campfire_rested":5,"item_purchase_floors":[21,38],"current_hp_per_floor":[75,75,75,75,75,73,73,73,73,73,73,69,69,69,69,15,69,52,52,52,52,36,56,49,29,29,29,29,49,24,21,41,25,69,48,41,41,41,41,41,41,61,61,61,14,1,1,6,26,12],"gold":337,"neow_bonus":"THREE_ENEMY_KILL","is_prod":false,"is_daily":false,"chose_seed":false,"campfire_upgraded":4,"win_rate":0.0,"timestamp":1550859309,"path_taken":["M","M","M","M","M","E","?","R","T","R","M","?","M","?","R","BOSS","M","?","M","$","M","R","?","M","T","?","?","R","E","?","R","BOSS","M","?","?","$","?","R","M","R","T","M","M","M","M","M","R","BOSS"],"build_version":"2019-01-23","purchased_purges":3,"victory":true,"max_hp_per_floor":[75,75,75,75,75,75,75,75,75,75,75,69,69,69,69,69,69,69,69,69,69,69,69,69,69,69,69,69,69,69,69,69,69,69,69,69,69,69,69,69,69,69,69,69,69,69,69,69,69,69],"card_choices":[{"not_picked":["Hello World","Leap"],"picked":"Glacier","floor":1},{"not_picked":["Redo","Sweeping Beam","Barrage"],"picked":"SKIP","floor":2},{"not_picked":["Undo","Gash","Recycle"],"picked":"SKIP","floor":3},{"not_picked":["Rip and Tear","Genetic Algorithm"],"picked":"Cold Snap","floor":4},{"not_picked":["Beam Cell","Gash"],"picked":"Conserve Battery","floor":5},{"not_picked":["Creative AI","Leap"],"picked":"Blizzard","floor":6},{"not_picked":["Doom and Gloom","Capacitor"],"picked":"Glacier","floor":11},{"not_picked":["Rebound","Consume","Skim"],"picked":"SKIP","floor":13},{"not_picked":["Electrodynamics","Seek"],"picked":"Echo Form","floor":16},{"not_picked":["Reprogram","Compile Driver+1","Turbo"],"picked":"SKIP","floor":18},{"not_picked":["Lockon+1","Hologram","Turbo"],"picked":"SKIP","floor":20},{"not_picked":["Compile Driver","Sweeping Beam","Darkness"],"picked":"SKIP","floor":22},{"not_picked":["Redo","Hologram"],"picked":"Defragment","floor":24},{"not_picked":["Heatsinks","Auto Shields+1"],"picked":"Blizzard","floor":25},{"not_picked":["Doom and Gloom","Rainbow","Steam"],"picked":"SKIP","floor":30},{"not_picked":["Redo","Static Discharge"],"picked":"Go for the Eyes","floor":31},{"not_picked":["Steam","Steam Power","Stack"],"picked":"SKIP","floor":35},{"not_picked":["Ball Lightning","Steam+1"],"picked":"Defragment","floor":36},{"not_picked":["Tempest","Steam","Turbo+1"],"picked":"SKIP","floor":41},{"not_picked":["Cold Snap","Ball Lightning"],"picked":"Consume","floor":44},{"not_picked":["Rebound","Core Surge","Barrage"],"picked":"SKIP","floor":45},{"not_picked":["Double Energy+1","Redo+1","Sweeping Beam+1"],"picked":"SKIP","floor":46},{"not_picked":["Gash","Hologram+1"],"picked":"Defragment","floor":47},{"not_picked":["Barrage+1","Compile Driver+1","Sweeping Beam+1"],"picked":"SKIP","floor":48}],"player_experience":147565,"relics_obtained":[{"floor":6,"key":"Ancient Tea Set"},{"floor":9,"key":"Sundial"},{"floor":26,"key":"Boot"},{"floor":28,"key":"PreservedInsect"},{"floor":30,"key":"Omamori"},{"floor":43,"key":"Juzu Bracelet"}],"event_choices":[{"cards_removed":["Defend_B"],"damage_healed":0,"gold_gain":0,"player_choice":"Forget","damage_taken":0,"max_hp_gain":0,"max_hp_loss":0,"event_name":"Living Wall","floor":7,"gold_loss":0},{"damage_healed":0,"gold_gain":0,"player_choice":"Lose Max HP","damage_taken":0,"relics_obtained":["Golden Idol"],"max_hp_gain":0,"max_hp_loss":6,"event_name":"Golden Idol","floor":12,"gold_loss":0},{"cards_removed":["Defend_B"],"damage_healed":0,"gold_gain":0,"player_choice":"Card Removal","damage_taken":0,"max_hp_gain":0,"max_hp_loss":0,"event_name":"The Cleric","floor":14,"gold_loss":50},{"damage_healed":0,"gold_gain":0,"player_choice":"Upgraded","damage_taken":0,"max_hp_gain":0,"max_hp_loss":0,"event_name":"Upgrade Shrine","floor":19,"gold_loss":0,"cards_upgraded":["Blizzard"]},{"damage_healed":0,"gold_gain":0,"player_choice":"Memory 1","damage_taken":0,"max_hp_gain":0,"max_hp_loss":0,"event_name":"SensoryStone","floor":37,"gold_loss":0},{"damage_healed":0,"gold_gain":0,"player_choice":"Got Potions","damage_taken":0,"max_hp_gain":0,"max_hp_loss":0,"event_name":"Lab","floor":39,"gold_loss":0}],"is_beta":false,"boss_relics":[{"not_picked":["FrozenCore","Philosopher\u0027s Stone"],"picked":"Inserter"},{"not_picked":["Runic Dome","Pandora\u0027s Box"],"picked":"Nuclear Battery"}],"items_purged_floors":[21,27,38],"is_endless":false,"potions_floor_spawned":[1,2,5,20,22,30,31,36,44,47,48],"ascension_level":0}