{"gold_per_floor":[117,117,127,52,52,95,95,15,15,15,46,46,67,87,87,215,215,236,161,161,176,199,199,99,99,122,34,34,8,39,55,55,178,178,178,199,499,515,535,535,535],"floor_reached":41,"playtime":1736,"items_purged":["Strike_G","Defend_G"],"score":466,"play_id":"06ebbd39-74cf-45de-b545-e425fa017851","local_time":"20181124144355","is_ascension_mode":true,"campfire_choices":[{"floor":7,"key":"RECALL"},{"data":"Bouncing Flask","floor":10,"key":"SMITH"},{"data":"Tactician","floor":12,"key":"SMITH"},{"data":"Dagger Spray","floor":15,"key":"SMITH"},{"data":"After Image","floor":23,"key":"SMITH"},{"data":"Well Laid Plans","floor":25,"key":"SMITH"},{"data":"Noxious Fumes","floor":28,"key":"SMITH"},{"floor":32,"key":"REST"},{"floor":40,"key":"REST"}],"neow_cost":"NONE","seed_source_timestamp":570658833301910,"circlet_count":0,"master_deck":["Defend_G","Defend_G","Defend_G","Strike_G","Strike_G","Survivor","Neutralize+1","Dagger Spray+1","Deadly Poison","Bouncing Flask+1","Tactician+1","Backflip","Quick Slash","After Image+1","Flying Knee","Backflip","Slice","Blur+1","Well Laid Plans+1","Noxious Fumes+1","Poisoned Stab","Slice","Sucker Punch","Bane","Adrenaline","Prepared","Dodge and Roll+1","Parasite","Poisoned Stab+1"],"relics":["Ring of the Snake","NeowsBlessing","Golden Idol","Blue Candle","Darkstone Periapt","Pantograph","Philosopher\u0027s Stone","Bag of Marbles","Ornamental Fan","Black Star"],"potions_floor_usage":[14,33,35,39],"damage_taken":[{"damage":0,"enemies":"2 Louse","floor":1,"turns":1},{"damage":0,"enemies":"Jaw Worm","floor":3,"turns":1},{"damage":0,"enemies":"Gremlin Nob","floor":6,"turns":1},{"damage":18,"enemies":"Lagavulin","floor":11,"turns":6},{"damage":0,"enemies":"Cultist","floor":13,"turns":2},{"damage":0,"enemies":"3 Louse","floor":14,"turns":2},{"damage":53,"enemies":"Slime Boss","floor":16,"turns":13},{"damage":0,"enemies":"Chosen","floor":18,"turns":4},{"damage":2,"enemies":"Spheric Guardian","floor":21,"turns":3},{"damage":4,"enemies":"Snecko","floor":22,"turns":5},{"damage":14,"enemies":"Gremlin Leader","floor":30,"turns":5},{"damage":7,"enemies":"Sentry and Sphere","floor":31,"turns":5},{"damage":27,"enemies":"Champ","floor":33,"turns":11},{"damage":5,"enemies":"3 Darklings","floor":35,"turns":2},{"damage":22,"enemies":"3 Shapes","floor":36,"turns":6},{"damage":8,"enemies":"Spire Growth","floor":38,"turns":5},{"damage":12,"enemies":"Writhing Mass","floor":39,"turns":8},{"damage":46,"enemies":"Giant Head","floor":41,"turns":8}],"seed_played":"5575135212616575160","potions_obtained":[{"floor":11,"key":"FearPotion"},{"floor":13,"key":"Explosive Potion"},{"floor":16,"key":"SmokeBomb"},{"floor":22,"key":"Strength Potion"},{"floor":30,"key":"GhostInAJar"},{"floor":38,"key":"SkillPotion"}],"is_trial":false,"path_per_floor":["M","?","M","$","?","E","R","$","T","R","E","R","M","M","R","B",null,"M","?","?","M","M","R","$","R","T","$","R","$","E","M","R","B",null,"M","M","?","M","M","R","E"],"character_chosen":"THE_SILENT","items_purchased":["Tactician","Noxious Fumes","Poisoned Stab","Slice"],"campfire_rested":2,"item_purchase_floors":[8,27,27,29],"current_hp_per_floor":[70,70,70,70,65,65,65,65,65,65,47,47,47,47,47,12,65,65,65,65,63,59,59,59,59,59,59,59,59,45,38,57,38,65,60,38,38,30,24,45,0],"gold":535,"neow_bonus":"THREE_ENEMY_KILL","is_prod":false,"is_daily":false,"chose_seed":false,"campfire_upgraded":6,"win_rate":0,"timestamp":1543067035,"path_taken":["M","?","M","$","?","E","R","$","T","R","E","R","M","M","R","BOSS","M","?","?","M","M","R","?","R","T","?","R","$","E","M","R","BOSS","M","M","?","M","?","R","E"],"build_version":"2018-11-15","purchased_purges":2,"victory":false,"max_hp_per_floor":[70,70,70,70,65,65,65,65,65,65,65,65,65,65,65,65,65,65,65,65,65,65,65,65,65,65,65,65,65,65,65,65,65,65,65,65,65,65,71,71,71],"card_choices":[{"not_picked":["Dodge and Roll","Deflect"],"picked":"Dagger Spray","floor":1},{"not_picked":["Distraction","Dagger Throw"],"picked":"Deadly Poison","floor":3},{"not_picked":["Bane","Cloak And Dagger"],"picked":"Bouncing Flask","floor":6},{"not_picked":["Flechettes","Storm of Steel","Infinite Blades"],"picked":"SKIP","floor":11},{"not_picked":["Flying Knee","Outmaneuver"],"picked":"Backflip","floor":13},{"not_picked":["Blade Dance","Backflip"],"picked":"Quick Slash","floor":14},{"not_picked":["Doppelganger","Malaise"],"picked":"After Image","floor":16},{"not_picked":["Dagger Throw+1","Skewer"],"picked":"Flying Knee","floor":18},{"not_picked":["Infinite Blades","Choke"],"picked":"Blur+1","floor":21},{"not_picked":["Slice","Bane"],"picked":"Well Laid Plans","floor":22},{"not_picked":["Slice","Corpse Explosion"],"picked":"Sucker Punch","floor":30},{"not_picked":["Concentrate","Dagger Throw"],"picked":"Bane","floor":31},{"not_picked":["Tools of the Trade","Malaise"],"picked":"Adrenaline","floor":33},{"not_picked":["Choke","Deflect"],"picked":"Prepared","floor":36},{"not_picked":["Backstab+1","Quick Slash"],"picked":"Dodge and Roll+1","floor":38},{"not_picked":["Acrobatics","Flechettes"],"picked":"Poisoned Stab+1","floor":39}],"player_experience":348106,"relics_obtained":[{"floor":6,"key":"Blue Candle"},{"floor":9,"key":"Darkstone Periapt"},{"floor":11,"key":"Pantograph"},{"floor":26,"key":"Bag of Marbles"},{"floor":30,"key":"Ornamental Fan"}],"event_choices":[{"damage_healed":0,"gold_gain":0,"player_choice":"Grow","damage_taken":0,"max_hp_gain":0,"max_hp_loss":0,"event_name":"Living Wall","floor":2,"gold_loss":0,"cards_upgraded":["Neutralize"]},{"damage_healed":0,"gold_gain":0,"player_choice":"Lose Max HP","damage_taken":0,"relics_obtained":["Golden Idol"],"max_hp_gain":0,"max_hp_loss":5,"event_name":"Golden Idol","floor":5,"gold_loss":0},{"cards_removed":["Strike_G"],"damage_healed":0,"gold_gain":0,"player_choice":"Gave Gold","damage_taken":0,"max_hp_gain":0,"max_hp_loss":0,"event_name":"Beggar","floor":19,"gold_loss":75},{"damage_healed":0,"gold_gain":0,"cards_transformed":["Strike_G","Defend_G"],"player_choice":"Became Test Subject","damage_taken":0,"max_hp_gain":0,"max_hp_loss":0,"event_name":"Drug Dealer","floor":20,"gold_loss":0,"cards_obtained":["Backflip","Slice"]},{"damage_healed":0,"gold_gain":300,"player_choice":"Gold","damage_taken":0,"max_hp_gain":0,"max_hp_loss":0,"event_name":"Wheel of Change","floor":37,"gold_loss":0}],"is_beta":false,"boss_relics":[{"not_picked":["Coffee Dripper","Calling Bell"],"picked":"Philosopher\u0027s Stone"},{"not_picked":["WristBlade","Tiny House"],"picked":"Black Star"}],"items_purged_floors":[4,24],"is_endless":false,"potions_floor_spawned":[11,13,16,22,30,38],"killed_by":"Giant Head","ascension_level":1}