{"gold_per_floor":[359,378,395,395,28,28,62,162,185,185,219,232,243,270,270,368,368,380,393,412,428,132,132,166,166,189,202,219,219,234,247,247,247],"floor_reached":33,"playtime":3203,"items_purged":["Decay"],"score":422,"play_id":"682d5cdc-7148-4c01-bd0c-d8cd703de749","local_time":"20190224213841","is_ascension_mode":true,"campfire_choices":[{"data":"Self Repair","floor":6,"key":"SMITH"},{"data":"Zap","floor":10,"key":"SMITH"},{"floor":15,"key":"REST"},{"floor":23,"key":"REST"},{"floor":25,"key":"REST"},{"floor":32,"key":"REST"}],"neow_cost":"CURSE","seed_source_timestamp":1012199157733719,"circlet_count":0,"master_deck":["Strike_B","Strike_B","Strike_B","Strike_B","Defend_B","Defend_B","Defend_B","Defend_B","Zap+1","Dualcast","Ball Lightning","Self Repair+1","Compile Driver","Go for the Eyes","Auto Shields","Coolheaded","Streamline","Ball Lightning","Machine Learning","Ball Lightning","Cold Snap","Reinforced Body+1","Loop+1","Static Discharge+1","Loop+1"],"relics":["FrozenCore","Gambling Chip","Potion Belt","Orichalcum","DataDisk","Incense Burner","Blood Vial","Oddly Smooth Stone"],"potions_floor_usage":[11,14,21,24,24,33,33],"damage_taken":[{"damage":6,"enemies":"Cultist","floor":1,"turns":5},{"damage":7,"enemies":"2 Louse","floor":2,"turns":2},{"damage":10,"enemies":"Small Slimes","floor":3,"turns":3},{"damage":45,"enemies":"3 Sentries","floor":7,"turns":8},{"damage":20,"enemies":"Lagavulin","floor":11,"turns":6},{"damage":5,"enemies":"Gremlin Gang","floor":12,"turns":5},{"damage":0,"enemies":"Looter","floor":13,"turns":4},{"damage":8,"enemies":"Gremlin Nob","floor":14,"turns":4},{"damage":5,"enemies":"Slime Boss","floor":16,"turns":7},{"damage":6,"enemies":"Shell Parasite","floor":18,"turns":8},{"damage":7,"enemies":"Spheric Guardian","floor":19,"turns":4},{"damage":36,"enemies":"Shelled Parasite and Fungi","floor":20,"turns":9},{"damage":8,"enemies":"Chosen and Byrds","floor":21,"turns":6},{"damage":48,"enemies":"Slavers","floor":24,"turns":8},{"damage":25,"enemies":"3 Cultists","floor":27,"turns":6},{"damage":8,"enemies":"Snecko","floor":28,"turns":5},{"damage":20,"enemies":"Centurion and Healer","floor":30,"turns":8},{"damage":12,"enemies":"Snake Plant","floor":31,"turns":5},{"damage":54,"enemies":"Champ","floor":33,"turns":13}],"seed_played":"5441970126689627660","potions_obtained":[{"floor":1,"key":"Block Potion"},{"floor":3,"key":"Poison Potion"},{"floor":14,"key":"Block Potion"},{"floor":18,"key":"Dexterity Potion"},{"floor":20,"key":"GamblersBrew"},{"floor":24,"key":"Weak Potion"},{"floor":31,"key":"Swift Potion"}],"is_trial":false,"path_per_floor":["M","M","M","?","$","R","E","?","T","R","E","M","M","E","R","B",null,"M","M","M","M","$","R","E","R","T","M","M","?","M","M","R","B"],"character_chosen":"DEFECT","items_purchased":["Gambling Chip","Incense Burner"],"campfire_rested":4,"item_purchase_floors":[5,22],"current_hp_per_floor":[62,55,45,70,70,70,35,35,35,35,25,30,40,42,64,69,74,75,75,49,51,51,73,25,47,47,34,38,38,30,30,52,0],"gold":247,"neow_bonus":"TWO_FIFTY_GOLD","is_prod":false,"is_daily":false,"chose_seed":false,"campfire_upgraded":2,"win_rate":0,"timestamp":1551062321,"path_taken":["M","?","M","?","$","R","E","?","T","R","E","M","M","E","R","BOSS","M","?","M","M","$","R","E","R","T","M","M","?","M","M","R","BOSS"],"build_version":"2019-01-23","purchased_purges":1,"victory":false,"max_hp_per_floor":[75,75,75,75,75,75,75,75,75,75,75,75,75,75,75,75,75,75,75,75,75,75,75,75,75,75,75,75,75,75,75,75,75],"card_choices":[{"not_picked":["Consume","Lockon"],"picked":"Ball Lightning","floor":1},{"not_picked":["Cold Snap","Turbo"],"picked":"Self Repair","floor":2},{"not_picked":["Capacitor","Static Discharge"],"picked":"Compile Driver","floor":3},{"not_picked":["Reinforced Body","Undo"],"picked":"Go for the Eyes","floor":7},{"not_picked":["Double Energy","Gash"],"picked":"Auto Shields","floor":11},{"not_picked":["Capacitor","Rebound"],"picked":"Coolheaded","floor":12},{"not_picked":["BootSequence","Rainbow"],"picked":"Streamline","floor":13},{"not_picked":["Barrage","Coolheaded"],"picked":"Ball Lightning","floor":14},{"not_picked":["Biased Cognition","Multi-Cast"],"picked":"Machine Learning","floor":16},{"not_picked":["Streamline","Sunder"],"picked":"Ball Lightning","floor":18},{"not_picked":["Turbo","Conserve Battery"],"picked":"Cold Snap","floor":19},{"not_picked":["Sweeping Beam+1","Beam Cell","Ball Lightning+1"],"picked":"SKIP","floor":20},{"not_picked":["Gash","Ball Lightning"],"picked":"Reinforced Body+1","floor":21},{"not_picked":["Cold Snap+1","Sunder"],"picked":"Loop+1","floor":24},{"not_picked":["Steam","Barrage","Ball Lightning"],"picked":"SKIP","floor":27},{"not_picked":["Multi-Cast","Steam Power"],"picked":"Static Discharge+1","floor":28},{"not_picked":["Ball Lightning+1","Sweeping Beam","Chill"],"picked":"SKIP","floor":30},{"not_picked":["Storm","Sunder","Coolheaded"],"picked":"SKIP","floor":31}],"player_experience":610320,"relics_obtained":[{"floor":7,"key":"Potion Belt"},{"floor":9,"key":"Orichalcum"},{"floor":14,"key":"DataDisk"},{"floor":24,"key":"Blood Vial"},{"floor":26,"key":"Oddly Smooth Stone"}],"event_choices":[{"damage_healed":25,"gold_gain":0,"player_choice":"Banana","damage_taken":0,"max_hp_gain":0,"max_hp_loss":0,"event_name":"Big Fish","floor":4,"gold_loss":0},{"damage_healed":0,"gold_gain":100,"player_choice":"Pray","damage_taken":0,"max_hp_gain":0,"max_hp_loss":0,"event_name":"Golden Shrine","floor":8,"gold_loss":0},{"damage_healed":0,"gold_gain":0,"player_choice":"Copied","damage_taken":0,"max_hp_gain":0,"max_hp_loss":0,"event_name":"Duplicator","floor":29,"gold_loss":0,"cards_obtained":["Loop"]}],"is_beta":false,"boss_relics":[{"not_picked":["Astrolabe","Sozu"],"picked":"FrozenCore"}],"items_purged_floors":[5],"is_endless":false,"potions_floor_spawned":[1,3,14,18,20,24,31],"killed_by":"Champ","ascension_level":9}