{"path_per_floor":["M","$","?","?","M","E","R","M","T","M","?","R","M","E","R"],"character_chosen":"THE_SILENT","items_purchased":["Finisher","Dodge and Roll"],"gold_per_floor":[214,52,52,52,71,106,106,116,139,156,156,156,177,216,216],"floor_reached":16,"campfire_rested":3,"playtime":2297,"current_hp_per_floor":[70,70,63,63,57,39,60,60,60,36,19,40,32,19,40],"items_purged":["Strike_G"],"gold":216,"score":110,"play_id":"364ce272-12cf-4de1-a1f2-aaedf77aefcf","local_time":"20180305180141","is_prod":false,"is_daily":false,"is_ascension_mode":false,"campfire_upgraded":0,"timestamp":1520290901,"path_taken":["M","$","?","?","M","E","R","M","T","M","?","R","M","E","R","BOSS"],"build_version":"2018-03-01-PROD1","purchased_purges":1,"victory":false,"master_deck":["Defend_G","Defend_G","Defend_G","Strike_G","Strike_G","Strike_G","Strike_G","Survivor","Neutralize","Poisoned Stab","Finisher","Dodge and Roll","Dodge and Roll","Poisoned Stab","Predator","PiercingWail","Dagger Spray","Dagger Spray"],"max_hp_per_floor":[70,70,70,70,70,70,70,70,70,70,70,70,70,70,70],"relics":["Ring of the Snake","Bird Faced Urn","Prayer Wheel","Golden Idol","Snake Skull"],"card_choices":[{"not_picked":["Masterful Stab","Acrobatics"],"picked":"Poisoned Stab"},{"not_picked":["Deadly Poison","Underhanded Strike"],"picked":"Dodge and Roll"},{"not_picked":["Crippling Poison","Infinite Blades"],"picked":"Poisoned Stab"},{"not_picked":["Infinite Blades","Dodge and Roll"],"picked":"Predator"},{"not_picked":["Prepared","Caltrops"],"picked":"PiercingWail"},{"not_picked":["Underhanded Strike","Deflect"],"picked":"Dagger Spray"},{"not_picked":["Eviscerate","Escape Plan"],"picked":"Dagger Spray"}],"player_experience":105666,"potions_floor_usage":[],"damage_taken":[{"damage":0,"enemies":"Small Slimes","floor":1,"turns":4},{"damage":6,"enemies":"2 Louse","floor":5,"turns":2},{"damage":18,"enemies":"Gremlin Nob","floor":6,"turns":5},{"damage":0,"enemies":"Cultist","floor":8,"turns":3},{"damage":24,"enemies":"Exordium Wildlife","floor":10,"turns":5},{"damage":8,"enemies":"Lots of Slimes","floor":13,"turns":4},{"damage":13,"enemies":"3 Sentries","floor":14,"turns":8},{"damage":43,"enemies":"The Guardian","floor":16,"turns":9}],"event_choices":[{"event_name":"Golden Wing","player_choice":"Card Removal","floor":3,"damage_taken":0},{"event_name":"Bonfire Elementals","player_choice":"BASIC","floor":4,"damage_taken":0},{"event_name":"Golden Idol","player_choice":"Take Damage","floor":11,"damage_taken":0}],"boss_relics":[],"potions_floor_spawned":[1,6,8],"seed_played":"256244011920330937","killed_by":"The Guardian","ascension_level":0,"is_trial":false}