{"gold_per_floor":[115,130,145,159,159,159,185,36,62,82,117,140,166,207,219,305,317,317,317,260,260,260,260,260,260],"floor_reached":25,"playtime":1398,"items_purged":["Strike_B"],"score":408,"play_id":"97dd1b48-f159-4a44-9018-c05273977dbb","local_time":"20190205041935","is_ascension_mode":true,"campfire_choices":[{"data":"Consume","floor":6.0,"key":"SMITH"},{"data":"Zap","floor":15.0,"key":"SMITH"},{"floor":23,"key":"REST"}],"neow_cost":"NONE","seed_source_timestamp":1809986458003336,"circlet_count":0,"master_deck":["AscendersBane","Strike_B","Strike_B","Strike_B","Defend_B","Defend_B","Defend_B","Defend_B","Zap+1","Dualcast","Sweeping Beam","Creative AI","Consume+1","Seek","Reboot","Go for the Eyes","Undo","Coolheaded","Hologram","Defragment"],"special_seed":0,"relics":["Cracked Core","Bag of Preparation","PreservedInsect","MawBank","DataDisk","Ectoplasm","Blood Vial","Anchor"],"potions_floor_usage":[18],"damage_taken":[{"damage":2.0,"enemies":"Jaw Worm","floor":1.0,"turns":3.0},{"damage":2.0,"enemies":"2 Louse","floor":2.0,"turns":3.0},{"damage":1.0,"enemies":"Cultist","floor":3.0,"turns":4.0},{"damage":11.0,"enemies":"Blue Slaver","floor":4.0,"turns":4.0},{"damage":1.0,"enemies":"Lagavulin","floor":7.0,"turns":7.0},{"damage":4.0,"enemies":"2 Fungi Beasts","floor":10.0,"turns":4.0},{"damage":35.0,"enemies":"3 Sentries","floor":11.0,"turns":7.0},{"damage":0.0,"enemies":"Large Slime","floor":12.0,"turns":4.0},{"damage":0.0,"enemies":"Red Slaver","floor":13.0,"turns":3.0},{"damage":15.0,"enemies":"Lagavulin","floor":14.0,"turns":5.0},{"damage":18,"enemies":"Slime Boss","floor":16,"turns":9},{"damage":11,"enemies":"3 Byrds","floor":18,"turns":4},{"damage":3,"enemies":"Chosen","floor":19,"turns":5},{"damage":14,"enemies":"Sentry and Sphere","floor":21,"turns":5},{"damage":29,"enemies":"Snake Plant","floor":22,"turns":4},{"damage":42,"enemies":"Book of Stabbing","floor":24,"turns":4},{"damage":13,"enemies":"Chosen and Byrds","floor":25,"turns":4}],"seed_played":"-7625684538616859635","potions_obtained":[{"floor":1.0,"key":"Weak Potion"},{"floor":3.0,"key":"Fire Potion"},{"floor":7.0,"key":"FearPotion"},{"floor":10.0,"key":"Regen Potion"},{"floor":14.0,"key":"FearPotion"},{"floor":21,"key":"Energy Potion"},{"floor":22,"key":"FairyPotion"},{"floor":24,"key":"FearPotion"}],"is_trial":false,"path_per_floor":["M","M","M","M","?","R","E","$","T","M","E","M","M","E","R","B",null,"M","M","?","M","M","R","E","M"],"character_chosen":"DEFECT","items_purchased":["Seek"],"campfire_rested":1,"item_purchase_floors":[8],"current_hp_per_floor":[73,71,70,59,59,59,58,58,58,54,34,34,34,19,19,1,62,51,48,48,36,9,33,8,0],"gold":260,"neow_bonus":"TEN_PERCENT_HP_BONUS","is_prod":false,"is_daily":false,"chose_seed":false,"campfire_upgraded":2,"win_rate":0,"timestamp":1549361975,"path_taken":["M","M","M","M","?","R","E","$","T","M","E","M","M","E","R","BOSS","M","M","?","M","?","R","E","M"],"build_version":"2019-01-23","purchased_purges":1,"victory":false,"max_hp_per_floor":[82,82,82,82,82,82,82,82,82,82,82,82,82,82,82,82,82,82,82,82,82,82,82,82,82],"card_choices":[{"not_picked":["Aggregate","Stack"],"picked":"Sweeping Beam","floor":1.0},{"not_picked":["Rebound","Sweeping Beam","Sunder"],"picked":"SKIP","floor":2.0},{"not_picked":["Rebound","Hologram"],"picked":"Creative AI","floor":3.0},{"not_picked":["Sweeping Beam","Hologram"],"picked":"Consume","floor":4.0},{"not_picked":["Stack","Ball Lightning","Scrape"],"picked":"SKIP","floor":7.0},{"not_picked":["Go for the Eyes","Redo"],"picked":"Reboot","floor":10.0},{"not_picked":["Static Discharge","Doom and Gloom","Lockon"],"picked":"SKIP","floor":11.0},{"not_picked":["Gash","Consume"],"picked":"Go for the Eyes","floor":12.0},{"not_picked":["Double Energy","Steam","Beam Cell"],"picked":"SKIP","floor":13.0},{"not_picked":["Streamline","Reprogram"],"picked":"Undo","floor":14.0},{"not_picked":["Compile Driver","Consume"],"picked":"Coolheaded","floor":18},{"not_picked":["Stack","Cold Snap"],"picked":"Hologram","floor":19},{"not_picked":["Barrage","Steam","Genetic Algorithm"],"picked":"SKIP","floor":21},{"not_picked":["Ball Lightning","Leap"],"picked":"Defragment","floor":22},{"not_picked":["Stack+1","Doom and Gloom","Beam Cell"],"picked":"SKIP","floor":24}],"player_experience":963863,"relics_obtained":[{"floor":7.0,"key":"Bag of Preparation"},{"floor":9.0,"key":"PreservedInsect"},{"floor":11.0,"key":"MawBank"},{"floor":14.0,"key":"DataDisk"},{"floor":24,"key":"Anchor"}],"event_choices":[{"damage_healed":0.0,"max_hp_gain":0.0,"max_hp_loss":0.0,"gold_gain":0.0,"event_name":"Liars Game","player_choice":"Ignored","floor":5.0,"gold_loss":0.0,"damage_taken":0.0},{"damage_healed":0,"gold_gain":0,"player_choice":"Paid Gold","damage_taken":0,"relics_obtained":["Blood Vial"],"max_hp_gain":0,"max_hp_loss":0,"event_name":"WeMeetAgain","floor":20,"gold_loss":57}],"is_beta":false,"boss_relics":[{"not_picked":["Tiny House","Orrery"],"picked":"Ectoplasm"}],"items_purged_floors":[8],"is_endless":false,"potions_floor_spawned":[1,3,7,10,14,21,22,24],"killed_by":"Chosen and Byrds","ascension_level":13}