{"gold_per_floor":[117,132,132,148,148,148,148,173,173,204,223,235,246,216,216,321,321,340,350,363,278,117,117,127,127,127,127,127,127,158,190,190,190],"floor_reached":33,"playtime":1433,"items_purged":["Defend_B"],"score":405,"play_id":"3f34f2a1-0c49-4e57-8268-4e440a4148c9","local_time":"20190219210230","is_ascension_mode":true,"campfire_choices":[{"data":"Zap","floor":6,"key":"SMITH"},{"floor":15,"key":"REST"},{"data":"Dualcast","floor":23,"key":"SMITH"},{"data":"Buffer","floor":25,"key":"SMITH"},{"floor":27,"key":"REST"},{"data":"Hologram","floor":32,"key":"SMITH"}],"neow_cost":"NONE","seed_source_timestamp":183322194051894,"circlet_count":0,"master_deck":["Strike_B","Strike_B","Strike_B","Strike_B","Defend_B","Defend_B","Defend_B","Zap+1","Dualcast+1","Cold Snap","Steam","Hologram+1","Go for the Eyes","Gash","Fission+1","Cold Snap","Steam Power+1","Buffer+1","Beam Cell","Coolheaded+1","Glacier+1","Gash","Melter","Redo+1","Double Energy+1","Chill+1"],"relics":["Cracked Core","Unceasing Top","Mummified Hand","Kunai","Toxic Egg 2","Bag of Preparation","Nuclear Battery","Shuriken","Meat on the Bone","Emotion Chip","Red Mask"],"potions_floor_usage":[8,10,10,16,33,33,33,33,33,33],"damage_taken":[{"damage":2,"enemies":"Jaw Worm","floor":1,"turns":3},{"damage":2,"enemies":"2 Louse","floor":2,"turns":3},{"damage":0,"enemies":"Cultist","floor":4,"turns":3},{"damage":11,"enemies":"3 Sentries","floor":8,"turns":8},{"damage":18,"enemies":"Lagavulin","floor":10,"turns":4},{"damage":5,"enemies":"Blue Slaver","floor":11,"turns":4},{"damage":0,"enemies":"Exordium Wildlife","floor":12,"turns":3},{"damage":9,"enemies":"2 Fungi Beasts","floor":13,"turns":3},{"damage":19,"enemies":"The Guardian","floor":16,"turns":18},{"damage":0,"enemies":"Spheric Guardian","floor":18,"turns":4},{"damage":12,"enemies":"Shell Parasite","floor":19,"turns":6},{"damage":4,"enemies":"3 Cultists","floor":20,"turns":7},{"damage":26,"enemies":"Snecko","floor":24,"turns":6},{"damage":0,"enemies":"Book of Stabbing","floor":30,"turns":5},{"damage":0,"enemies":"Masked Bandits","floor":31,"turns":4},{"damage":59,"enemies":"Automaton","floor":33,"turns":6}],"seed_played":"-4198762886353813661","potions_obtained":[{"floor":0,"key":"SpeedPotion"},{"floor":0,"key":"Block Potion"},{"floor":0,"key":"Strength Potion"},{"floor":8,"key":"Poison Potion"},{"floor":10,"key":"Ancient Potion"},{"floor":13,"key":"PowerPotion"},{"floor":18,"key":"GamblersBrew"},{"floor":24,"key":"EntropicBrew"},{"floor":31,"key":"PowerPotion"}],"is_trial":false,"path_per_floor":["M","M","?","M","?","R","T","E","T","E","M","M","M","?","R","B",null,"M","M","M","?","$","R","M","R","T","R","?","?","E","?","R","B"],"character_chosen":"DEFECT","items_purchased":["Gash","Melter"],"campfire_rested":2,"item_purchase_floors":[22,22],"current_hp_per_floor":[66,64,69,69,62,62,62,51,51,33,28,28,19,19,43,24,66,66,54,50,50,50,50,24,24,24,48,33,33,45,45,45,0],"gold":190,"neow_bonus":"THREE_SMALL_POTIONS","is_prod":false,"is_daily":false,"chose_seed":false,"campfire_upgraded":4,"win_rate":0,"timestamp":1550606550,"path_taken":["M","M","?","M","?","R","?","E","T","E","?","M","M","?","R","BOSS","M","M","M","?","$","R","M","R","T","R","?","?","E","?","R","BOSS"],"build_version":"2019-01-23","purchased_purges":1,"victory":false,"max_hp_per_floor":[75,75,80,80,80,80,80,80,80,80,80,80,80,80,80,80,80,80,80,80,80,80,80,80,80,80,80,85,85,85,85,85,85],"card_choices":[{"not_picked":["Tempest","Steam"],"picked":"Cold Snap","floor":1},{"not_picked":["Thunder Strike","Rebound"],"picked":"Steam","floor":2},{"not_picked":["Rebound","Barrage"],"picked":"Hologram","floor":4},{"not_picked":["Redo","Cold Snap"],"picked":"Go for the Eyes","floor":8},{"not_picked":["Sunder","Beam Cell"],"picked":"Gash","floor":10},{"not_picked":["Go for the Eyes","Sweeping Beam"],"picked":"Fission+1","floor":11},{"not_picked":["Recycle+1","Storm"],"picked":"Cold Snap","floor":12},{"not_picked":["Rebound","Chaos+1"],"picked":"Steam Power+1","floor":13},{"not_picked":["Thunder Strike","Multi-Cast+1"],"picked":"Buffer","floor":16},{"not_picked":["Heatsinks","Cold Snap"],"picked":"Beam Cell","floor":18},{"not_picked":["Conserve Battery+1","Genetic Algorithm+1"],"picked":"Coolheaded+1","floor":19},{"not_picked":["Turbo+1","Aggregate+1"],"picked":"Glacier+1","floor":20},{"not_picked":["Recycle+1","Sweeping Beam"],"picked":"Redo+1","floor":24},{"not_picked":["Consume+1","Barrage"],"picked":"Double Energy+1","floor":30},{"not_picked":["Reprogram+1","Coolheaded+1"],"picked":"Chill+1","floor":31}],"player_experience":691383,"relics_obtained":[{"floor":7,"key":"Mummified Hand"},{"floor":8,"key":"Kunai"},{"floor":9,"key":"Toxic Egg 2"},{"floor":10,"key":"Bag of Preparation"},{"floor":26,"key":"Meat on the Bone"},{"floor":30,"key":"Emotion Chip"},{"floor":31,"key":"Red Mask"}],"event_choices":[{"damage_healed":0,"gold_gain":0,"player_choice":"Donut","damage_taken":0,"max_hp_gain":5,"max_hp_loss":0,"event_name":"Big Fish","floor":3,"gold_loss":0},{"damage_healed":0,"gold_gain":0,"player_choice":"Success","damage_taken":7,"relics_obtained":["Unceasing Top"],"max_hp_gain":0,"max_hp_loss":0,"event_name":"Scrap Ooze","floor":5,"gold_loss":0},{"damage_healed":0,"gold_gain":0,"player_choice":"Left Gold","damage_taken":0,"max_hp_gain":0,"max_hp_loss":0,"event_name":"World of Goop","floor":14,"gold_loss":30},{"damage_healed":0,"gold_gain":0,"player_choice":"Obtained Relic","damage_taken":0,"relics_obtained":["Shuriken"],"max_hp_gain":0,"max_hp_loss":0,"event_name":"Addict","floor":21,"gold_loss":85},{"damage_healed":0,"gold_gain":0,"player_choice":"Shed Blood","damage_taken":20,"max_hp_gain":5,"max_hp_loss":0,"event_name":"Forgotten Altar","floor":28,"gold_loss":0},{"damage_healed":0,"gold_gain":0,"player_choice":"Ignored","damage_taken":0,"max_hp_gain":0,"max_hp_loss":0,"event_name":"The Mausoleum","floor":29,"gold_loss":0},{"damage_healed":0,"gold_gain":0,"player_choice":"Fought Bandits","damage_taken":0,"max_hp_gain":0,"max_hp_loss":0,"event_name":"Masked Bandits","floor":31,"gold_loss":0}],"is_beta":false,"boss_relics":[{"not_picked":["Lizard Tail","Black Star"],"picked":"Nuclear Battery"}],"items_purged_floors":[22],"is_endless":false,"potions_floor_spawned":[8,10,13,18,24,30,31],"killed_by":"Automaton","ascension_level":7}