{"gold_per_floor":[109,120,131,381,381,408,408,33,57,57,75,88,88,99,99,202,202,215,230,242,242,259,259,259],"floor_reached":24,"playtime":4032,"items_purged":[],"score":210,"play_id":"6d3fe7f9-0319-4a5b-8a87-f8d29935e334","local_time":"20180725010047","is_ascension_mode":true,"campfire_choices":[{"data":"Consume","floor":7,"key":"SMITH"},{"data":"Zap","floor":10,"key":"SMITH"},{"data":"Dualcast","floor":13,"key":"SMITH"},{"floor":15,"key":"REST"},{"data":"Creative AI","floor":23,"key":"SMITH"}],"neow_cost":"NONE","seed_source_timestamp":34141638620341,"circlet_count":0,"master_deck":["Strike_B","Strike_B","Defend_B","Defend_B","Defend_B","Defend_B","Zap+1","Dualcast+1","Consume+1","Lockon","Steam","Coolheaded","Melter","Hologram","Tempest","Conserve Battery","Creative AI+1","Steam Power","Steam+1","Rebound","Recycle"],"relics":["Cracked Core","Bag of Marbles","Torii","Centennial Puzzle","Inserter"],"potions_floor_usage":[6,6,16,22],"damage_taken":[{"damage":1,"enemies":"Jaw Worm","floor":1,"turns":4},{"damage":0,"enemies":"Cultist","floor":2,"turns":4},{"damage":0,"enemies":"2 Louse","floor":3,"turns":2},{"damage":44,"enemies":"Lagavulin","floor":6,"turns":8},{"damage":1,"enemies":"Blue Slaver","floor":11,"turns":3},{"damage":8,"enemies":"Red Slaver","floor":12,"turns":3},{"damage":7,"enemies":"Looter","floor":14,"turns":2},{"damage":9,"enemies":"The Guardian","floor":16,"turns":12},{"damage":16,"enemies":"Spheric Guardian","floor":18,"turns":4},{"damage":0,"enemies":"Chosen","floor":19,"turns":3},{"damage":21,"enemies":"Snake Plant","floor":20,"turns":4},{"damage":11,"enemies":"Centurion and Healer","floor":22,"turns":7},{"damage":29,"enemies":"Slaver and Parasite","floor":24,"turns":4}],"seed_played":"-533350281797496850","potions_obtained":[{"floor":2,"key":"Regen Potion"},{"floor":3,"key":"PowerPotion"},{"floor":12,"key":"Block Potion"},{"floor":16,"key":"EssenceOfSteel"}],"is_trial":false,"path_per_floor":["M","M","M","?","?","E","R","$","T","R","M","M","R","M","R","B",null,"M","M","M","?","M","R"],"character_chosen":"DEFECT","items_purchased":["Torii","Melter"],"campfire_rested":1,"item_purchase_floors":[8,8],"current_hp_per_floor":[74,74,74,74,74,44,44,44,44,44,43,35,35,28,50,41,75,59,59,38,38,27,27,0],"gold":259,"neow_bonus":"REMOVE_CARD","is_prod":false,"is_daily":false,"chose_seed":false,"campfire_upgraded":4,"win_rate":0.0,"timestamp":1532494847,"path_taken":["M","M","M","?","?","E","R","?","T","R","M","M","R","M","R","BOSS","M","M","M","?","?","R","M"],"build_version":"2018-07-19v2","purchased_purges":0,"victory":false,"max_hp_per_floor":[75,75,75,75,75,75,75,75,75,75,75,75,75,75,75,75,75,75,75,75,75,75,75,75],"card_choices":[{"not_picked":["Steam","Hologram"],"picked":"Consume","floor":1},{"not_picked":["Barrage","Scrape"],"picked":"Lockon","floor":2},{"not_picked":["Conserve Battery","Leap"],"picked":"Steam","floor":3},{"not_picked":["Conserve Battery","Leap"],"picked":"Coolheaded","floor":6},{"not_picked":["Doom and Gloom","Cold Snap"],"picked":"Hologram","floor":11},{"not_picked":["Amplify","Steam"],"picked":"Tempest","floor":12},{"not_picked":["Compile Driver","Doom and Gloom"],"picked":"Conserve Battery","floor":14},{"not_picked":["Core Surge","Echo Form"],"picked":"Creative AI","floor":16},{"not_picked":["Fusion+1","Sweeping Beam"],"picked":"Steam Power","floor":18},{"not_picked":["Redo","Tempest"],"picked":"Steam+1","floor":19},{"not_picked":["Barrage","Beam Cell+1"],"picked":"Rebound","floor":20},{"not_picked":["Redo","Barrage"],"picked":"Recycle","floor":22}],"player_experience":393900,"relics_obtained":[{"floor":6,"key":"Bag of Marbles"},{"floor":9,"key":"Centennial Puzzle"}],"event_choices":[{"event_name":"Golden Shrine","player_choice":"Desecrate","floor":4,"damage_taken":0},{"event_name":"Living Wall","player_choice":"Forget","floor":5,"damage_taken":0},{"event_name":"Back to Basics","player_choice":"Elegance","floor":21,"damage_taken":0}],"is_beta":false,"boss_relics":[{"not_picked":["Fusion Hammer","Orrery"],"picked":"Inserter"}],"items_purged_floors":[],"is_endless":false,"potions_floor_spawned":[2,3,12,16],"killed_by":"Slaver and Parasite","ascension_level":1}