{"gold_per_floor":[111,127,143,158,48,48,48,148,148,161,161,179,179,189,189,289,289,302,316,330,154,169,169,184,59,59,59,59,70,70,97,97,97],"floor_reached":33,"playtime":2124,"items_purged":["Defend_B","Defend_B","Thunder Strike"],"score":241,"play_id":"eba65c53-865b-43ba-95c8-9dd2c3edcbc5","local_time":"20181005134825","is_ascension_mode":false,"campfire_choices":[{"data":"Dualcast","floor":6,"key":"SMITH"},{"data":"Reboot","floor":11,"key":"SMITH"},{"data":"Consume","floor":15,"key":"SMITH"},{"data":"Blizzard","floor":23,"key":"SMITH"},{"floor":32,"key":"REST"}],"neow_cost":"NONE","seed_source_timestamp":272614836415240,"circlet_count":0,"master_deck":["Strike_B+1","Strike_B","Defend_B+1","Defend_B","Zap","Dualcast+1","Steam","Glacier","Turbo","Coolheaded","Beam Cell","Capacitor","Reboot+1","Consume+1","Doom and Gloom","Blizzard+1","Steam Power","Capacitor","Streamline","FTL","Darkness"],"relics":["FrozenCore","Blue Candle","Gremlin Horn","Centennial Puzzle"],"potions_floor_usage":[16,16,18,33,33,33],"damage_taken":[{"damage":10,"enemies":"Small Slimes","floor":1,"turns":3},{"damage":0,"enemies":"2 Louse","floor":2,"turns":3},{"damage":0,"enemies":"Cultist","floor":3,"turns":4},{"damage":0,"enemies":"Blue Slaver","floor":4,"turns":4},{"damage":7,"enemies":"3 Louse","floor":10,"turns":5},{"damage":0,"enemies":"Large Slime","floor":12,"turns":8},{"damage":0,"enemies":"Exordium Thugs","floor":14,"turns":6},{"damage":24,"enemies":"Hexaghost","floor":16,"turns":8},{"damage":13,"enemies":"2 Thieves","floor":18,"turns":3},{"damage":0,"enemies":"3 Byrds","floor":19,"turns":6},{"damage":15,"enemies":"Sentry and Sphere","floor":20,"turns":14},{"damage":9,"enemies":"Snake Plant","floor":22,"turns":9},{"damage":24,"enemies":"Chosen and Byrds","floor":24,"turns":13},{"damage":1,"enemies":"Centurion and Healer","floor":29,"turns":8},{"damage":41,"enemies":"Automaton","floor":33,"turns":6}],"seed_played":"6978164354914278460","potions_obtained":[{"floor":1,"key":"Poison Potion"},{"floor":12,"key":"Poison Potion"},{"floor":16,"key":"PowerPotion"},{"floor":20,"key":"FearPotion"},{"floor":22,"key":"Explosive Potion"},{"floor":24,"key":"Ancient Potion"}],"is_trial":false,"path_per_floor":["M","M","M","M","$","R","?","?","T","M","R","M","?","M","R","B",null,"M","M","M","$","M","R","M","$","T","?","$","M","?","T","R"],"character_chosen":"DEFECT","items_purchased":["Capacitor","Capacitor"],"campfire_rested":1,"item_purchase_floors":[5,21],"current_hp_per_floor":[65,65,65,65,65,65,65,65,65,58,58,58,43,43,43,19,75,62,62,47,47,38,38,14,14,14,14,14,13,13,13,35,0],"gold":97,"neow_bonus":"THREE_CARDS","is_prod":false,"is_daily":false,"chose_seed":false,"campfire_upgraded":4,"win_rate":0,"timestamp":1538740105,"path_taken":["M","M","M","M","$","R","?","?","T","M","R","M","?","M","R","BOSS","M","M","M","$","M","R","M","$","T","?","?","M","?","?","R","BOSS"],"build_version":"2018-10-04","purchased_purges":3,"victory":false,"max_hp_per_floor":[75,75,75,75,75,75,75,75,75,75,75,75,75,75,75,75,75,75,75,75,75,75,75,75,75,75,75,75,75,75,75,75,75],"card_choices":[{"not_picked":["Rebound","Steam Power"],"picked":"Steam","floor":0},{"not_picked":["Lockon","Leap"],"picked":"Glacier","floor":1},{"not_picked":["Streamline","Rebound"],"picked":"Turbo","floor":2},{"not_picked":["Rebound","Leap"],"picked":"Coolheaded","floor":3},{"not_picked":["Tempest","Turbo"],"picked":"Beam Cell","floor":4},{"not_picked":["Leap","Reprogram"],"picked":"Reboot","floor":10},{"not_picked":["Lockon","White Noise"],"picked":"Consume","floor":12},{"not_picked":["Heatsinks","Streamline"],"picked":"Doom and Gloom","floor":14},{"not_picked":["Meteor Strike","All For One"],"picked":"Thunder Strike","floor":16},{"not_picked":["Genetic Algorithm","Compile Driver","Force Field"],"picked":"SKIP","floor":18},{"not_picked":["Heatsinks","Steam+1"],"picked":"Blizzard","floor":19},{"not_picked":["Rebound+1","Leap"],"picked":"Steam Power","floor":20},{"not_picked":["Steam Power","Gash"],"picked":"Streamline","floor":22},{"not_picked":["Ball Lightning","Turbo","Reprogram+1"],"picked":"SKIP","floor":24},{"not_picked":["Streamline","White Noise","Rip and Tear"],"picked":"SKIP","floor":29}],"player_experience":178296,"relics_obtained":[{"floor":9,"key":"Blue Candle"},{"floor":26,"key":"Gremlin Horn"},{"floor":31,"key":"Centennial Puzzle"}],"event_choices":[{"event_name":"Liars Game","player_choice":"disagreed","floor":7,"damage_taken":0},{"event_name":"Golden Shrine","player_choice":"Pray","floor":8,"damage_taken":0},{"event_name":"Shining Light","player_choice":"Entered Light","floor":13,"damage_taken":0},{"event_name":"Ghosts","player_choice":"Ignored","floor":27,"damage_taken":0},{"event_name":"Drug Dealer","player_choice":"Became Test Subject","floor":30,"damage_taken":0}],"is_beta":false,"boss_relics":[{"not_picked":["Velvet Choker","Eternal Feather"],"picked":"FrozenCore"}],"items_purged_floors":[5,21,25],"is_endless":false,"potions_floor_spawned":[1,12,16,20,22,24],"killed_by":"Automaton","ascension_level":0}