{"gold_per_floor":[369,388,338,13,31,31,64,74,98,112,112,129,129,129,129,129],"floor_reached":16,"playtime":396,"items_purged":["Strike_B"],"score":168,"play_id":"14302556-5b11-44bd-8a31-31a954f797e1","local_time":"20190205045552","is_ascension_mode":true,"campfire_choices":[{"data":"Consume","floor":6,"key":"SMITH"},{"floor":11,"key":"REST"},{"floor":15,"key":"REST"}],"neow_cost":"TEN_PERCENT_HP_LOSS","seed_source_timestamp":1813269413777799,"circlet_count":0,"master_deck":["AscendersBane","Strike_B","Strike_B","Defend_B","Defend_B","Defend_B","Defend_B","Zap","Dualcast","Doom and Gloom","Consume+1","Sweeping Beam","Conserve Battery","Go for the Eyes","Seek","Capacitor"],"relics":["Cracked Core","Toy Ornithopter","Omamori","Dream Catcher","Golden Idol","Vajra"],"potions_floor_usage":[12],"damage_taken":[{"damage":0,"enemies":"Cultist","floor":1,"turns":4},{"damage":8,"enemies":"Jaw Worm","floor":2,"turns":4},{"damage":0,"enemies":"Small Slimes","floor":5,"turns":3},{"damage":37,"enemies":"Gremlin Nob","floor":7,"turns":5},{"damage":8,"enemies":"2 Fungi Beasts","floor":8,"turns":3},{"damage":7,"enemies":"Blue Slaver","floor":10,"turns":4},{"damage":6,"enemies":"Large Slime","floor":12,"turns":4},{"damage":33,"enemies":"Slime Boss","floor":16,"turns":3}],"seed_played":"6300921899112520653","potions_obtained":[{"floor":1,"key":"PowerPotion"},{"floor":8,"key":"Swift Potion"},{"floor":10,"key":"Explosive Potion"},{"floor":12,"key":"SmokeBomb"}],"is_trial":false,"path_per_floor":["M","M","?","$","M","R","E","M","T","M","R","M","?","?","R","B"],"character_chosen":"DEFECT","items_purchased":["Toy Ornithopter","Sweeping Beam"],"campfire_rested":2,"item_purchase_floors":[4,4],"current_hp_per_floor":[68,60,60,60,60,60,23,15,15,8,28,27,10,3,23,0],"gold":129,"neow_bonus":"TWO_FIFTY_GOLD","is_prod":false,"is_daily":false,"chose_seed":false,"campfire_upgraded":1,"win_rate":0,"timestamp":1549364152,"path_taken":["M","M","?","$","M","R","E","M","T","M","R","M","?","?","R","BOSS"],"build_version":"2019-01-23","purchased_purges":1,"victory":false,"max_hp_per_floor":[68,68,68,68,68,68,68,68,68,68,68,68,68,68,68,68],"card_choices":[{"not_picked":["Turbo","Fusion"],"picked":"Doom and Gloom","floor":1},{"not_picked":["Static Discharge","Compile Driver"],"picked":"Consume","floor":2},{"not_picked":["Sweeping Beam","Static Discharge","Rebound"],"picked":"SKIP","floor":5},{"not_picked":["Sunder","Coolheaded"],"picked":"Conserve Battery","floor":7},{"not_picked":["Conserve Battery","Tempest"],"picked":"Go for the Eyes","floor":8},{"not_picked":["Steam","Fusion","Doom and Gloom"],"picked":"SKIP","floor":10},{"not_picked":["Heatsinks","Conserve Battery"],"picked":"Seek","floor":12},{"not_picked":["Steam","Force Field"],"picked":"Capacitor","floor":15}],"player_experience":966632,"relics_obtained":[{"floor":7,"key":"Omamori"},{"floor":9,"key":"Dream Catcher"}],"event_choices":[{"cards_removed":["Strike_B"],"damage_healed":0,"gold_gain":0,"player_choice":"Card Removal","damage_taken":0,"max_hp_gain":0,"max_hp_loss":0,"event_name":"The Cleric","floor":3,"gold_loss":50},{"damage_healed":0,"gold_gain":0,"player_choice":"Take Damage","damage_taken":17,"relics_obtained":["Golden Idol"],"max_hp_gain":0,"max_hp_loss":0,"event_name":"Golden Idol","floor":13,"gold_loss":0},{"damage_healed":0,"gold_gain":0,"player_choice":"Success","damage_taken":7,"relics_obtained":["Vajra"],"max_hp_gain":0,"max_hp_loss":0,"event_name":"Scrap Ooze","floor":14,"gold_loss":0}],"is_beta":false,"boss_relics":[],"items_purged_floors":[4],"is_endless":false,"potions_floor_spawned":[1,8,10,12],"killed_by":"Slime Boss","ascension_level":13}