{"gold_per_floor":[118,130,130,8,8,8,35,35,35,50,76,95,95,109,109,186,186,186,186,186,186,186,186,186],"floor_reached":24,"playtime":936,"items_purged":["Regret"],"score":396,"play_id":"e72d9094-a9d1-4c26-b4b3-dae2916f5d6f","local_time":"20190303192228","is_ascension_mode":true,"campfire_choices":[{"data":"Discovery","floor":6,"key":"SMITH"},{"data":"Zap","floor":8,"key":"SMITH"},{"data":"Genetic Algorithm","floor":13,"key":"SMITH"},{"floor":15,"key":"REST"}],"neow_cost":"NONE","seed_source_timestamp":147802103464304,"circlet_count":0,"master_deck":["AscendersBane","Strike_B","Strike_B","Strike_B","Strike_B","Defend_B","Defend_B","Defend_B","Defend_B","Zap+1","Dualcast","Cold Snap","Gash","Gash","Discovery+1","Conserve Battery","Glacier","Genetic Algorithm+1","Reinforced Body","Echo Form","Go for the Eyes","Beam Cell","Hologram"],"relics":["Cracked Core","NeowsBlessing","Centennial Puzzle","Bag of Marbles","Potion Belt","Torii","Ectoplasm","Sundial"],"potions_floor_usage":[11,16,16,24],"damage_taken":[{"damage":0,"enemies":"Cultist","floor":1,"turns":1},{"damage":0,"enemies":"Jaw Worm","floor":2,"turns":1},{"damage":0,"enemies":"Lagavulin","floor":7,"turns":1},{"damage":0,"enemies":"2 Louse","floor":10,"turns":3},{"damage":8,"enemies":"Gremlin Nob","floor":11,"turns":4},{"damage":14,"enemies":"Exordium Thugs","floor":12,"turns":3},{"damage":7,"enemies":"Blue Slaver","floor":14,"turns":3},{"damage":23,"enemies":"The Guardian","floor":16,"turns":10},{"damage":0,"enemies":"Chosen","floor":18,"turns":6},{"damage":2,"enemies":"Shell Parasite","floor":19,"turns":7},{"damage":1,"enemies":"Cultist and Chosen","floor":21,"turns":7},{"damage":12,"enemies":"3 Cultists","floor":22,"turns":5},{"damage":48,"enemies":"Gremlin Leader","floor":24,"turns":7}],"seed_played":"468782551652310791","potions_obtained":[{"floor":7,"key":"Swift Potion"},{"floor":12,"key":"FocusPotion"},{"floor":14,"key":"Dexterity Potion"},{"floor":21,"key":"SkillPotion"}],"is_trial":false,"path_per_floor":["M","M","?","$","?","R","E","R","T","M","E","M","R","M","R","B",null,"M","M","?","M","M","T","E"],"character_chosen":"DEFECT","items_purchased":["Gash"],"campfire_rested":1,"item_purchase_floors":[4],"current_hp_per_floor":[64,64,64,64,64,64,64,64,64,64,56,42,42,35,56,33,62,62,60,60,59,47,47,0],"gold":186,"neow_bonus":"THREE_ENEMY_KILL","is_prod":false,"is_daily":false,"chose_seed":false,"campfire_upgraded":3,"win_rate":0,"timestamp":1551637348,"path_taken":["M","M","?","$","?","R","E","R","T","M","E","?","R","M","R","BOSS","M","M","?","M","M","?","E"],"build_version":"2019-01-23","purchased_purges":1,"victory":false,"max_hp_per_floor":[71,71,71,71,71,71,71,71,71,71,71,71,71,71,71,71,71,71,71,71,71,71,71,71],"card_choices":[{"not_picked":["Force Field","Redo"],"picked":"Cold Snap","floor":1},{"not_picked":["Scrape","Conserve Battery"],"picked":"Gash","floor":2},{"not_picked":["Ball Lightning","Skim"],"picked":"Conserve Battery","floor":7},{"not_picked":["Force Field","Barrage"],"picked":"Glacier","floor":10},{"not_picked":["Turbo","Rebound"],"picked":"Genetic Algorithm","floor":11},{"not_picked":["Biased Cognition","Compile Driver","Barrage"],"picked":"SKIP","floor":12},{"not_picked":["Hologram","Ball Lightning"],"picked":"Reinforced Body","floor":14},{"not_picked":["Electrodynamics","Amplify"],"picked":"Echo Form","floor":16},{"not_picked":["Consume","Coolheaded"],"picked":"Go for the Eyes","floor":18},{"not_picked":["Barrage","Conserve Battery","Stack"],"picked":"SKIP","floor":19},{"not_picked":["Ball Lightning","Go for the Eyes"],"picked":"Beam Cell","floor":21},{"not_picked":["Beam Cell","Streamline"],"picked":"Hologram","floor":22}],"player_experience":802161,"relics_obtained":[{"floor":7,"key":"Bag of Marbles"},{"floor":9,"key":"Potion Belt"},{"floor":11,"key":"Torii"},{"floor":23,"key":"Sundial"}],"event_choices":[{"damage_healed":0,"gold_gain":0,"player_choice":"Box","damage_taken":0,"relics_obtained":["Centennial Puzzle"],"max_hp_gain":0,"max_hp_loss":0,"event_name":"Big Fish","floor":3,"gold_loss":0,"cards_obtained":["Regret"]},{"damage_healed":0,"gold_gain":0,"player_choice":"1 cards matched","damage_taken":0,"max_hp_gain":0,"max_hp_loss":0,"event_name":"Match and Keep!","floor":5,"gold_loss":0,"cards_obtained":["Discovery"]},{"damage_healed":0,"gold_gain":0,"player_choice":"Ignored","damage_taken":0,"max_hp_gain":0,"max_hp_loss":0,"event_name":"The Mausoleum","floor":20,"gold_loss":0}],"is_beta":false,"boss_relics":[{"not_picked":["Pandora\u0027s Box","Coffee Dripper"],"picked":"Ectoplasm"}],"items_purged_floors":[4],"is_endless":false,"potions_floor_spawned":[7,12,14,21],"killed_by":"Gremlin Leader","ascension_level":14}