{"gold_per_floor":[17,27,27,43,61,61,94,119,143,155,192,245,257,293,305,441,453,486,498,523,535],"floor_reached":21,"playtime":1698,"items_purged":[],"score":280,"play_id":"c8150428-ce2b-4472-859a-976a548d7bbe","local_time":"20190116053508","is_ascension_mode":true,"campfire_choices":[{"floor":6,"key":"REST"},{"floor":15,"key":"REST"}],"neow_cost":"NO_GOLD","seed_source_timestamp":86201872029477,"circlet_count":0,"master_deck":["Strike_B","Strike_B","Strike_B","Defend_B","Defend_B","Defend_B","Defend_B","Zap","Dualcast","Secret Technique","Finesse","Compile Driver","Cold Snap","Coolheaded","Doom and Gloom","Conserve Battery","Parasite","Auto Shields","Creative AI","FTL","Echo Form"],"relics":["Cracked Core","Golden Idol","Bag of Preparation","MawBank","Smiling Mask","Busted Crown","CultistMask"],"potions_floor_usage":[5,7,21],"damage_taken":[{"damage":0,"enemies":"Cultist","floor":1,"turns":3},{"damage":5,"enemies":"2 Louse","floor":2,"turns":3},{"damage":7,"enemies":"Jaw Worm","floor":4,"turns":3},{"damage":21,"enemies":"Gremlin Gang","floor":5,"turns":7},{"damage":17,"enemies":"3 Sentries","floor":7,"turns":7},{"damage":8,"enemies":"Looter","floor":8,"turns":4},{"damage":0,"enemies":"2 Fungi Beasts","floor":11,"turns":4},{"damage":15,"enemies":"Lagavulin","floor":12,"turns":9},{"damage":0,"enemies":"Large Slime","floor":14,"turns":5},{"damage":25,"enemies":"Slime Boss","floor":16,"turns":8},{"damage":19,"enemies":"Spheric Guardian","floor":18,"turns":6},{"damage":28,"enemies":"2 Thieves","floor":20,"turns":3},{"damage":18,"enemies":"Snecko","floor":21,"turns":5}],"seed_played":"-6301009715459595196","potions_obtained":[{"floor":1,"key":"Swift Potion"},{"floor":5,"key":"PowerPotion"},{"floor":11,"key":"Ancient Potion"},{"floor":14,"key":"PowerPotion"},{"floor":16,"key":"Fire Potion"}],"is_trial":false,"path_per_floor":["M","M","?","M","M","R","E","M","T","?","M","E","?","M","R","B",null,"M","?","M","M"],"character_chosen":"DEFECT","items_purchased":[],"campfire_rested":2,"item_purchase_floors":[],"current_hp_per_floor":[68,63,45,38,17,39,22,14,14,32,32,17,10,10,32,7,58,39,39,11,0],"gold":535,"neow_bonus":"RANDOM_COLORLESS_2","is_prod":false,"is_daily":false,"chose_seed":false,"campfire_upgraded":0,"win_rate":0,"timestamp":1547638508,"path_taken":["M","M","?","M","M","R","E","M","T","?","M","E","?","M","R","BOSS","M","?","M","?"],"build_version":"2019-01-10","purchased_purges":0,"victory":false,"max_hp_per_floor":[75,75,75,75,75,75,75,75,75,75,75,75,75,75,75,75,75,75,75,75,75],"card_choices":[{"not_picked":["Turbo","Hologram"],"picked":"Compile Driver","floor":1},{"not_picked":["Hologram","Steam"],"picked":"Cold Snap","floor":2},{"not_picked":["Gash","Redo"],"picked":"Coolheaded","floor":4},{"not_picked":["Multi-Cast","Turbo"],"picked":"Doom and Gloom","floor":5},{"not_picked":["Heatsinks","Force Field","Hello World"],"picked":"SKIP","floor":7},{"not_picked":["Leap","Go for the Eyes"],"picked":"Conserve Battery","floor":8},{"not_picked":["Barrage","Redo"],"picked":"Auto Shields","floor":11},{"not_picked":["Aggregate","Steam"],"picked":"Creative AI","floor":12},{"not_picked":["Sweeping Beam","Coolheaded"],"picked":"FTL","floor":14},{"not_picked":["Meteor Strike","All For One"],"picked":"Echo Form","floor":16},{"not_picked":["Melter"],"picked":"SKIP","floor":18},{"not_picked":["Barrage"],"picked":"SKIP","floor":20}],"player_experience":634765,"relics_obtained":[{"floor":7,"key":"Bag of Preparation"},{"floor":9,"key":"MawBank"},{"floor":12,"key":"Smiling Mask"}],"event_choices":[{"damage_healed":0,"gold_gain":0,"player_choice":"Take Damage","damage_taken":18,"relics_obtained":["Golden Idol"],"max_hp_gain":0,"max_hp_loss":0,"event_name":"Golden Idol","floor":3,"gold_loss":0},{"damage_healed":18,"gold_gain":0,"player_choice":"Healed and dodged fight","damage_taken":0,"max_hp_gain":0,"max_hp_loss":0,"event_name":"Mushrooms","floor":10,"gold_loss":0,"cards_obtained":["Parasite"]},{"cards_removed":["Strike_B"],"damage_healed":0,"gold_gain":0,"player_choice":"Card Removal","damage_taken":7,"max_hp_gain":0,"max_hp_loss":0,"event_name":"Golden Wing","floor":13,"gold_loss":0},{"damage_healed":0,"gold_gain":0,"player_choice":"Trade","damage_taken":0,"relics_obtained":["CultistMask"],"max_hp_gain":0,"max_hp_loss":0,"event_name":"FaceTrader","floor":19,"gold_loss":0}],"is_beta":false,"boss_relics":[{"not_picked":["Nuclear Battery","Velvet Choker"],"picked":"Busted Crown"}],"items_purged_floors":[],"is_endless":false,"potions_floor_spawned":[1,5,11,14,16,18],"killed_by":"Snecko","ascension_level":9}