{"gold_per_floor":[113,127,9,9,9,44,44,82,82,82,115,115,134,30,30,30],"floor_reached":16,"playtime":380,"items_purged":[],"score":240,"play_id":"8e185090-2931-43a4-80af-76bc61f7c8dc","local_time":"20190303130204","is_ascension_mode":true,"campfire_choices":[{"data":"Neutralize","floor":7.0,"key":"SMITH"},{"data":"Dash","floor":10.0,"key":"SMITH"},{"floor":15.0,"key":"REST"}],"neow_cost":"NONE","seed_source_timestamp":125398631072654,"circlet_count":0,"master_deck":["AscendersBane","Defend_G","Defend_G","Defend_G","Defend_G","Defend_G","Strike_G","Strike_G","Strike_G","Strike_G","Survivor","Neutralize+1","Dagger Throw","Sucker Punch","Dash+1","Cloak And Dagger","Die Die Die","Endless Agony","Corpse Explosion","Deadly Poison","Noxious Fumes","Cloak And Dagger"],"special_seed":0,"relics":["Ring of the Snake","NeowsBlessing","Golden Idol","Ginger","Ninja Scroll","Sundial","Blue Candle","Ice Cream"],"potions_floor_usage":[],"damage_taken":[{"damage":0.0,"enemies":"Jaw Worm","floor":1.0,"turns":1.0},{"damage":0.0,"enemies":"Cultist","floor":2.0,"turns":1.0},{"damage":0.0,"enemies":"Lagavulin","floor":6.0,"turns":1.0},{"damage":16.0,"enemies":"3 Sentries","floor":8.0,"turns":7.0},{"damage":12.0,"enemies":"Lagavulin","floor":11.0,"turns":5.0},{"damage":0.0,"enemies":"2 Louse","floor":13.0,"turns":1.0},{"damage":35,"enemies":"Slime Boss","floor":16,"turns":6}],"seed_played":"-97141351914653403","potions_obtained":[{"floor":6.0,"key":"Energy Potion"}],"is_trial":false,"path_per_floor":["M","M","$","?","?","E","R","E","T","R","E","?","M","$","R","B"],"character_chosen":"THE_SILENT","items_purchased":["Dash","Cloak And Dagger","Noxious Fumes","Cloak And Dagger"],"campfire_rested":1,"item_purchase_floors":[3,3,14,14],"current_hp_per_floor":[59,59,59,59,41,41,41,25,25,25,13,13,13,13,31,0],"gold":30,"neow_bonus":"THREE_ENEMY_KILL","is_prod":false,"is_daily":false,"chose_seed":false,"campfire_upgraded":2,"win_rate":0,"timestamp":1551614524,"path_taken":["M","M","$","?","?","E","R","E","T","R","E","?","?","$","R","BOSS"],"build_version":"2019-01-23","purchased_purges":0,"victory":false,"max_hp_per_floor":[66,66,66,61,61,61,61,61,61,61,61,61,61,61,61,61],"card_choices":[{"not_picked":["Dodge and Roll","Flechettes"],"picked":"Dagger Throw","floor":1.0},{"not_picked":["Distraction","Outmaneuver"],"picked":"Sucker Punch","floor":2.0},{"not_picked":["Reflex","Deadly Poison"],"picked":"Die Die Die","floor":6.0},{"not_picked":["Poisoned Stab","Deflect"],"picked":"Endless Agony","floor":8.0},{"not_picked":["Outmaneuver","Prepared"],"picked":"Corpse Explosion","floor":11.0},{"not_picked":["Bane","Backflip"],"picked":"Deadly Poison","floor":13.0}],"player_experience":780570,"relics_obtained":[{"floor":6.0,"key":"Ninja Scroll"},{"floor":8.0,"key":"Sundial"},{"floor":9.0,"key":"Blue Candle"},{"floor":11.0,"key":"Ice Cream"}],"event_choices":[{"damage_healed":0.0,"max_hp_gain":0.0,"max_hp_loss":5.0,"gold_gain":0.0,"event_name":"Golden Idol","player_choice":"Lose Max HP","floor":4.0,"gold_loss":0.0,"damage_taken":0.0,"relics_obtained":["Golden Idol"]},{"damage_healed":0.0,"max_hp_gain":0.0,"max_hp_loss":0.0,"gold_gain":0.0,"event_name":"Scrap Ooze","player_choice":"Success","floor":5.0,"gold_loss":0.0,"damage_taken":18.0,"relics_obtained":["Ginger"]},{"cards_removed":["Strike_G"],"damage_healed":0.0,"max_hp_gain":0.0,"max_hp_loss":0.0,"gold_gain":0.0,"event_name":"Purifier","player_choice":"Purged","floor":12.0,"gold_loss":0.0,"damage_taken":0.0}],"is_beta":false,"boss_relics":[],"items_purged_floors":[],"is_endless":false,"potions_floor_spawned":[6],"killed_by":"Slime Boss","ascension_level":14}