{"gold_per_floor":[117,129,129,141,156,156,183,198,198,232,232,250,277,287,287,389,389,407,322,322,335,354,354,387,407,407,407,39,53,53,1,1,104,104,123,198,208,108,127,157,157,190,214,227,242,256,268,299,299,299],"floor_reached":51,"playtime":3097,"items_purged":["Strike_R","Strike_R"],"score":1054,"play_id":"64910173-d354-4f94-a090-4d3576356e1d","local_time":"20190221193337","is_ascension_mode":true,"campfire_choices":[{"floor":6,"key":"REST"},{"floor":11,"key":"REST"},{"data":"Barricade","floor":15,"key":"SMITH"},{"data":"Body Slam","floor":23,"key":"SMITH"},{"data":"Bash","floor":32,"key":"SMITH"},{"data":"Feel No Pain","floor":41,"key":"SMITH"},{"floor":49,"key":"REST"}],"neow_cost":"PERCENT_DAMAGE","seed_source_timestamp":349111251787990,"circlet_count":0,"master_deck":["Strike_R","Strike_R","Strike_R","Defend_R+1","Defend_R","Defend_R","Defend_R","Bash+1","Corruption+1","Pommel Strike","Armaments+1","Pummel","Uppercut","Ghostly Armor+1","Bludgeon","Sword Boomerang","Barricade+1","Headbutt","Burning Pact+1","Pummel","Warcry+1","Perfected Strike","True Grit+1","Feel No Pain+1","Feel No Pain+1","Body Slam+1","Body Slam+1","Armaments+1","Rage+1","Enlightenment+1","Whirlwind+1","Body Slam+1","Entrench+1","Parasite","Spot Weakness+1","Body Slam+1","Sentinel+1","Sentinel+1"],"relics":["Burning Blood","Prayer Wheel","Letter Opener","FossilizedHelix","Toxic Egg 2","Ice Cream","Busted Crown","Mercury Hourglass","Potion Belt","Thread and Needle","Vajra","Black Star","Ancient Tea Set","War Paint","Darkstone Periapt","Charon\u0027s Ashes","Anchor","Regal Pillow","Orichalcum"],"potions_floor_usage":[5,13,24,24,24,37,42,42,42,50,50,50,50],"damage_taken":[{"damage":1,"enemies":"Jaw Worm","floor":1,"turns":6},{"damage":3,"enemies":"Small Slimes","floor":2,"turns":3},{"damage":3,"enemies":"2 Louse","floor":4,"turns":3},{"damage":19,"enemies":"Gremlin Gang","floor":5,"turns":6},{"damage":40,"enemies":"Gremlin Nob","floor":7,"turns":5},{"damage":12,"enemies":"Looter","floor":8,"turns":3},{"damage":32,"enemies":"Lagavulin","floor":10,"turns":6},{"damage":0,"enemies":"Exordium Thugs","floor":12,"turns":5},{"damage":10,"enemies":"3 Sentries","floor":13,"turns":6},{"damage":0,"enemies":"Red Slaver","floor":14,"turns":3},{"damage":15,"enemies":"Hexaghost","floor":16,"turns":12},{"damage":4,"enemies":"Chosen","floor":18,"turns":4},{"damage":0,"enemies":"Colosseum Slavers","floor":20,"turns":3},{"damage":1,"enemies":"2 Thieves","floor":21,"turns":3},{"damage":1,"enemies":"Cultist and Chosen","floor":22,"turns":6},{"damage":7,"enemies":"Gremlin Leader","floor":24,"turns":7},{"damage":17,"enemies":"Snake Plant","floor":25,"turns":4},{"damage":0,"enemies":"Chosen and Byrds","floor":29,"turns":3},{"damage":17,"enemies":"Champ","floor":33,"turns":9},{"damage":0,"enemies":"3 Shapes","floor":35,"turns":4},{"damage":16,"enemies":"3 Darklings","floor":37,"turns":7},{"damage":0,"enemies":"Maw","floor":39,"turns":6},{"damage":34,"enemies":"Reptomancer","floor":40,"turns":7},{"damage":0,"enemies":"Giant Head","floor":42,"turns":8},{"damage":0,"enemies":"Writhing Mass","floor":44,"turns":5},{"damage":9,"enemies":"3 Darklings","floor":45,"turns":5},{"damage":0,"enemies":"4 Shapes","floor":46,"turns":4},{"damage":14,"enemies":"Transient","floor":47,"turns":5},{"damage":0,"enemies":"Reptomancer","floor":48,"turns":6},{"damage":84,"enemies":"Time Eater","floor":50,"turns":14}],"seed_played":"2859391390094299467","potions_obtained":[{"floor":1,"key":"PowerPotion"},{"floor":12,"key":"AttackPotion"},{"floor":13,"key":"LiquidBronze"},{"floor":18,"key":"SkillPotion"},{"floor":21,"key":"FearPotion"},{"floor":24,"key":"Weak Potion"},{"floor":33,"key":"Weak Potion"},{"floor":37,"key":"BloodPotion"},{"floor":39,"key":"FearPotion"},{"floor":40,"key":"Swift Potion"},{"floor":46,"key":"LiquidBronze"},{"floor":48,"key":"LiquidBronze"}],"is_trial":false,"path_per_floor":["M","M","?","M","M","R","E","M","T","E","R","M","E","M","R","B",null,"M","?","?","M","M","R","E","M","T","?","$","M","?","$","R","B",null,"M","?","M","$","M","E","R","E","T","M","M","M","M","E","R","B",null],"character_chosen":"IRONCLAD","items_purchased":["Vajra","Enlightenment+1","Poison Potion","Strength Potion"],"campfire_rested":3,"item_purchase_floors":[28,28,28,31],"current_hp_per_floor":[61,64,64,67,54,78,44,38,38,12,36,42,38,44,44,35,69,71,71,77,80,80,80,79,68,68,60,60,66,66,66,66,55,74,80,72,62,62,68,40,40,54,54,66,63,69,61,67,86,8],"gold":299,"neow_bonus":"ONE_RARE_RELIC","is_prod":false,"is_daily":false,"chose_seed":false,"campfire_upgraded":4,"win_rate":0,"timestamp":1550774017,"path_taken":["M","M","?","M","M","R","E","M","T","E","R","M","E","M","R","BOSS","M","?","?","M","M","R","E","M","T","?","$","?","?","?","R","BOSS","M","?","M","$","M","E","R","E","T","M","M","M","M","E","R","BOSS"],"build_version":"2019-01-23","purchased_purges":2,"victory":true,"max_hp_per_floor":[80,80,80,80,80,80,80,80,80,80,80,80,80,80,80,80,80,80,80,80,80,80,80,80,80,80,80,80,80,80,80,80,80,80,80,80,80,80,80,80,80,80,80,86,86,86,86,86,86,86],"card_choices":[{"not_picked":["Second Wind","Thunderclap"],"picked":"Corruption","floor":1},{"not_picked":["Headbutt","True Grit"],"picked":"Pommel Strike","floor":1},{"not_picked":["Heavy Blade","Searing Blow"],"picked":"Armaments","floor":2},{"not_picked":["Thunderclap","Combust"],"picked":"Pummel","floor":2},{"not_picked":["Ghostly Armor","Anger"],"picked":"Uppercut","floor":4},{"not_picked":["Body Slam","True Grit"],"picked":"Ghostly Armor","floor":4},{"not_picked":["Searing Blow","Armaments"],"picked":"Bludgeon","floor":5},{"not_picked":["Heavy Blade","Pommel Strike"],"picked":"Sword Boomerang","floor":5},{"not_picked":["Bloodletting","True Grit"],"picked":"Barricade","floor":7},{"not_picked":["Flex","Pommel Strike"],"picked":"Headbutt","floor":8},{"not_picked":["Dual Wield","Fire Breathing","Headbutt"],"picked":"SKIP","floor":8},{"not_picked":["Dual Wield","Thunderclap"],"picked":"Burning Pact","floor":10},{"not_picked":["Perfected Strike","Heavy Blade"],"picked":"Pummel","floor":12},{"not_picked":["Headbutt","Iron Wave"],"picked":"Warcry+1","floor":12},{"not_picked":["Sword Boomerang","Pommel Strike"],"picked":"Perfected Strike","floor":13},{"not_picked":["Offering+1","Iron Wave"],"picked":"True Grit+1","floor":14},{"not_picked":["Thunderclap","Twin Strike"],"picked":"Feel No Pain","floor":14},{"not_picked":[],"picked":"Feel No Pain+1","floor":18},{"not_picked":[],"picked":"Body Slam","floor":18},{"not_picked":[],"picked":"Body Slam+1","floor":21},{"not_picked":["Headbutt"],"picked":"SKIP","floor":21},{"not_picked":[],"picked":"Armaments+1","floor":22},{"not_picked":["Twin Strike"],"picked":"SKIP","floor":22},{"not_picked":[],"picked":"Rage+1","floor":24},{"not_picked":["Twin Strike"],"picked":"SKIP","floor":25},{"not_picked":["Sword Boomerang+1"],"picked":"SKIP","floor":25},{"not_picked":["Sword Boomerang"],"picked":"SKIP","floor":29},{"not_picked":["Cleave+1"],"picked":"SKIP","floor":29},{"not_picked":[],"picked":"Whirlwind+1","floor":35},{"not_picked":["Cleave+1"],"picked":"SKIP","floor":35},{"not_picked":["Pummel"],"picked":"SKIP","floor":37},{"not_picked":["Clothesline"],"picked":"SKIP","floor":37},{"not_picked":["Heavy Blade"],"picked":"SKIP","floor":39},{"not_picked":["Twin Strike"],"picked":"SKIP","floor":39},{"not_picked":[],"picked":"Body Slam+1","floor":40},{"not_picked":[],"picked":"Entrench+1","floor":42},{"not_picked":["Searing Blow"],"picked":"SKIP","floor":44},{"not_picked":["Rupture"],"picked":"SKIP","floor":44},{"not_picked":[],"picked":"Spot Weakness+1","floor":45},{"not_picked":["Heavy Blade+1"],"picked":"SKIP","floor":45},{"not_picked":[],"picked":"Body Slam+1","floor":46},{"not_picked":[],"picked":"Sentinel+1","floor":46},{"not_picked":[],"picked":"Sentinel+1","floor":47},{"not_picked":["Sever Soul+1"],"picked":"SKIP","floor":47},{"not_picked":["Clash+1"],"picked":"SKIP","floor":48}],"player_experience":699430,"relics_obtained":[{"floor":7,"key":"Letter Opener"},{"floor":9,"key":"FossilizedHelix"},{"floor":10,"key":"Toxic Egg 2"},{"floor":13,"key":"Ice Cream"},{"floor":24,"key":"Potion Belt"},{"floor":26,"key":"Thread and Needle"},{"floor":40,"key":"Ancient Tea Set"},{"floor":40,"key":"War Paint"},{"floor":42,"key":"Darkstone Periapt"},{"floor":42,"key":"Charon\u0027s Ashes"},{"floor":43,"key":"Anchor"},{"floor":48,"key":"Regal Pillow"},{"floor":48,"key":"Orichalcum"}],"event_choices":[{"damage_healed":0,"gold_gain":0,"player_choice":"Grow","damage_taken":0,"max_hp_gain":0,"max_hp_loss":0,"event_name":"Living Wall","floor":3,"gold_loss":0,"cards_upgraded":["Armaments"]},{"damage_healed":0,"gold_gain":0,"player_choice":"Obtained Relic","damage_taken":0,"relics_obtained":["Mercury Hourglass"],"max_hp_gain":0,"max_hp_loss":0,"event_name":"Addict","floor":19,"gold_loss":85},{"damage_healed":0,"gold_gain":0,"player_choice":"Fight","damage_taken":0,"max_hp_gain":0,"max_hp_loss":0,"event_name":"Colosseum","floor":20,"gold_loss":0},{"damage_healed":0,"gold_gain":0,"player_choice":"Fled From Nobs","damage_taken":0,"max_hp_gain":0,"max_hp_loss":0,"event_name":"Colosseum","floor":20,"gold_loss":0},{"damage_healed":0,"gold_gain":0,"player_choice":"","damage_taken":8,"max_hp_gain":0,"max_hp_loss":0,"event_name":"Knowing Skull","floor":27,"potions_obtained":[],"gold_loss":0,"cards_obtained":[]},{"damage_healed":0,"gold_gain":0,"player_choice":"Forge","damage_taken":0,"max_hp_gain":0,"max_hp_loss":0,"event_name":"Accursed Blacksmith","floor":30,"gold_loss":0,"cards_upgraded":["Corruption"]},{"damage_healed":0,"gold_gain":75,"player_choice":"Touch","damage_taken":8,"max_hp_gain":0,"max_hp_loss":0,"event_name":"FaceTrader","floor":36,"gold_loss":0}],"is_beta":false,"boss_relics":[{"not_picked":["Sozu","Lizard Tail"],"picked":"Busted Crown"},{"not_picked":["Astrolabe","Runic Cube"],"picked":"Black Star"}],"items_purged_floors":[28,38],"is_endless":false,"potions_floor_spawned":[1,12,13,18,21,24,33,37,39,40,46,48],"ascension_level":5}