{"gold_per_floor":[117,135,27,43,60,60,70,70,115,115,115,131,39,57,57,158,158,170,190,202,202],"floor_reached":21,"playtime":947,"items_purged":["Strike_G"],"score":236,"play_id":"b1ec5980-3c65-4334-be68-92a9702f9861","local_time":"20190106163057","is_ascension_mode":true,"campfire_choices":[{"data":"Neutralize","floor":6,"key":"SMITH"},{"data":"Well Laid Plans","floor":8,"key":"SMITH"},{"data":"Escape Plan","floor":10,"key":"SMITH"},{"data":"Envenom","floor":15,"key":"SMITH"}],"neow_cost":"NONE","seed_source_timestamp":403801094401465,"circlet_count":0,"master_deck":["Defend_G","Defend_G","Defend_G","Defend_G","Defend_G","Strike_G","Strike_G","Strike_G","Survivor","Neutralize+1","Flying Knee","Well Laid Plans+1","Endless Agony","Cloak And Dagger","Escape Plan+1","Envenom+1","Noxious Fumes","Poisoned Stab","Adrenaline","Bane","Deadly Poison","Leg Sweep+1"],"relics":["Ring of the Snake","Bag of Preparation","Fusion Hammer"],"potions_floor_usage":[2,5,14,16,16,18],"damage_taken":[{"damage":0,"enemies":"Cultist","floor":1,"turns":5},{"damage":0,"enemies":"Jaw Worm","floor":2,"turns":5},{"damage":0,"enemies":"2 Louse","floor":4,"turns":3},{"damage":6,"enemies":"Blue Slaver","floor":5,"turns":4},{"damage":2,"enemies":"2 Fungi Beasts","floor":7,"turns":5},{"damage":2,"enemies":"Gremlin Gang","floor":12,"turns":6},{"damage":0,"enemies":"Large Slime","floor":14,"turns":5},{"damage":34,"enemies":"Slime Boss","floor":16,"turns":12},{"damage":15,"enemies":"2 Thieves","floor":18,"turns":4},{"damage":0,"enemies":"Chosen","floor":19,"turns":4},{"damage":40,"enemies":"Sentry and Sphere","floor":20,"turns":6},{"damage":3,"enemies":"Colosseum Slavers","floor":21,"turns":1}],"seed_played":"-6663348768406586074","potions_obtained":[{"floor":0,"key":"Dexterity Potion"},{"floor":0,"key":"AttackPotion"},{"floor":0,"key":"Fire Potion"},{"floor":2,"key":"LiquidBronze"},{"floor":4,"key":"SkillPotion"},{"floor":12,"key":"Fire Potion"},{"floor":16,"key":"Fire Potion"}],"is_trial":false,"path_per_floor":["M","M","$","M","M","R","M","R","T","R","?","M","$","M","R","B",null,"M","M","M","?"],"character_chosen":"THE_SILENT","items_purchased":["Endless Agony","Noxious Fumes","Poisoned Stab"],"campfire_rested":0,"item_purchase_floors":[3,13,13],"current_hp_per_floor":[63,63,63,63,57,57,55,55,55,55,55,53,53,53,53,19,57,42,42,2,0],"gold":202,"neow_bonus":"THREE_SMALL_POTIONS","is_prod":false,"is_daily":false,"chose_seed":false,"campfire_upgraded":4,"win_rate":0,"timestamp":1546788657,"path_taken":["M","M","$","M","?","R","M","R","T","R","?","?","$","M","R","BOSS","M","?","M","?"],"build_version":"2019-01-03v4","purchased_purges":1,"victory":false,"max_hp_per_floor":[70,70,70,70,70,70,70,70,70,70,70,70,70,70,70,70,70,70,70,70,70],"card_choices":[{"not_picked":["Catalyst","Outmaneuver"],"picked":"Flying Knee","floor":1},{"not_picked":["Deadly Poison","Dagger Throw"],"picked":"Well Laid Plans","floor":2},{"not_picked":["Blade Dance","Deflect"],"picked":"Cloak And Dagger","floor":4},{"not_picked":["Underhanded Strike","Prepared","Acrobatics"],"picked":"SKIP","floor":5},{"not_picked":["PiercingWail","Quick Slash"],"picked":"Escape Plan","floor":7},{"not_picked":["Deflect","Dodge and Roll"],"picked":"Envenom","floor":12},{"not_picked":["Expertise","Underhanded Strike","Quick Slash"],"picked":"SKIP","floor":14},{"not_picked":["After Image","Grand Finale"],"picked":"Adrenaline","floor":16},{"not_picked":["Choke","Dagger Throw"],"picked":"Bane","floor":18},{"not_picked":["Cloak And Dagger","Setup"],"picked":"Deadly Poison","floor":19},{"not_picked":["PiercingWail+1","Acrobatics"],"picked":"Leg Sweep+1","floor":20}],"player_experience":487962,"relics_obtained":[{"floor":9,"key":"Bag of Preparation"}],"event_choices":[{"cards_removed":["Strike_G"],"damage_healed":0,"gold_gain":0,"player_choice":"Card Removal","damage_taken":0,"max_hp_gain":0,"max_hp_loss":0,"event_name":"Wheel of Change","floor":11,"gold_loss":0},{"damage_healed":0,"gold_gain":0,"player_choice":"Fight","damage_taken":0,"max_hp_gain":0,"max_hp_loss":0,"event_name":"Colosseum","floor":21,"gold_loss":0}],"is_beta":false,"boss_relics":[{"not_picked":["Ring of the Serpent","WristBlade"],"picked":"Fusion Hammer"}],"items_purged_floors":[3],"is_endless":false,"potions_floor_spawned":[2,4,12,16],"killed_by":"Colosseum Slavers","ascension_level":7}