{"gold_per_floor":[109,124,124,143,143,143,178,196,220,251,251,281,281,312,312,410,410,430,49,49,63,82,82,110,110,410,437,452,483,483,501,501,605,605,622,634,645,663,135,135,153,153,176,176,189,189,189,209,209,209,209,209,18,48,48],"floor_reached":55,"playtime":6408,"items_purged":[],"score":974,"play_id":"7af49202-418b-4112-bafb-12eea2278210","local_time":"20190215231617","is_ascension_mode":true,"campfire_choices":[{"floor":6,"key":"REST"},{"data":"Dualcast","floor":11,"key":"SMITH"},{"floor":13,"key":"REST"},{"data":"Auto Shields","floor":15,"key":"SMITH"},{"data":"Echo Form","floor":23,"key":"SMITH"},{"floor":30,"key":"REST"},{"floor":32,"key":"REST"},{"floor":40,"key":"RECALL"},{"data":"Strike_B","floor":42,"key":"PURGE"},{"data":"Strike_B","floor":44,"key":"PURGE"},{"data":"Go for the Eyes","floor":46,"key":"SMITH"},{"data":"Hologram","floor":49,"key":"SMITH"},{"data":"Machine Learning","floor":52,"key":"SMITH"}],"neow_cost":"TEN_PERCENT_HP_LOSS","seed_source_timestamp":237319249352491,"circlet_count":0,"master_deck":["Strike_B","Defend_B+1","Defend_B","Defend_B","Defend_B","Zap+1","Dualcast+1","Ball Lightning","Glacier+1","Auto Shields+1","Ball Lightning","Compile Driver","Echo Form+1","Coolheaded","Go for the Eyes+1","Loop","Double Energy+1","Reinforced Body","Defragment+1","Machine Learning+1","Ball Lightning+1","White Noise","Stack","Cold Snap+1","Reprogram+1","Rainbow","Defragment","Coolheaded+1","Master of Strategy","Hologram+1","Dark Shackles"],"relics":["Cracked Core","Peace Pipe","Happy Flower","Orichalcum","Bag of Preparation","Matryoshka","Centennial Puzzle","Black Star","Anchor","Bronze Scales","Dream Catcher","Boot","Molten Egg 2","Old Coin","Omamori","Thread and Needle","Bag of Marbles","The Courier","Inserter","Lantern","Singing Bowl","Cables","Art of War","Dead Branch","Strawberry"],"potions_floor_usage":[10,12,24,24,28,33,33,37,41,50,54,54],"damage_taken":[{"damage":7,"enemies":"Jaw Worm","floor":1,"turns":3},{"damage":0,"enemies":"2 Louse","floor":2,"turns":2},{"damage":0,"enemies":"Small Slimes","floor":4,"turns":2},{"damage":10,"enemies":"3 Sentries","floor":7,"turns":7},{"damage":3,"enemies":"Blue Slaver","floor":8,"turns":3},{"damage":3,"enemies":"Lagavulin","floor":10,"turns":4},{"damage":4,"enemies":"Gremlin Nob","floor":12,"turns":3},{"damage":12,"enemies":"Lagavulin","floor":14,"turns":6},{"damage":7,"enemies":"Slime Boss","floor":16,"turns":8},{"damage":3,"enemies":"Shell Parasite","floor":18,"turns":7},{"damage":0,"enemies":"3 Byrds","floor":21,"turns":2},{"damage":0,"enemies":"Centurion and Healer","floor":22,"turns":7},{"damage":0,"enemies":"Gremlin Leader","floor":24,"turns":8},{"damage":16,"enemies":"Slavers","floor":27,"turns":5},{"damage":0,"enemies":"3 Cultists","floor":28,"turns":5},{"damage":36,"enemies":"Book of Stabbing","floor":29,"turns":5},{"damage":0,"enemies":"Shelled Parasite and Fungi","floor":31,"turns":6},{"damage":6,"enemies":"Collector","floor":33,"turns":9},{"damage":0,"enemies":"3 Shapes","floor":35,"turns":4},{"damage":0,"enemies":"Orb Walker","floor":36,"turns":4},{"damage":0,"enemies":"Jaw Worm Horde","floor":37,"turns":5},{"damage":0,"enemies":"Writhing Mass","floor":38,"turns":6},{"damage":0,"enemies":"Sphere and 2 Shapes","floor":41,"turns":4},{"damage":0,"enemies":"Spire Growth","floor":45,"turns":6},{"damage":0,"enemies":"4 Shapes","floor":48,"turns":6},{"damage":0,"enemies":"Awakened One","floor":50,"turns":13},{"damage":63,"enemies":"Shield and Spear","floor":54,"turns":9},{"damage":32,"enemies":"The Heart","floor":55,"turns":2}],"seed_played":"-3177145838364895644","potions_obtained":[{"floor":7,"key":"Block Potion"},{"floor":10,"key":"Block Potion"},{"floor":14,"key":"EssenceOfSteel"},{"floor":18,"key":"Swift Potion"},{"floor":27,"key":"FearPotion"},{"floor":29,"key":"PowerPotion"},{"floor":31,"key":"Poison Potion"},{"floor":35,"key":"Poison Potion"},{"floor":37,"key":"AttackPotion"},{"floor":38,"key":"Swift Potion"},{"floor":48,"key":"AttackPotion"}],"is_trial":false,"path_per_floor":["M","M","?","M","?","R","E","M","T","E","R","E","R","E","R","B",null,"M","$","?","M","M","R","E","?","T","E","M","E","R","M","R","B",null,"M","M","M","M","$","R","M","R","T","R","M","R","?","M","R","B",null,"R","$","E","B"],"character_chosen":"DEFECT","items_purchased":["Anchor","Bronze Scales","Go for the Eyes","Loop","Lantern","Singing Bowl","Master of Strategy","FocusPotion","Dark Shackles","Art of War"],"campfire_rested":4,"item_purchase_floors":[19,19,19,19,39,39,39,39,53,53],"current_hp_per_floor":[61,61,61,61,47,67,57,54,54,51,51,47,67,55,55,48,68,65,65,65,65,65,65,65,65,65,49,49,13,33,33,53,47,68,68,68,68,68,68,68,70,70,70,70,70,70,70,72,72,72,72,72,72,18,0],"gold":48,"neow_bonus":"ONE_RARE_RELIC","is_prod":false,"is_daily":false,"chose_seed":false,"campfire_upgraded":6,"win_rate":0,"timestamp":1550290577,"path_taken":["M","M","?","M","?","R","E","M","T","E","R","E","R","E","R","BOSS","M","$","?","M","M","R","E","?","T","E","?","E","R","M","R","BOSS","M","M","M","M","$","R","?","R","T","R","M","R","?","M","R","BOSS","R","$","E","BOSS"],"build_version":"2019-01-23","purchased_purges":0,"victory":false,"max_hp_per_floor":[68,68,68,68,68,68,68,68,68,68,68,68,68,68,68,68,68,68,68,68,68,68,68,68,68,68,68,68,68,68,68,68,68,68,68,68,68,68,68,68,70,70,70,70,70,70,70,72,72,72,72,72,72,81,81],"card_choices":[{"not_picked":["Sweeping Beam","Stack"],"picked":"Ball Lightning","floor":1},{"not_picked":["Rebound","Turbo"],"picked":"Glacier","floor":2},{"not_picked":["Undo","Ball Lightning"],"picked":"Auto Shields","floor":4},{"not_picked":["Rip and Tear","Steam"],"picked":"Ball Lightning","floor":7},{"not_picked":["Redo","Tempest","Storm"],"picked":"SKIP","floor":8},{"not_picked":["Cold Snap","Streamline"],"picked":"Compile Driver","floor":10},{"not_picked":["Barrage","Heatsinks","Force Field"],"picked":"SKIP","floor":12},{"not_picked":["Hello World","Force Field","Rebound"],"picked":"SKIP","floor":14},{"not_picked":["Rainbow","Reboot"],"picked":"Echo Form","floor":16},{"not_picked":["Hologram","Compile Driver"],"picked":"Coolheaded","floor":18},{"not_picked":["Steam","Beam Cell"],"picked":"Double Energy+1","floor":21},{"not_picked":["Rebound","Consume"],"picked":"Reinforced Body","floor":22},{"not_picked":["Leap","FTL+1"],"picked":"Defragment+1","floor":24},{"not_picked":["Streamline+1","Compile Driver+1"],"picked":"Ball Lightning+1","floor":27},{"not_picked":["Coolheaded","Reinforced Body"],"picked":"White Noise","floor":28},{"not_picked":["Sweeping Beam+1","Double Energy"],"picked":"Stack","floor":29},{"not_picked":["Blizzard+1","Gash+1"],"picked":"Cold Snap+1","floor":30},{"not_picked":["Cold Snap+1","Hologram","Darkness"],"picked":"SKIP","floor":31},{"not_picked":["Rainbow","Cold Snap+1"],"picked":"Reprogram+1","floor":32},{"not_picked":["Multi-Cast","Meteor Strike+1"],"picked":"Rainbow","floor":33},{"not_picked":["Storm+1","Conserve Battery"],"picked":"Defragment","floor":35},{"not_picked":["Genetic Algorithm+1","Steam+1","Cold Snap+1"],"picked":"SKIP","floor":36},{"not_picked":["Rebound+1","Beam Cell+1"],"picked":"Coolheaded+1","floor":37},{"not_picked":["Turbo","Rip and Tear+1","Beam Cell+1"],"picked":"SKIP","floor":38},{"not_picked":["Hello World","Auto Shields+1","Ball Lightning+1"],"picked":"Singing Bowl","floor":41},{"not_picked":["Beam Cell+1","Sweeping Beam+1"],"picked":"Hologram","floor":45},{"not_picked":["Doom and Gloom+1","Loop","Streamline+1"],"picked":"Singing Bowl","floor":48},{"not_picked":["Capacitor","Rip and Tear+1","Amplify"],"picked":"Singing Bowl","floor":54}],"player_experience":571546,"relics_obtained":[{"floor":7,"key":"Happy Flower"},{"floor":9,"key":"Orichalcum"},{"floor":10,"key":"Bag of Preparation"},{"floor":12,"key":"Matryoshka"},{"floor":14,"key":"Centennial Puzzle"},{"floor":24,"key":"Dream Catcher"},{"floor":24,"key":"Boot"},{"floor":26,"key":"Molten Egg 2"},{"floor":26,"key":"Old Coin"},{"floor":27,"key":"Omamori"},{"floor":27,"key":"Thread and Needle"},{"floor":29,"key":"Bag of Marbles"},{"floor":29,"key":"The Courier"},{"floor":43,"key":"Cables"},{"floor":54,"key":"Dead Branch"},{"floor":54,"key":"Strawberry"}],"event_choices":[{"damage_healed":0,"gold_gain":0,"player_choice":"Grow","damage_taken":0,"max_hp_gain":0,"max_hp_loss":0,"event_name":"Living Wall","floor":3,"gold_loss":0,"cards_upgraded":["Zap"]},{"damage_healed":0,"gold_gain":0,"player_choice":"Entered Light","damage_taken":14,"max_hp_gain":0,"max_hp_loss":0,"event_name":"Shining Light","floor":5,"gold_loss":0,"cards_upgraded":["Defend_B","Glacier"]},{"damage_healed":0,"gold_gain":0,"player_choice":"Ignored","damage_taken":0,"max_hp_gain":0,"max_hp_loss":0,"event_name":"Beggar","floor":20,"gold_loss":0},{"damage_healed":0,"gold_gain":0,"cards_transformed":["Strike_B"],"player_choice":"Transformed","damage_taken":0,"max_hp_gain":0,"max_hp_loss":0,"event_name":"Transmorgrifier","floor":25,"gold_loss":0,"cards_obtained":["Machine Learning"]},{"damage_healed":0,"gold_gain":0,"player_choice":"Ignored","damage_taken":0,"max_hp_gain":0,"max_hp_loss":0,"event_name":"SecretPortal","floor":47,"gold_loss":0}],"is_beta":false,"boss_relics":[{"not_picked":["Pandora\u0027s Box","Snecko Eye"],"picked":"Black Star"},{"not_picked":["Cursed Key","FrozenCore"],"picked":"Inserter"}],"items_purged_floors":[],"is_endless":false,"potions_floor_spawned":[7,10,14,18,27,29,31,35,37,38,48],"killed_by":"The Heart","ascension_level":3}