{"gold_per_floor":[109,125,139,139,51,51,80,99,99,57,57,82,82,110,110,110],"floor_reached":16,"playtime":1634,"items_purged":[],"score":236,"play_id":"c483dfd7-698b-4c84-b4b8-0f099950674e","local_time":"20190301211817","is_ascension_mode":true,"campfire_choices":[{"data":"Bash","floor":6,"key":"SMITH"},{"data":"Whirlwind","floor":11,"key":"SMITH"},{"data":"Feel No Pain","floor":15,"key":"SMITH"}],"neow_cost":"NONE","seed_source_timestamp":180905151377612,"circlet_count":0,"master_deck":["AscendersBane","Strike_R","Strike_R","Strike_R","Strike_R","Strike_R","Defend_R","Defend_R","Defend_R","Defend_R","Bash+1","Combust+1","Infernal Blade","Cleave","Feel No Pain","Impervious","Whirlwind+1","Disarm+1","Shrug It Off","Feel No Pain+1"],"relics":["Burning Blood","NeowsBlessing","Shuriken","Peace Pipe","Bottled Tornado"],"potions_floor_usage":[7,12,16],"damage_taken":[{"damage":0,"enemies":"Cultist","floor":1,"turns":1},{"damage":0,"enemies":"Small Slimes","floor":2,"turns":1},{"damage":0,"enemies":"Jaw Worm","floor":3,"turns":1},{"damage":13,"enemies":"3 Sentries","floor":7,"turns":5},{"damage":4,"enemies":"2 Fungi Beasts","floor":8,"turns":3},{"damage":17,"enemies":"Lagavulin","floor":12,"turns":7},{"damage":23,"enemies":"3 Sentries","floor":14,"turns":5},{"damage":44,"enemies":"Hexaghost","floor":16,"turns":9}],"seed_played":"8383084307551490642","potions_obtained":[{"floor":2,"key":"SteroidPotion"},{"floor":8,"key":"Strength Potion"},{"floor":14,"key":"Swift Potion"}],"is_trial":false,"path_per_floor":["M","M","M","?","$","R","E","M","T","$","R","E","?","E","R","B"],"character_chosen":"IRONCLAD","items_purchased":["Feel No Pain","Disarm"],"campfire_rested":0,"item_purchase_floors":[5,10],"current_hp_per_floor":[74,75,75,75,75,75,68,70,70,70,70,59,59,42,42,0],"gold":110,"neow_bonus":"THREE_ENEMY_KILL","is_prod":false,"is_daily":false,"chose_seed":false,"campfire_upgraded":3,"win_rate":0,"timestamp":1551435497,"path_taken":["M","?","M","?","$","R","E","M","T","?","R","E","?","E","R","BOSS"],"build_version":"2019-01-23","purchased_purges":0,"victory":false,"max_hp_per_floor":[75,75,75,75,75,75,75,75,75,75,75,75,75,75,75,75],"card_choices":[{"not_picked":["Clash","Iron Wave"],"picked":"Combust","floor":1},{"not_picked":["Clash","Body Slam"],"picked":"Infernal Blade","floor":2},{"not_picked":["Rage","Wild Strike"],"picked":"Cleave","floor":3},{"not_picked":["Ghostly Armor","Fiend Fire"],"picked":"Impervious","floor":7},{"not_picked":["Cleave","Seeing Red"],"picked":"Whirlwind","floor":8},{"not_picked":["Twin Strike","Warcry"],"picked":"Shrug It Off","floor":12},{"not_picked":["True Grit","Juggernaut"],"picked":"Feel No Pain","floor":14}],"player_experience":760293,"relics_obtained":[{"floor":7,"key":"Shuriken"},{"floor":12,"key":"Peace Pipe"},{"floor":14,"key":"Bottled Tornado"}],"event_choices":[{"damage_healed":0,"gold_gain":0,"player_choice":"Upgraded","damage_taken":0,"max_hp_gain":0,"max_hp_loss":0,"event_name":"Upgrade Shrine","floor":4,"gold_loss":0,"cards_upgraded":["Combust"]},{"damage_healed":0,"gold_gain":0,"player_choice":"Grow","damage_taken":0,"max_hp_gain":0,"max_hp_loss":0,"event_name":"Living Wall","floor":13,"gold_loss":0,"cards_upgraded":["Disarm"]}],"is_beta":false,"boss_relics":[],"items_purged_floors":[],"is_endless":false,"potions_floor_spawned":[2,8,14],"killed_by":"Hexaghost","ascension_level":20}