{"gold_per_floor":[363,377,95,106,125,156,167,167,167,196,196,208,208,226,226,329,329,343,343,355,366,385,385,399,18,100,116,164,176,196,196,196,196],"floor_reached":33,"playtime":2612,"items_purged":["Strike_R"],"score":265,"play_id":"11bc07ee-22d4-483c-a9b1-9d3edc99aa88","local_time":"20181004172630","is_ascension_mode":false,"campfire_choices":[{"floor":8,"key":"REST"},{"data":"Armaments","floor":11,"key":"SMITH"},{"data":"Seeing Red","floor":15,"key":"SMITH"},{"data":"Battle Trance","floor":23,"key":"SMITH"},{"floor":32,"key":"REST"}],"neow_cost":"PERCENT_DAMAGE","seed_source_timestamp":4982021362337,"circlet_count":0,"master_deck":["Strike_R","Strike_R","Strike_R","Defend_R","Defend_R","Defend_R","Defend_R","Bash","Shrug It Off","Battle Trance+1","Shrug It Off","Armaments+1","Clothesline","Seeing Red+1","Whirlwind+1","Headbutt","True Grit","Demon Form","Warcry","Headbutt+1","Offering","Shrug It Off","Flex","Iron Wave","Armaments","Armaments+1"],"relics":["Burning Blood","Mercury Hourglass","Strawberry","Dream Catcher","Pen Nib","Runic Dome","Vajra","Molten Egg 2","Omamori"],"potions_floor_usage":[30,33,33,33],"damage_taken":[{"damage":1,"enemies":"Cultist","floor":1,"turns":3},{"damage":8,"enemies":"Small Slimes","floor":2,"turns":3},{"damage":0,"enemies":"2 Louse","floor":4,"turns":3},{"damage":15,"enemies":"Exordium Thugs","floor":5,"turns":5},{"damage":23,"enemies":"Gremlin Nob","floor":6,"turns":5},{"damage":0,"enemies":"Large Slime","floor":7,"turns":5},{"damage":14,"enemies":"3 Sentries","floor":10,"turns":6},{"damage":0,"enemies":"Lots of Slimes","floor":12,"turns":1},{"damage":8,"enemies":"Exordium Thugs","floor":14,"turns":4},{"damage":60,"enemies":"Slime Boss","floor":16,"turns":12},{"damage":29,"enemies":"2 Thieves","floor":18,"turns":4},{"damage":2,"enemies":"Chosen","floor":20,"turns":4},{"damage":30,"enemies":"3 Cultists","floor":21,"turns":4},{"damage":10,"enemies":"Cultist and Chosen","floor":22,"turns":3},{"damage":14,"enemies":"Sentry and Sphere","floor":24,"turns":6},{"damage":6,"enemies":"3 Cultists","floor":27,"turns":3},{"damage":14,"enemies":"Snecko","floor":29,"turns":4},{"damage":21,"enemies":"Snake Plant","floor":30,"turns":2},{"damage":36,"enemies":"Champ","floor":33,"turns":8}],"seed_played":"302951831926698202","potions_obtained":[{"floor":5,"key":"SkillPotion"},{"floor":6,"key":"SkillPotion"},{"floor":10,"key":"Weak Potion"},{"floor":12,"key":"Explosive Potion"},{"floor":13,"key":"Strength Potion"},{"floor":30,"key":"Poison Potion"}],"is_trial":false,"path_per_floor":["M","M","$","M","M","E","M","R","T","E","R","M","?","M","R","B",null,"M","?","M","M","M","R","M","$","T","M","T","M","M","?","R"],"character_chosen":"IRONCLAD","items_purchased":["Mercury Hourglass","Shrug It Off","Vajra","Shrug It Off","Flex","Iron Wave"],"campfire_rested":2,"item_purchase_floors":[3,3,25,25,25,25],"current_hp_per_floor":[61,59,59,65,56,46,52,78,78,70,70,76,76,74,74,20,87,64,64,68,44,40,40,32,32,32,32,32,24,9,9,35,0],"gold":196,"neow_bonus":"TWO_FIFTY_GOLD","is_prod":false,"is_daily":false,"chose_seed":false,"campfire_upgraded":3,"win_rate":0,"timestamp":1538666790,"path_taken":["M","M","$","?","M","E","M","R","T","E","R","M","?","M","R","BOSS","M","?","M","?","M","R","M","$","T","M","?","M","M","?","R","BOSS"],"build_version":"2018-09-20","purchased_purges":1,"victory":false,"max_hp_per_floor":[80,80,80,80,80,87,87,87,87,87,87,87,87,87,87,87,87,87,87,87,87,87,87,87,87,87,87,87,87,87,87,87,87],"card_choices":[{"not_picked":["Clash","Corruption"],"picked":"Shrug It Off","floor":1},{"not_picked":["Shrug It Off","Sever Soul"],"picked":"Battle Trance","floor":2},{"not_picked":["True Grit","Shockwave"],"picked":"Armaments","floor":4},{"not_picked":["Carnage","Twin Strike"],"picked":"Clothesline","floor":5},{"not_picked":["Intimidate","Disarm"],"picked":"Seeing Red","floor":6},{"not_picked":["Cleave","Limit Break"],"picked":"Whirlwind","floor":7},{"not_picked":["Infernal Blade","Clothesline","Body Slam"],"picked":"SKIP","floor":10},{"not_picked":["Pommel Strike","Warcry"],"picked":"Headbutt","floor":12},{"not_picked":["Pommel Strike","Wild Strike"],"picked":"True Grit","floor":14},{"not_picked":["Brutality","Barricade"],"picked":"Demon Form","floor":16},{"not_picked":["Ghostly Armor","Pommel Strike"],"picked":"Warcry","floor":18},{"not_picked":["Entrench","Armaments"],"picked":"Headbutt+1","floor":20},{"not_picked":["Headbutt+1","Havoc","Twin Strike+1"],"picked":"SKIP","floor":21},{"not_picked":["Cleave","Wild Strike","Twin Strike+1"],"picked":"SKIP","floor":22},{"not_picked":["Sever Soul","Entrench"],"picked":"Offering","floor":24},{"not_picked":["Twin Strike+1","Searing Blow+1","Burning Pact"],"picked":"SKIP","floor":27},{"not_picked":["Body Slam+1","Headbutt+1","Sword Boomerang+1"],"picked":"SKIP","floor":29},{"not_picked":["Havoc","Infernal Blade"],"picked":"Armaments","floor":30},{"not_picked":["Thunderclap+1","Intimidate"],"picked":"Armaments+1","floor":32}],"player_experience":79637,"relics_obtained":[{"floor":6,"key":"Strawberry"},{"floor":9,"key":"Dream Catcher"},{"floor":10,"key":"Pen Nib"},{"floor":26,"key":"Molten Egg 2"},{"floor":28,"key":"Omamori"}],"event_choices":[{"event_name":"The Lab","player_choice":"Got Potions","floor":13,"damage_taken":0},{"event_name":"Upgrade Shrine","player_choice":"Upgraded","floor":19,"damage_taken":0},{"event_name":"Bonfire Elementals","player_choice":"BASIC","floor":31,"damage_taken":0}],"is_beta":false,"boss_relics":[{"not_picked":["Calling Bell","Orrery"],"picked":"Runic Dome"}],"items_purged_floors":[25],"is_endless":false,"potions_floor_spawned":[5,6,10,12,21,24,27,30],"killed_by":"Champ","ascension_level":0}