{"gold_per_floor":[117,132,152,162,237,237,255,10,36,67,67,242,208,45,45,142,142,154,34,34,54,64,64,77,77,77,77,88,108,108,108,108,205,205,225,242,242,342,42,42,61,78,102,102,115,135,155,165,165,165],"floor_reached":51,"playtime":3444,"items_purged":["Defend_R","Strike_R"],"score":743,"play_id":"bd09b583-02e4-4519-b0b6-6cdab909d330","local_time":"20181015020207","is_ascension_mode":true,"campfire_choices":[{"data":"Burning Pact","floor":6,"key":"SMITH"},{"data":"True Grit","floor":11,"key":"SMITH"},{"floor":15,"key":"REST"},{"data":"Armaments","floor":23,"key":"SMITH"},{"data":"Heavy Blade","floor":25,"key":"SMITH"},{"data":"Heavy Blade","floor":27,"key":"SMITH"},{"data":"Clothesline","floor":32,"key":"SMITH"},{"data":"Immolate","floor":40,"key":"SMITH"},{"floor":49,"key":"REST"}],"neow_cost":"TEN_PERCENT_HP_LOSS","seed_source_timestamp":38266626693558,"circlet_count":0,"master_deck":["Strike_R","Strike_R","Defend_R","Defend_R","Defend_R","Bash","Twin Strike","Spot Weakness","Twin Strike","Burning Pact+1","Clothesline+1","Shrug It Off","True Grit+1","True Grit+1","Carnage","Metallicize","Armaments+1","Rampage","Barricade","Heavy Blade+1","Heavy Blade+1","Carnage","Shrug It Off+1","Shockwave+1","Uppercut","Immolate+1","Sever Soul+1","Carnage+1"],"relics":["Burning Blood","Pen Nib","Bag of Preparation","Omamori","Snecko Eye","Happy Flower","Sozu","ClockworkSouvenir","Lantern"],"potions_floor_usage":[1,18,50,50,50],"damage_taken":[{"damage":10,"enemies":"Cultist","floor":1,"turns":5},{"damage":6,"enemies":"Small Slimes","floor":2,"turns":4},{"damage":12,"enemies":"Jaw Worm","floor":3,"turns":4},{"damage":4,"enemies":"2 Fungi Beasts","floor":4,"turns":4},{"damage":4,"enemies":"Exordium Wildlife","floor":7,"turns":4},{"damage":20,"enemies":"Gremlin Nob","floor":10,"turns":4},{"damage":43,"enemies":"Hexaghost","floor":16,"turns":12},{"damage":23,"enemies":"2 Thieves","floor":18,"turns":5},{"damage":12,"enemies":"3 Byrds","floor":21,"turns":4},{"damage":7,"enemies":"Snake Plant","floor":22,"turns":3},{"damage":9,"enemies":"Centurion and Healer","floor":24,"turns":8},{"damage":7,"enemies":"Sentry and Sphere","floor":28,"turns":5},{"damage":0,"enemies":"Cultist and Chosen","floor":29,"turns":3},{"damage":0,"enemies":"Colosseum Slavers","floor":30,"turns":2},{"damage":2,"enemies":"Collector","floor":33,"turns":8},{"damage":0,"enemies":"3 Darklings","floor":35,"turns":2},{"damage":11,"enemies":"3 Shapes","floor":36,"turns":5},{"damage":0,"enemies":"Reptomancer","floor":41,"turns":2},{"damage":19,"enemies":"Maw","floor":42,"turns":5},{"damage":4,"enemies":"Spire Growth","floor":45,"turns":4},{"damage":0,"enemies":"Reptomancer","floor":46,"turns":2},{"damage":0,"enemies":"3 Darklings","floor":47,"turns":3},{"damage":10,"enemies":"Maw","floor":48,"turns":4},{"damage":49,"enemies":"Donu and Deca","floor":50,"turns":8}],"seed_played":"2305833675364066519","potions_obtained":[{"floor":1,"key":"Fruit Juice"},{"floor":3,"key":"SkillPotion"},{"floor":4,"key":"Energy Potion"},{"floor":10,"key":"Fire Potion"},{"floor":21,"key":"SkillPotion"},{"floor":24,"key":"AttackPotion"},{"floor":33,"key":"Ancient Potion"}],"is_trial":false,"path_per_floor":["M","M","M","M","?","R","M","$","T","E","R","?","$","$","R","B",null,"M","$","?","M","M","R","M","R","T","R","M","M","?","?","R","B",null,"M","M","?","?","$","R","M","M","T","$","M","M","M","M","R","B"],"character_chosen":"IRONCLAD","items_purchased":["Pen Nib","Shrug It Off","True Grit","Carnage","Metallicize","Armaments","Rampage","Heavy Blade","ClockworkSouvenir"],"campfire_rested":2,"item_purchase_floors":[8,8,8,13,14,14,14,19,39],"current_hp_per_floor":[73,73,67,69,58,58,60,60,60,46,46,46,46,46,69,32,77,60,60,60,54,53,53,50,50,50,50,49,55,61,61,61,65,77,77,72,72,72,72,72,77,64,64,64,66,72,77,73,77,34],"gold":165,"neow_bonus":"REMOVE_TWO","is_prod":false,"is_daily":false,"chose_seed":false,"campfire_upgraded":7,"win_rate":0,"timestamp":1539561727,"path_taken":["M","M","M","?","?","R","M","$","T","E","R","?","?","$","R","BOSS","M","$","?","M","M","R","M","R","T","R","M","M","?","?","R","BOSS","M","M","?","?","?","R","?","?","T","?","M","M","M","M","R","BOSS"],"build_version":"2018-10-04","purchased_purges":2,"victory":true,"max_hp_per_floor":[77,77,77,77,77,77,77,77,77,77,77,77,77,77,77,77,77,77,77,77,77,77,77,77,77,77,77,77,77,77,77,77,77,77,77,77,77,77,77,77,77,77,77,77,77,77,77,77,77,77],"card_choices":[{"not_picked":["Headbutt","Anger"],"picked":"Twin Strike","floor":1},{"not_picked":["Havoc","Intimidate"],"picked":"Spot Weakness","floor":2},{"not_picked":["Wild Strike","Infernal Blade"],"picked":"Twin Strike","floor":3},{"not_picked":["Twin Strike","Reckless Charge"],"picked":"Burning Pact","floor":4},{"not_picked":["Body Slam","Havoc"],"picked":"Clothesline","floor":7},{"not_picked":["Dual Wield","Searing Blow"],"picked":"True Grit","floor":10},{"not_picked":["Immolate","Exhume"],"picked":"Barricade","floor":16},{"not_picked":["Flex+1","Twin Strike"],"picked":"Heavy Blade","floor":18},{"not_picked":["Evolve","Sentinel"],"picked":"Shrug It Off+1","floor":21},{"not_picked":["Barricade","Inflame"],"picked":"Shockwave+1","floor":22},{"not_picked":["Twin Strike+1","Anger","Shrug It Off"],"picked":"SKIP","floor":24},{"not_picked":["Iron Wave","Shrug It Off","Clash"],"picked":"SKIP","floor":28},{"not_picked":["Anger+1","Thunderclap+1"],"picked":"Uppercut","floor":29},{"not_picked":["Limit Break","Berserk"],"picked":"Immolate","floor":33},{"not_picked":["Inflame","Iron Wave","Shockwave"],"picked":"SKIP","floor":35},{"not_picked":["Wild Strike","Iron Wave+1","Shrug It Off+1"],"picked":"SKIP","floor":36},{"not_picked":["Flex+1","Body Slam+1","Anger"],"picked":"SKIP","floor":41},{"not_picked":["Body Slam+1","Flex+1"],"picked":"Sever Soul+1","floor":42},{"not_picked":["Seeing Red","Cleave","Flex+1"],"picked":"SKIP","floor":45},{"not_picked":["Anger","Infernal Blade"],"picked":"Carnage+1","floor":46},{"not_picked":["Burning Pact+1","Bloodletting","Pummel+1"],"picked":"SKIP","floor":47},{"not_picked":["Heavy Blade+1","Thunderclap+1","Havoc"],"picked":"SKIP","floor":48}],"player_experience":174411,"relics_obtained":[{"floor":9,"key":"Bag of Preparation"},{"floor":10,"key":"Omamori"},{"floor":26,"key":"Happy Flower"},{"floor":43,"key":"Lantern"}],"event_choices":[{"event_name":"World of Goop","player_choice":"Gather Gold","floor":5,"damage_taken":0},{"event_name":"Liars Game","player_choice":"agreed","floor":12,"damage_taken":0},{"event_name":"Duplicator","player_choice":"One dupe","floor":20,"damage_taken":0},{"event_name":"Colosseum","player_choice":"Fight","floor":30,"damage_taken":0},{"event_name":"Colosseum","player_choice":"Fled From Nobs","floor":30,"damage_taken":0},{"event_name":"Upgrade Shrine","player_choice":"Upgraded","floor":31,"damage_taken":0},{"event_name":"The Lab","player_choice":"Got Potions","floor":37,"damage_taken":0},{"event_name":"Golden Shrine","player_choice":"Pray","floor":38,"damage_taken":0}],"is_beta":false,"boss_relics":[{"not_picked":["Tiny House","Empty Cage"],"picked":"Snecko Eye"},{"not_picked":["Runic Dome","Black Blood"],"picked":"Sozu"}],"items_purged_floors":[19,39],"is_endless":false,"potions_floor_spawned":[1,3,4,10,21,22,24,30,33,35,36,47],"ascension_level":3}