{"gold_per_floor":[118,118,132,10,10,38,55,9,9,9,29,57,73,91,91,186,186,202,53,64,76,76],"floor_reached":22,"playtime":800,"items_purged":["Tempest"],"score":290,"play_id":"717a98d6-74d8-402a-894c-20c65cb10ff6","local_time":"20190215154506","is_ascension_mode":true,"campfire_choices":[{"data":"Dualcast","floor":10,"key":"SMITH"},{"floor":15,"key":"REST"}],"neow_cost":"NONE","seed_source_timestamp":57858322109923,"circlet_count":0,"master_deck":["Zap+1","Dualcast+1","Double Energy","Conserve Battery","Sweeping Beam","Loop","Gash+1","Leap","Go for the Eyes+1","Cold Snap+1","Beam Cell+1","Skim","Gash+1","Buffer","Fusion","Loop","Electrodynamics","Recycle","Buffer","Rip and Tear+1","Static Discharge","Hologram","Turbo","Gash+1","FTL+1","Go for the Eyes+1"],"relics":["Cracked Core","NeowsBlessing","Molten Egg 2","Omamori","Calipers","Pocketwatch","Pandora\u0027s Box"],"potions_floor_usage":[20,20],"damage_taken":[{"damage":0,"enemies":"2 Louse","floor":1,"turns":1},{"damage":0,"enemies":"Jaw Worm","floor":3,"turns":1},{"damage":0,"enemies":"Gremlin Nob","floor":6,"turns":1},{"damage":0,"enemies":"Cultist","floor":7,"turns":3},{"damage":4,"enemies":"Exordium Wildlife","floor":11,"turns":5},{"damage":19,"enemies":"3 Sentries","floor":12,"turns":6},{"damage":1,"enemies":"Exordium Thugs","floor":13,"turns":4},{"damage":2,"enemies":"3 Louse","floor":14,"turns":3},{"damage":32,"enemies":"Hexaghost","floor":16,"turns":10},{"damage":10,"enemies":"Shell Parasite","floor":18,"turns":4},{"damage":12,"enemies":"Chosen","floor":20,"turns":3},{"damage":28,"enemies":"Sentry and Sphere","floor":21,"turns":5},{"damage":14,"enemies":"Snake Plant","floor":22,"turns":1}],"seed_played":"-5653485154317232396","potions_obtained":[{"floor":1,"key":"SpeedPotion"},{"floor":12,"key":"SteroidPotion"},{"floor":14,"key":"AttackPotion"},{"floor":18,"key":"PowerPotion"}],"is_trial":false,"path_per_floor":["M","?","M","$","?","E","M","$","T","R","M","E","M","M","R","B",null,"M","$","M","M","M"],"character_chosen":"DEFECT","items_purchased":["Sweeping Beam","Loop","Go for the Eyes+1","Turbo","Gash+1"],"campfire_rested":1,"item_purchase_floors":[4,4,8,19,19],"current_hp_per_floor":[68,68,68,68,61,61,61,61,61,61,57,38,37,35,57,25,63,53,53,41,13,0],"gold":76,"neow_bonus":"THREE_ENEMY_KILL","is_prod":false,"is_daily":false,"chose_seed":false,"campfire_upgraded":1,"win_rate":0,"timestamp":1550241906,"path_taken":["M","?","M","$","?","E","M","?","T","R","M","E","M","M","R","BOSS","M","$","?","M","M"],"build_version":"2019-01-23","purchased_purges":1,"victory":false,"max_hp_per_floor":[75,75,75,75,75,75,75,75,75,75,75,75,75,75,75,75,75,75,75,75,75,75],"card_choices":[{"not_picked":["Compile Driver","Stack"],"picked":"Double Energy","floor":1},{"not_picked":["Hello World","Stack"],"picked":"Conserve Battery","floor":3},{"not_picked":["Barrage+1","Conserve Battery"],"picked":"Gash+1","floor":6},{"not_picked":["Hello World","Undo"],"picked":"Leap","floor":7},{"not_picked":["Genetic Algorithm","Coolheaded"],"picked":"Cold Snap+1","floor":11},{"not_picked":["Turbo","Cold Snap+1"],"picked":"Beam Cell+1","floor":12},{"not_picked":["Fission","Rebound+1"],"picked":"Skim","floor":13},{"not_picked":["Fusion","Stack"],"picked":"Gash+1","floor":14},{"not_picked":["Biased Cognition","Machine Learning"],"picked":"Buffer","floor":16},{"not_picked":["Cold Snap+1","Rebound+1"],"picked":"Hologram","floor":18},{"not_picked":["Storm+1","Go for the Eyes+1"],"picked":"FTL+1","floor":20},{"not_picked":["Fusion","Barrage+1"],"picked":"Go for the Eyes+1","floor":21}],"player_experience":663801,"relics_obtained":[{"floor":6,"key":"Omamori"},{"floor":9,"key":"Calipers"},{"floor":12,"key":"Pocketwatch"}],"event_choices":[{"damage_healed":0,"gold_gain":0,"player_choice":"Grow","damage_taken":0,"max_hp_gain":0,"max_hp_loss":0,"event_name":"Living Wall","floor":2,"gold_loss":0,"cards_upgraded":["Zap"]},{"damage_healed":0,"gold_gain":0,"player_choice":"Success","damage_taken":7,"relics_obtained":["Molten Egg 2"],"max_hp_gain":0,"max_hp_loss":0,"event_name":"Scrap Ooze","floor":5,"gold_loss":0}],"is_beta":false,"boss_relics":[{"not_picked":["Snecko Eye","Runic Dome"],"picked":"Pandora\u0027s Box"}],"items_purged_floors":[19],"is_endless":false,"potions_floor_spawned":[1,12,14,18],"killed_by":"Snake Plant","ascension_level":6}