{"gold_per_floor":[143,160,177,103,73,73,107,107,107,118,24,54,65,82,82,186,186,198,36,62,62,62,87,100,100,100,130,149,163,163,262,262,358,358,374,89,89,99,30,63,83,99,180,211,231,248,301,313,313,313],"floor_reached":51,"playtime":6525,"items_purged":["Strike_G"],"score":874,"play_id":"b1d5c698-0cd7-489f-a6c6-a778b9e157a8","local_time":"20181102002846","is_ascension_mode":true,"campfire_choices":[{"data":"Footwork","floor":6,"key":"SMITH"},{"floor":8,"key":"REST"},{"floor":15,"key":"REST"},{"data":"Adrenaline","floor":25,"key":"SMITH"},{"floor":30,"key":"REST"},{"floor":32,"key":"REST"},{"floor":49,"key":"REST"}],"neow_cost":"NONE","seed_source_timestamp":27125008703174,"circlet_count":0,"master_deck":["Defend_G","Defend_G","Defend_G","Defend_G","Defend_G","Survivor","Neutralize","Footwork+1","Quick Slash","PiercingWail","Caltrops","Sucker Punch","Deadly Poison","Noxious Fumes+1","Cloak And Dagger","Caltrops+1","Quick Slash","Deadly Poison","Adrenaline+1","Backflip+1","Footwork+1","PiercingWail","After Image+1","Poisoned Stab","Dodge and Roll+1","After Image+1","Doppelganger+1","Dash+1","Riddle With Holes+1","Acrobatics+1","Well Laid Plans+1","Cloak And Dagger","Adrenaline","Backstab+1","Bouncing Flask+1","Catalyst+1","PiercingWail+1","Sucker Punch+1"],"relics":["Ring of the Snake","Tiny Chest","Dead Branch","Frozen Egg 2","The Specimen","Philosopher\u0027s Stone","Happy Flower","Smiling Mask","Blue Candle","Question Card","Astrolabe","Snake Skull","Toxic Egg 2","Matryoshka","Art of War","The Courier","Ancient Tea Set"],"potions_floor_usage":[12,16,23,27,29,50,50],"damage_taken":[{"damage":4,"enemies":"Cultist","floor":1,"turns":4},{"damage":0,"enemies":"2 Louse","floor":2,"turns":5},{"damage":1,"enemies":"Jaw Worm","floor":3,"turns":5},{"damage":0,"enemies":"Looter","floor":5,"turns":4},{"damage":44,"enemies":"Gremlin Nob","floor":7,"turns":5},{"damage":10,"enemies":"Large Slime","floor":10,"turns":8},{"damage":5,"enemies":"Lagavulin","floor":12,"turns":7},{"damage":11,"enemies":"3 Louse","floor":13,"turns":4},{"damage":6,"enemies":"Exordium Thugs","floor":14,"turns":6},{"damage":2,"enemies":"Hexaghost","floor":16,"turns":8},{"damage":0,"enemies":"Chosen","floor":18,"turns":4},{"damage":6,"enemies":"Gremlin Leader","floor":23,"turns":6},{"damage":1,"enemies":"3 Byrds","floor":24,"turns":3},{"damage":41,"enemies":"Slavers","floor":27,"turns":5},{"damage":3,"enemies":"Snecko","floor":28,"turns":5},{"damage":0,"enemies":"3 Cultists","floor":29,"turns":5},{"damage":0,"enemies":"Automaton","floor":33,"turns":9},{"damage":0,"enemies":"3 Shapes","floor":35,"turns":5},{"damage":0,"enemies":"Orb Walker","floor":38,"turns":4},{"damage":0,"enemies":"Giant Head","floor":40,"turns":11},{"damage":0,"enemies":"Sphere and 2 Shapes","floor":41,"turns":5},{"damage":0,"enemies":"4 Shapes","floor":42,"turns":5},{"damage":14,"enemies":"Nemesis","floor":44,"turns":7},{"damage":13,"enemies":"3 Darklings","floor":45,"turns":6},{"damage":0,"enemies":"Spire Growth","floor":46,"turns":5},{"damage":0,"enemies":"Maw","floor":48,"turns":6},{"damage":12,"enemies":"Time Eater","floor":50,"turns":11}],"seed_played":"-6760436136250091337","potions_obtained":[{"floor":1,"key":"SpeedPotion"},{"floor":7,"key":"LiquidBronze"},{"floor":10,"key":"SkillPotion"},{"floor":12,"key":"GhostInAJar"},{"floor":23,"key":"SpeedPotion"},{"floor":27,"key":"Fire Potion"},{"floor":29,"key":"SmokeBomb"},{"floor":33,"key":"SpeedPotion"},{"floor":35,"key":"LiquidBronze"},{"floor":46,"key":"Dexterity Potion"}],"is_trial":false,"path_per_floor":["M","M","M","$","M","R","E","R","T","M","$","E","M","M","R","B",null,"M","$","T","?","?","E","M","R","T","E","M","M","R","?","R","B",null,"M","$","?","M","$","E","M","M","T","E","M","M","T","M","R","B"],"character_chosen":"THE_SILENT","items_purchased":["Caltrops","Cloak And Dagger","Caltrops+1","Footwork+1","PiercingWail","Well Laid Plans+1","Snake Skull","Poisoned Stab","Cloak And Dagger","Adrenaline"],"campfire_rested":5,"item_purchase_floors":[4,11,11,19,19,36,36,36,36,39],"current_hp_per_floor":[66,66,65,65,65,65,21,42,42,32,32,27,16,10,31,29,70,70,70,70,70,70,64,63,63,63,22,19,19,40,40,61,61,70,70,70,70,70,70,70,70,70,70,56,43,43,43,43,64,52],"gold":313,"neow_bonus":"RANDOM_COMMON_RELIC","is_prod":false,"is_daily":false,"chose_seed":false,"campfire_upgraded":2,"win_rate":0,"timestamp":1541114926,"path_taken":["M","M","M","$","M","R","E","R","T","M","$","E","M","?","R","BOSS","M","$","?","?","?","E","M","R","T","E","?","M","R","?","R","BOSS","M","$","?","M","?","E","?","M","T","E","M","M","?","M","R","BOSS"],"build_version":"2018-10-25v2","purchased_purges":1,"victory":true,"max_hp_per_floor":[70,70,70,70,70,70,70,70,70,70,70,70,70,70,70,70,70,70,70,70,70,70,70,70,70,70,70,70,70,70,70,70,70,70,70,70,70,70,70,70,70,70,70,70,70,70,70,70,70,70],"card_choices":[{"not_picked":["All Out Attack","Outmaneuver"],"picked":"Footwork","floor":1},{"not_picked":["Dodge and Roll","Flying Knee"],"picked":"Quick Slash","floor":2},{"not_picked":["Bane","Slice"],"picked":"PiercingWail","floor":3},{"not_picked":["Flying Knee","Crippling Poison"],"picked":"Sucker Punch","floor":5},{"not_picked":["Deflect","Corpse Explosion"],"picked":"Deadly Poison","floor":7},{"not_picked":["Blur","Acrobatics"],"picked":"Noxious Fumes+1","floor":10},{"not_picked":["PiercingWail","Noxious Fumes+1"],"picked":"Quick Slash","floor":12},{"not_picked":["Acrobatics","Masterful Stab"],"picked":"Deadly Poison","floor":13},{"not_picked":["Quick Slash","Skewer","Masterful Stab"],"picked":"SKIP","floor":14},{"not_picked":["Tools of the Trade+1","Storm of Steel"],"picked":"Adrenaline","floor":16},{"not_picked":["Dagger Throw","Acrobatics"],"picked":"Backflip+1","floor":18},{"not_picked":["Outmaneuver","Distraction","Quick Slash"],"picked":"SKIP","floor":23},{"not_picked":["Dagger Throw","Finisher","Distraction"],"picked":"SKIP","floor":24},{"not_picked":["Outmaneuver","Bane","Venomology"],"picked":"SKIP","floor":27},{"not_picked":["Quick Slash","Expertise","Flying Knee"],"picked":"Poisoned Stab","floor":28},{"not_picked":["Setup","Dash","Prepared+1"],"picked":"Dodge and Roll+1","floor":29},{"not_picked":["Phantasmal Killer","Unload","Venomology"],"picked":"After Image+1","floor":33},{"not_picked":["Riddle With Holes+1","Dagger Spray","Prepared"],"picked":"Acrobatics+1","floor":35},{"not_picked":["Underhanded Strike","Outmaneuver+1","Eviscerate+1","Finisher"],"picked":"SKIP","floor":38},{"not_picked":["Tactician+1","Endless Agony","Infinite Blades+1","Masterful Stab+1"],"picked":"SKIP","floor":40},{"not_picked":["Tactician+1","Endless Agony","Infinite Blades+1","Masterful Stab+1"],"picked":"SKIP","floor":40},{"not_picked":["Calculated Gamble+1","Bane+1","PiercingWail+1"],"picked":"Backstab+1","floor":41},{"not_picked":["Bane+1","Riddle With Holes","Prepared+1"],"picked":"Bouncing Flask+1","floor":42},{"not_picked":["Eviscerate+1","A Thousand Cuts+1","Infinite Blades+1"],"picked":"Catalyst+1","floor":44},{"not_picked":["Tactician+1","Crippling Poison+1","Prepared+1","Quick Slash+1"],"picked":"SKIP","floor":45},{"not_picked":["Deflect+1","Endless Agony","Choke"],"picked":"PiercingWail+1","floor":46},{"not_picked":["Blade Dance+1","Well Laid Plans+1","Terror+1"],"picked":"Sucker Punch+1","floor":48}],"player_experience":224636,"relics_obtained":[{"floor":7,"key":"Dead Branch"},{"floor":9,"key":"Frozen Egg 2"},{"floor":12,"key":"The Specimen"},{"floor":20,"key":"Happy Flower"},{"floor":23,"key":"Smiling Mask"},{"floor":26,"key":"Blue Candle"},{"floor":27,"key":"Question Card"},{"floor":40,"key":"Toxic Egg 2"},{"floor":43,"key":"Matryoshka"},{"floor":44,"key":"Art of War"},{"floor":47,"key":"The Courier"},{"floor":47,"key":"Ancient Tea Set"}],"event_choices":[{"damage_healed":0,"gold_gain":0,"cards_transformed":["Strike_G"],"player_choice":"Transformed","damage_taken":0,"max_hp_gain":0,"max_hp_loss":0,"event_name":"Transmorgrifier","floor":21,"gold_loss":0,"cards_obtained":["After Image"]},{"damage_healed":0,"gold_gain":0,"player_choice":"Ignored","damage_taken":0,"max_hp_gain":0,"max_hp_loss":0,"event_name":"Beggar","floor":22,"gold_loss":0},{"damage_healed":0,"gold_gain":99,"player_choice":"Stole From Cult","damage_taken":0,"max_hp_gain":0,"max_hp_loss":0,"event_name":"Nest","floor":31,"gold_loss":0},{"cards_removed":["Poisoned Stab"],"damage_healed":0,"gold_gain":0,"player_choice":"Removed Attack","damage_taken":0,"max_hp_gain":0,"max_hp_loss":0,"event_name":"Falling","floor":37,"gold_loss":0}],"is_beta":false,"boss_relics":[{"not_picked":["Snecko Eye","Eternal Feather"],"picked":"Philosopher\u0027s Stone"},{"not_picked":["WristBlade","Velvet Choker"],"picked":"Astrolabe"}],"items_purged_floors":[19],"is_endless":false,"potions_floor_spawned":[1,7,10,12,13,23,27,29,33,35,40,41,42,46],"ascension_level":1}