{"gold_per_floor":[113,127,145,159,178,178,191,191,191,191,219,235,270,281,281,380,430,447,447,546,546,471,471,500,78,78,90,90,105,123,140,140,241,241,251,251,270,17,35,35,35,35,59,70,70,84,34,54,54,54],"floor_reached":50,"playtime":5204,"items_purged":[],"score":528,"play_id":"feaef368-77f8-4001-a2af-97dda9d1e41c","local_time":"20190304014437","is_ascension_mode":false,"campfire_choices":[{"data":"Rage","floor":6.0,"key":"SMITH"},{"data":"Limit Break","floor":8.0,"key":"SMITH"},{"floor":15.0,"key":"REST"},{"data":"Shockwave","floor":23.0,"key":"SMITH"},{"floor":32.0,"key":"REST"},{"data":"Barricade","floor":40.0,"key":"SMITH"},{"data":"Metallicize","floor":42.0,"key":"SMITH"},{"floor":49.0,"key":"REST"}],"neow_cost":"NONE","seed_source_timestamp":610547670576564,"circlet_count":0,"master_deck":["Strike_R","Strike_R","Strike_R","Strike_R+1","Defend_R","Defend_R","Defend_R","Defend_R","Bash","Rage+1","Shockwave+1","Limit Break+1","Pommel Strike","Warcry","Flex","Bludgeon","Inflame","True Grit+1","Disarm+1","Limit Break+1","Flex+1","Disarm+1","Decay","Juggernaut","Good Instincts+1","Metallicize+1","Ghostly Armor+1","Pummel","Thunderclap+1","Barricade+1","Rage+1","Sadistic Nature","Bandage Up+1","Entrench+1","Doubt","Sentinel+1","Battle Trance+1","Demon Form"],"special_seed":0,"relics":["Burning Blood","Toxic Egg 2","Vajra","Charon\u0027s Ashes","Tiny House","Ginger","Shuriken","Bottled Lightning","Question Card","Eternal Feather","Dream Catcher","Kunai"],"potions_floor_usage":[50],"damage_taken":[{"damage":1.0,"enemies":"Cultist","floor":1.0,"turns":4.0},{"damage":6.0,"enemies":"Jaw Worm","floor":2.0,"turns":5.0},{"damage":0.0,"enemies":"Small Slimes","floor":3.0,"turns":3.0},{"damage":9.0,"enemies":"Looter","floor":4.0,"turns":4.0},{"damage":6.0,"enemies":"Blue Slaver","floor":5.0,"turns":6.0},{"damage":7.0,"enemies":"Large Slime","floor":7.0,"turns":7.0},{"damage":35.0,"enemies":"Lagavulin","floor":11.0,"turns":8.0},{"damage":27.0,"enemies":"Gremlin Gang","floor":12.0,"turns":8.0},{"damage":12.0,"enemies":"Gremlin Nob","floor":13.0,"turns":3.0},{"damage":3.0,"enemies":"3 Louse","floor":14.0,"turns":3.0},{"damage":22.0,"enemies":"Hexaghost","floor":16.0,"turns":10.0},{"damage":4.0,"enemies":"3 Byrds","floor":18.0,"turns":6.0},{"damage":78.0,"enemies":"Slavers","floor":24.0,"turns":8.0},{"damage":34.0,"enemies":"Spheric Guardian","floor":27.0,"turns":6.0},{"damage":3.0,"enemies":"Shelled Parasite and Fungi","floor":29.0,"turns":7.0},{"damage":3.0,"enemies":"Cultist and Chosen","floor":30.0,"turns":8.0},{"damage":10.0,"enemies":"Chosen and Byrds","floor":31.0,"turns":7.0},{"damage":17.0,"enemies":"Champ","floor":33.0,"turns":10.0},{"damage":16.0,"enemies":"Orb Walker","floor":35.0,"turns":5.0},{"damage":19.0,"enemies":"3 Shapes","floor":37.0,"turns":8.0},{"damage":51.0,"enemies":"Sphere and 2 Shapes","floor":39.0,"turns":8.0},{"damage":57.0,"enemies":"Spire Growth","floor":44.0,"turns":10.0},{"damage":36.0,"enemies":"Jaw Worm Horde","floor":46.0,"turns":6.0},{"damage":2.0,"enemies":"4 Shapes","floor":48.0,"turns":10.0},{"damage":85,"enemies":"Donu and Deca","floor":50,"turns":6}],"seed_played":"-8692868948622064808","potions_obtained":[{"floor":1.0,"key":"Fire Potion"},{"floor":4.0,"key":"Ancient Potion"},{"floor":11.0,"key":"FearPotion"},{"floor":14.0,"key":"Dexterity Potion"},{"floor":16.0,"key":"Poison Potion"},{"floor":17.0,"key":"Energy Potion"},{"floor":29.0,"key":"Ancient Potion"},{"floor":30.0,"key":"Weak Potion"},{"floor":31.0,"key":"Poison Potion"},{"floor":39.0,"key":"GamblersBrew"},{"floor":46.0,"key":"GamblersBrew"}],"is_trial":false,"path_per_floor":["M","M","M","M","M","R","M","R","T","?","E","M","E","M","R","B",null,"M","?","?","T","?","R","E","$","T","M","?","M","M","M","R","B",null,"M","?","M","$","M","R","?","R","T","M","T","M","$","M","R","B"],"character_chosen":"IRONCLAD","items_purchased":["Good Instincts+1","Regen Potion","Bottled Lightning","Sadistic Nature","Bandage Up+1","Poison Potion"],"campfire_rested":3,"item_purchase_floors":[25,25,25,38,38,47],"current_hp_per_floor":[88,88,88,85,85,85,84,84,84,84,55,34,28,31,57,41,93,93,93,93,93,93,93,21,21,21,8,8,11,14,10,37,26,93,83,83,70,70,31,49,93,93,93,42,42,18,18,28,76,0],"gold":54,"neow_bonus":"TEN_PERCENT_HP_BONUS","is_prod":false,"is_daily":false,"chose_seed":false,"campfire_upgraded":5,"win_rate":0.0,"timestamp":1551689077,"path_taken":["M","M","?","M","M","R","M","R","T","?","E","M","E","M","R","BOSS","M","?","?","?","?","R","E","$","T","M","?","?","?","M","R","BOSS","M","?","M","$","M","R","?","R","T","M","?","?","?","M","R","BOSS"],"build_version":"2019-01-23","purchased_purges":0,"victory":false,"max_hp_per_floor":[88,88,88,88,88,88,88,88,88,88,88,88,88,88,88,88,93,93,93,93,93,93,93,93,93,93,93,93,93,93,93,93,93,93,93,93,93,93,93,93,93,93,93,93,93,93,93,93,93,93],"card_choices":[{"not_picked":["Wild Strike","Clash"],"picked":"Rage","floor":1.0},{"not_picked":["Twin Strike","Warcry"],"picked":"Shockwave","floor":2.0},{"not_picked":["Heavy Blade","Anger"],"picked":"Limit Break","floor":3.0},{"not_picked":["Fire Breathing","Havoc"],"picked":"Pommel Strike","floor":4.0},{"not_picked":["Bloodletting","Clothesline"],"picked":"Warcry","floor":5.0},{"not_picked":["Combust","Second Wind"],"picked":"Flex","floor":7.0},{"not_picked":["Sword Boomerang","True Grit+1"],"picked":"Bludgeon","floor":11.0},{"not_picked":["Flex+1","Clash"],"picked":"Inflame","floor":12.0},{"not_picked":["Pommel Strike","Feel No Pain"],"picked":"True Grit+1","floor":13.0},{"not_picked":["Headbutt","Heavy Blade"],"picked":"Disarm+1","floor":14.0},{"not_picked":["Bludgeon","Berserk"],"picked":"Limit Break+1","floor":16.0},{"not_picked":["Battle Trance+1","Rupture"],"picked":"Flex+1","floor":17.0},{"not_picked":["Fire Breathing","Shrug It Off+1"],"picked":"Disarm+1","floor":18.0},{"not_picked":["Sever Soul","Wild Strike"],"picked":"Juggernaut","floor":24.0},{"not_picked":["Entrench+1","Infernal Blade+1","Second Wind+1"],"picked":"Metallicize","floor":27.0},{"not_picked":["Anger+1","Body Slam","Thunderclap"],"picked":"Ghostly Armor+1","floor":29.0},{"not_picked":["Pommel Strike+1","Clothesline","Infernal Blade+1"],"picked":"Pummel","floor":30.0},{"not_picked":["Body Slam+1","Havoc+1","Blood for Blood"],"picked":"Thunderclap+1","floor":31.0},{"not_picked":["Dark Embrace","Juggernaut","Immolate"],"picked":"Barricade","floor":33.0},{"not_picked":["Intimidate+1","Flame Barrier+1","Flex+1"],"picked":"Rage+1","floor":35.0},{"not_picked":["Searing Blow+1","Thunderclap","Body Slam+1","Bloodletting+1"],"picked":"SKIP","floor":37.0},{"not_picked":["Body Slam","Pommel Strike+1","Anger+1"],"picked":"Entrench+1","floor":39.0},{"not_picked":["Heavy Blade","Entrench+1","Havoc+1"],"picked":"Sentinel+1","floor":44.0},{"not_picked":["Iron Wave","Power Through+1","Sword Boomerang","Shrug It Off+1"],"picked":"SKIP","floor":46.0},{"not_picked":["Clash","Wild Strike","Perfected Strike+1"],"picked":"Battle Trance+1","floor":48.0},{"not_picked":["Body Slam","Anger+1","Cleave"],"picked":"Demon Form","floor":49.0}],"player_experience":52308,"relics_obtained":[{"floor":9.0,"key":"Toxic Egg 2"},{"floor":11.0,"key":"Vajra"},{"floor":13.0,"key":"Charon\u0027s Ashes"},{"floor":21.0,"key":"Ginger"},{"floor":24.0,"key":"Shuriken"},{"floor":26.0,"key":"Question Card"},{"floor":43.0,"key":"Dream Catcher"},{"floor":45.0,"key":"Kunai"}],"event_choices":[{"damage_healed":0.0,"max_hp_gain":0.0,"max_hp_loss":0.0,"gold_gain":0.0,"event_name":"Golden Wing","player_choice":"Ignored","floor":10.0,"gold_loss":0.0,"damage_taken":0.0},{"damage_healed":0.0,"max_hp_gain":0.0,"max_hp_loss":0.0,"gold_gain":0.0,"event_name":"Forgotten Altar","player_choice":"Smashed Altar","floor":19.0,"gold_loss":0.0,"damage_taken":0.0,"cards_obtained":["Decay"]},{"damage_healed":0.0,"max_hp_gain":0.0,"max_hp_loss":0.0,"gold_gain":99.0,"event_name":"Nest","player_choice":"Stole From Cult","floor":20.0,"gold_loss":0.0,"damage_taken":0.0},{"cards_removed":["Strike_R"],"damage_healed":0.0,"max_hp_gain":0.0,"max_hp_loss":0.0,"gold_gain":0.0,"event_name":"Beggar","player_choice":"Gave Gold","floor":22.0,"gold_loss":75.0,"damage_taken":0.0},{"damage_healed":0.0,"max_hp_gain":0.0,"max_hp_loss":0.0,"gold_gain":0.0,"event_name":"Cursed Tome","player_choice":"Ignored","floor":28.0,"gold_loss":0.0,"damage_taken":0.0},{"damage_healed":0.0,"max_hp_gain":0.0,"max_hp_loss":0.0,"gold_gain":0.0,"event_name":"Mysterious Sphere","player_choice":"Ignored","floor":36.0,"gold_loss":0.0,"damage_taken":0.0},{"damage_healed":44.0,"max_hp_gain":0.0,"max_hp_loss":0.0,"gold_gain":0.0,"event_name":"MindBloom","player_choice":"Heal","floor":41.0,"gold_loss":0.0,"damage_taken":0.0,"cards_obtained":["Doubt"]}],"is_beta":false,"boss_relics":[{"not_picked":["Calling Bell","Velvet Choker"],"picked":"Tiny House"},{"not_picked":["Empty Cage","Orrery"],"picked":"Eternal Feather"}],"items_purged_floors":[],"is_endless":false,"potions_floor_spawned":[1,4,11,14,16,29,30,31,39,46],"killed_by":"Donu and Deca","ascension_level":0}