{"gold_per_floor":[112,112,123,73,91,125,137,62,62,93,93,120,131,131,131,234,234,245,245,81,99,99,99,134,134,160,160,193,193,193,221,221,221],"floor_reached":33,"playtime":2347,"items_purged":["Strike_B"],"score":399,"play_id":"49076a40-1a53-4b2f-af4d-eac7f1fa69a8","local_time":"20190105031415","is_ascension_mode":true,"campfire_choices":[{"data":"Loop","floor":15,"key":"SMITH"},{"data":"Apotheosis","floor":23,"key":"SMITH"},{"data":"Redo","floor":27,"key":"SMITH"},{"data":"Chill","floor":29,"key":"SMITH"},{"floor":32,"key":"REST"}],"neow_cost":"NONE","seed_source_timestamp":1145295853067846,"circlet_count":0,"master_deck":["Strike_B","Defend_B","Defend_B","Defend_B","Defend_B","Zap","Dualcast","Loop+1","Rebound","Redo+1","Auto Shields","Glacier","Hologram","Rainbow","Conserve Battery+1","Apotheosis+1","Cold Snap","RitualDagger","Chill+1","Consume"],"special_seed":0,"relics":["Cracked Core","Bag of Marbles","Blue Candle","Oddly Smooth Stone","Mummified Hand","Question Card","Black Star","PreservedInsect","Bronze Scales","Centennial Puzzle","Omamori","Bottled Tornado","Art of War","Ancient Tea Set","DataDisk"],"potions_floor_usage":[16,16,16,18,18,28,33],"damage_taken":[{"damage":0.0,"enemies":"Small Slimes","floor":1.0,"turns":3.0},{"damage":1.0,"enemies":"2 Louse","floor":3.0,"turns":2.0},{"damage":2.0,"enemies":"Jaw Worm","floor":5.0,"turns":4.0},{"damage":38.0,"enemies":"Lagavulin","floor":6.0,"turns":7.0},{"damage":1.0,"enemies":"Looter","floor":7.0,"turns":3.0},{"damage":11.0,"enemies":"3 Sentries","floor":10.0,"turns":13.0},{"damage":27.0,"enemies":"Gremlin Nob","floor":12.0,"turns":6.0},{"damage":2,"enemies":"Red Slaver","floor":13,"turns":3},{"damage":10,"enemies":"The Guardian","floor":16,"turns":13},{"damage":0,"enemies":"3 Byrds","floor":18,"turns":5},{"damage":12,"enemies":"Shell Parasite","floor":21,"turns":7},{"damage":24,"enemies":"Slavers","floor":24,"turns":5},{"damage":2,"enemies":"Gremlin Leader","floor":28,"turns":8},{"damage":18,"enemies":"Slavers","floor":31,"turns":6},{"damage":40,"enemies":"Champ","floor":33,"turns":18}],"seed_played":"-2361303080020881992","potions_obtained":[{"floor":1.0,"key":"Fruit Juice"},{"floor":3.0,"key":"Energy Potion"},{"floor":6.0,"key":"SkillPotion"},{"floor":11.0,"key":"EntropicBrew"},{"floor":11.0,"key":"Weak Potion"},{"floor":12.0,"key":"FocusPotion"},{"floor":16,"key":"Weak Potion"},{"floor":18,"key":"FearPotion"},{"floor":24,"key":"Weak Potion"}],"is_trial":false,"path_per_floor":["M","?","M","?","M","E","M","$","T","E","?","E","M","?","R","B",null,"M","?","$","M","?","R","E","?","T","R","E","R","?","E","R","B"],"character_chosen":"DEFECT","items_purchased":["Apotheosis"],"campfire_rested":1,"item_purchase_floors":[20],"current_hp_per_floor":[82,79,78,78,76,38,42,42,42,31,31,4,2,2,2,7,67,67,67,67,55,49,49,25,25,25,25,23,23,23,5,31,0],"gold":221,"neow_bonus":"TEN_PERCENT_HP_BONUS","is_prod":false,"is_daily":false,"chose_seed":false,"campfire_upgraded":4,"win_rate":0,"timestamp":1546679655,"path_taken":["M","?","M","?","M","E","M","?","T","E","?","E","?","?","R","BOSS","M","?","$","M","?","R","E","?","T","R","E","R","?","E","R","BOSS"],"build_version":"2019-01-03v4","purchased_purges":1,"victory":false,"max_hp_per_floor":[82,82,82,82,82,82,87,87,87,87,87,87,87,87,87,87,87,87,87,87,87,87,87,87,87,87,87,87,87,87,87,87,87],"card_choices":[{"not_picked":["Reinforced Body","Redo"],"picked":"Loop","floor":1.0},{"not_picked":["Darkness","Doom and Gloom"],"picked":"Rebound","floor":3.0},{"not_picked":["Reprogram","Compile Driver"],"picked":"Redo","floor":5.0},{"not_picked":["Turbo","Rebound"],"picked":"Auto Shields","floor":6.0},{"not_picked":["Barrage","Streamline"],"picked":"Glacier","floor":7.0},{"not_picked":["Chaos","Fusion","Gash"],"picked":"SKIP","floor":10.0},{"not_picked":["Gash","Auto Shields"],"picked":"Hologram","floor":12.0},{"not_picked":["Fission","Sweeping Beam","Turbo","Compile Driver"],"picked":"SKIP","floor":13},{"not_picked":["Amplify","Hyperbeam","Reboot"],"picked":"Rainbow","floor":16},{"not_picked":["Redo","Reprogram+1","Compile Driver"],"picked":"Conserve Battery+1","floor":18},{"not_picked":["Beam Cell","Ball Lightning","Leap"],"picked":"Cold Snap","floor":21},{"not_picked":["Fusion","Barrage","Streamline","Stack"],"picked":"SKIP","floor":24},{"not_picked":["Thunder Strike","Conserve Battery","Ball Lightning"],"picked":"Chill","floor":28},{"not_picked":["Redo","Doom and Gloom","Gash"],"picked":"Consume","floor":31}],"player_experience":458853,"relics_obtained":[{"floor":6.0,"key":"Blue Candle"},{"floor":9.0,"key":"Oddly Smooth Stone"},{"floor":10.0,"key":"Mummified Hand"},{"floor":12.0,"key":"Question Card"},{"floor":24,"key":"Bronze Scales"},{"floor":24,"key":"Centennial Puzzle"},{"floor":26,"key":"Omamori"},{"floor":28,"key":"Bottled Tornado"},{"floor":28,"key":"Art of War"},{"floor":31,"key":"Ancient Tea Set"},{"floor":31,"key":"DataDisk"}],"event_choices":[{"damage_healed":0.0,"max_hp_gain":0.0,"max_hp_loss":0.0,"gold_gain":0.0,"event_name":"Scrap Ooze","player_choice":"Success","floor":2.0,"gold_loss":0.0,"damage_taken":3.0,"relics_obtained":["Bag of Marbles"]},{"cards_removed":["Strike_B"],"damage_healed":0.0,"max_hp_gain":0.0,"max_hp_loss":0.0,"gold_gain":0.0,"event_name":"The Cleric","player_choice":"Card Removal","floor":4.0,"gold_loss":50.0,"damage_taken":0.0},{"damage_healed":0.0,"max_hp_gain":0.0,"max_hp_loss":0.0,"gold_gain":0.0,"event_name":"Lab","player_choice":"Got Potions","floor":11.0,"gold_loss":0.0,"damage_taken":0.0},{"damage_healed":0,"gold_gain":0,"player_choice":"Ignored","damage_taken":0,"max_hp_gain":0,"max_hp_loss":0,"event_name":"Golden Wing","floor":14,"gold_loss":0},{"damage_healed":0,"gold_gain":0,"player_choice":"Opened","damage_taken":0,"relics_obtained":["PreservedInsect"],"max_hp_gain":0,"max_hp_loss":0,"event_name":"The Mausoleum","floor":19,"gold_loss":0},{"damage_healed":0,"gold_gain":0,"player_choice":"Joined the Cult","damage_taken":6,"max_hp_gain":0,"max_hp_loss":0,"event_name":"Nest","floor":22,"gold_loss":0,"cards_obtained":["RitualDagger"]},{"cards_removed":["Strike_B"],"damage_healed":0,"gold_gain":0,"player_choice":"Elegance","damage_taken":0,"max_hp_gain":0,"max_hp_loss":0,"event_name":"Back to Basics","floor":25,"gold_loss":0},{"damage_healed":0,"gold_gain":0,"player_choice":"Ignored","damage_taken":0,"max_hp_gain":0,"max_hp_loss":0,"event_name":"Vampires","floor":30,"gold_loss":0}],"is_beta":false,"boss_relics":[{"not_picked":["Calling Bell","Eternal Feather"],"picked":"Black Star"}],"items_purged_floors":[8],"is_endless":false,"potions_floor_spawned":[1,3,6,12,16,18,24],"killed_by":"Champ","ascension_level":5}