{"gold_per_floor":[112,130,130,305,320,320,376,376,400,26,40,50,50,76,76,176,176,194,194,210,221,239,239,272,272,272,222,222,8,22,42,42,140,140,157,170,170,188,203,203,234,234],"floor_reached":42,"playtime":10085,"items_purged":["Doubt"],"score":498,"play_id":"07a9fc5d-748d-485b-bbe6-c2b266d8c531","local_time":"20180726002739","is_ascension_mode":true,"campfire_choices":[{"data":"Streamline","floor":6.0,"key":"SMITH"},{"floor":8,"key":"REST"},{"data":"Self Repair","floor":13,"key":"SMITH"},{"floor":15,"key":"REST"},{"data":"Seek","floor":23,"key":"SMITH"},{"data":"Streamline","floor":25,"key":"SMITH"},{"floor":32,"key":"REST"},{"floor":40,"key":"REST"}],"neow_cost":"NONE","seed_source_timestamp":0,"circlet_count":0,"master_deck":["Strike_B","Strike_B","Strike_B","Defend_B","Defend_B","Defend_B","Defend_B","Zap","Dualcast","Seek+1","Go for the Eyes","Streamline+1","Conserve Battery","Echo Form","Good Instincts","Steam","Rebound","Self Repair+1","Conserve Battery","Amplify","Go for the Eyes+1","BootSequence","Sweeping Beam+1","Steam","Skim+1","Streamline+1","Panache","Ball Lightning","Stack","Seek","Genetic Algorithm","Barrage+1","Writhe","Conserve Battery+1","Hologram+1"],"special_seed":0,"relics":["Cracked Core","Oddly Smooth Stone","Art of War","Happy Flower","Dodecahedron","Lizard Tail","Bag of Preparation","Strawberry","Black Star","Smiling Mask","Question Card"],"potions_floor_usage":[7,11,16,18,22,24,38,38],"damage_taken":[{"damage":12.0,"enemies":"2 Louse","floor":1.0,"turns":2.0},{"damage":7.0,"enemies":"Small Slimes","floor":2.0,"turns":2.0},{"damage":8.0,"enemies":"Jaw Worm","floor":5.0,"turns":2.0},{"damage":25,"enemies":"3 Sentries","floor":7,"turns":8},{"damage":4,"enemies":"Exordium Wildlife","floor":11,"turns":5},{"damage":3,"enemies":"Blue Slaver","floor":12,"turns":3},{"damage":6,"enemies":"3 Sentries","floor":14,"turns":7},{"damage":44,"enemies":"Slime Boss","floor":16,"turns":13},{"damage":9,"enemies":"Shell Parasite","floor":18,"turns":6},{"damage":17,"enemies":"3 Byrds","floor":20,"turns":6},{"damage":22,"enemies":"Snake Plant","floor":21,"turns":5},{"damage":13,"enemies":"Centurion and Healer","floor":22,"turns":7},{"damage":38,"enemies":"Slavers","floor":24,"turns":6},{"damage":32,"enemies":"Sentry and Sphere","floor":30,"turns":8},{"damage":27,"enemies":"Cultist and Chosen","floor":31,"turns":7},{"damage":72,"enemies":"Collector","floor":33,"turns":10},{"damage":15,"enemies":"Flame Bruiser 1 Orb","floor":35,"turns":5},{"damage":13,"enemies":"Orb Walker","floor":36,"turns":4},{"damage":64,"enemies":"Flame Bruiser 2 Orb","floor":38,"turns":6},{"damage":40,"enemies":"Transient","floor":39,"turns":5},{"damage":25,"enemies":"Nemesis","floor":41,"turns":7},{"damage":15,"enemies":"Sphere and 2 Shapes","floor":42,"turns":3}],"seed_played":"-3358120900973692552","potions_obtained":[{"floor":2.0,"key":"SteroidPotion"},{"floor":7,"key":"Explosive Potion"},{"floor":12,"key":"Ancient Potion"},{"floor":16,"key":"PowerPotion"},{"floor":21,"key":"LiquidBronze"},{"floor":22,"key":"Block Potion"},{"floor":33,"key":"FocusPotion"},{"floor":36,"key":"Poison Potion"},{"floor":39,"key":"FocusPotion"},{"floor":41,"key":"Fire Potion"}],"is_trial":false,"path_per_floor":["M","M","?","?","M","R","?","R","T","$","M","M","R","E","R","B",null,"M","?","M","M","M","R","E","R","T","?","?","$","M","M","R","B",null,"M","M","?","M","M","R","E"],"character_chosen":"DEFECT","items_purchased":["Good Instincts","Steam","Happy Flower","Panache"],"campfire_rested":4,"item_purchase_floors":[10,10,10,29],"current_hp_per_floor":[63,56,61,61,53,53,28,52,52,52,48,45,45,39,63,29,80,80,80,63,61,58,58,40,40,47,47,47,47,35,8,34,11,87,87,74,87,43,13,39,14,0],"gold":234,"neow_bonus":"ONE_RANDOM_RARE_CARD","is_prod":false,"is_daily":false,"chose_seed":false,"campfire_upgraded":4,"win_rate":0.0,"timestamp":1532579259,"path_taken":["M","M","?","?","M","R","?","R","T","$","M","?","R","E","R","BOSS","M","?","M","M","M","R","E","R","T","?","?","$","M","?","R","BOSS","M","M","?","M","M","R","E","?"],"build_version":"2018-07-19v2","purchased_purges":1,"victory":false,"max_hp_per_floor":[75,75,80,80,80,80,80,80,80,80,80,80,80,80,80,80,80,80,80,80,80,80,80,80,80,87,87,87,87,87,87,87,87,87,87,87,87,87,87,87,87,87],"card_choices":[{"not_picked":["Barrage","Force Field"],"picked":"Go for the Eyes","floor":1.0},{"not_picked":["Capacitor","Coolheaded"],"picked":"Streamline","floor":2.0},{"not_picked":["Scrape","Leap"],"picked":"Conserve Battery","floor":5.0},{"not_picked":["Cold Snap","Beam Cell"],"picked":"Echo Form","floor":7},{"not_picked":["Coolheaded","Stack"],"picked":"Rebound","floor":11},{"not_picked":["Doom and Gloom","Streamline"],"picked":"Self Repair","floor":12},{"not_picked":["Rebound","Cold Snap"],"picked":"Conserve Battery","floor":14},{"not_picked":["Buffer","Meteor Strike"],"picked":"Amplify","floor":16},{"not_picked":["Tempest","Consume"],"picked":"Go for the Eyes+1","floor":18},{"not_picked":["Gash+1","Go for the Eyes"],"picked":"Sweeping Beam+1","floor":20},{"not_picked":["Skim","Fusion"],"picked":"Steam","floor":21},{"not_picked":["Rebound","Aggregate"],"picked":"Skim+1","floor":22},{"not_picked":["Darkness","Rip and Tear"],"picked":"Streamline","floor":24},{"not_picked":["Fusion+1","Chaos"],"picked":"Ball Lightning","floor":30},{"not_picked":["Streamline","Fusion"],"picked":"Stack","floor":31},{"not_picked":["Echo Form","Amplify"],"picked":"Seek","floor":33},{"not_picked":["Glacier+1","Go for the Eyes+1"],"picked":"Genetic Algorithm","floor":35},{"not_picked":["Tempest+1","Steam Power"],"picked":"Barrage+1","floor":36},{"not_picked":["Compile Driver+1","Beam Cell"],"picked":"Conserve Battery+1","floor":38},{"not_picked":["Conserve Battery+1","Go for the Eyes+1","Compile Driver"],"picked":"SKIP","floor":39},{"not_picked":["Double Energy","Ball Lightning"],"picked":"Hologram+1","floor":41}],"player_experience":397932,"relics_obtained":[{"floor":7,"key":"Oddly Smooth Stone"},{"floor":9,"key":"Art of War"},{"floor":14,"key":"Dodecahedron"},{"floor":24,"key":"Bag of Preparation"},{"floor":26,"key":"Strawberry"},{"floor":41,"key":"Smiling Mask"},{"floor":41,"key":"Question Card"}],"event_choices":[{"event_name":"Big Fish","player_choice":"Donut","floor":3.0,"damage_taken":0.0},{"event_name":"Liars Game","player_choice":"agreed","floor":4.0,"damage_taken":0.0},{"event_name":"Dead Adventurer","player_choice":"Searched \u00271\u0027 times","floor":7,"damage_taken":0},{"event_name":"Transmorgrifier","player_choice":"Transform","floor":19,"damage_taken":0},{"event_name":"The Joust","player_choice":"Bet on Murderer","floor":27,"damage_taken":0},{"event_name":"Drug Dealer","player_choice":"Ignored","floor":28,"damage_taken":0},{"event_name":"Winding Halls","player_choice":"Writhe","floor":37,"damage_taken":0}],"is_beta":false,"boss_relics":[{"not_picked":["Orrery","Inserter"],"picked":"Lizard Tail"},{"not_picked":["Fusion Hammer","White Beast Statue"],"picked":"Black Star"}],"items_purged_floors":[10],"is_endless":false,"potions_floor_spawned":[2,7,12,16,21,22,33,36,39,41],"killed_by":"Sphere and 2 Shapes","ascension_level":1}