{"gold_per_floor":[12,12,23,23,23,52,71,96,122,133,148,181,181,201,201,201],"floor_reached":16,"playtime":968,"items_purged":[],"score":140,"play_id":"84f5253a-36b5-486d-afd1-bf3c8f969efd","local_time":"20181220035222","is_ascension_mode":true,"campfire_choices":[{"data":"Fusion","floor":15,"key":"SMITH"}],"neow_cost":"NO_GOLD","seed_source_timestamp":640719485275626,"circlet_count":0,"master_deck":["Strike_B","Strike_B","Strike_B","Defend_B","Defend_B","Defend_B","Defend_B","Zap","Dualcast","Echo Form","Go for the Eyes","Redo+1","Cold Snap","Redo","Leap","Capacitor","Cold Snap","Fusion+1"],"relics":["Cracked Core","Boot","Blue Candle","Ornamental Fan","Smiling Mask","Orichalcum","Omamori"],"potions_floor_usage":[8,11,16,16],"damage_taken":[{"damage":1,"enemies":"Jaw Worm","floor":1,"turns":5},{"damage":3,"enemies":"2 Louse","floor":3,"turns":2},{"damage":15,"enemies":"Lagavulin","floor":6,"turns":7},{"damage":0,"enemies":"Cultist","floor":7,"turns":3},{"damage":16,"enemies":"Gremlin Nob","floor":8,"turns":4},{"damage":2,"enemies":"Looter","floor":10,"turns":4},{"damage":10,"enemies":"Gremlin Gang","floor":11,"turns":5},{"damage":12,"enemies":"3 Sentries","floor":12,"turns":8},{"damage":4,"enemies":"Exordium Wildlife","floor":14,"turns":4},{"damage":11,"enemies":"Slime Boss","floor":16,"turns":3}],"seed_played":"1685753973113737774","potions_obtained":[{"floor":3,"key":"Explosive Potion"},{"floor":6,"key":"SkillPotion"},{"floor":7,"key":"Dexterity Potion"},{"floor":11,"key":"SmokeBomb"},{"floor":12,"key":"SpeedPotion"}],"is_trial":false,"path_per_floor":["M","?","M","?","T","E","M","E","T","M","M","E","?","M","R","B"],"character_chosen":"DEFECT","items_purchased":[],"campfire_rested":0,"item_purchase_floors":[],"current_hp_per_floor":[74,74,71,64,64,49,49,33,33,31,21,9,9,5,5,0],"gold":201,"neow_bonus":"THREE_RARE_CARDS","is_prod":false,"is_daily":false,"chose_seed":false,"campfire_upgraded":1,"win_rate":0,"timestamp":1545299542,"path_taken":["M","?","M","?","?","E","M","E","T","M","M","E","?","?","R","BOSS"],"build_version":"2018-12-13","purchased_purges":0,"victory":false,"max_hp_per_floor":[75,75,75,75,75,75,75,75,75,75,75,75,75,75,75,75],"card_choices":[{"not_picked":["Reboot","Electrodynamics"],"picked":"Echo Form","floor":0},{"not_picked":["Steam","Steam Power","Static Discharge"],"picked":"SKIP","floor":1},{"not_picked":["Melter","Streamline"],"picked":"Go for the Eyes","floor":3},{"not_picked":["Thunder Strike","Double Energy"],"picked":"Redo","floor":6},{"not_picked":["Streamline","Barrage"],"picked":"Cold Snap","floor":7},{"not_picked":["Compile Driver","Chaos"],"picked":"Redo","floor":8},{"not_picked":["Stack","Turbo"],"picked":"Leap","floor":10},{"not_picked":["Beam Cell","Rebound"],"picked":"Capacitor","floor":11},{"not_picked":["Rebound","Recycle"],"picked":"Cold Snap","floor":12},{"not_picked":["Multi-Cast","Blizzard"],"picked":"Fusion","floor":14}],"player_experience":324608,"relics_obtained":[{"floor":5,"key":"Blue Candle"},{"floor":6,"key":"Ornamental Fan"},{"floor":8,"key":"Smiling Mask"},{"floor":9,"key":"Orichalcum"},{"floor":12,"key":"Omamori"}],"event_choices":[{"cards_removed":["Strike_B"],"damage_healed":0,"gold_gain":0,"player_choice":"Forget","damage_taken":0,"max_hp_gain":0,"max_hp_loss":0,"event_name":"Living Wall","floor":2,"gold_loss":0},{"damage_healed":0,"gold_gain":0,"player_choice":"Success","damage_taken":7,"relics_obtained":["Boot"],"max_hp_gain":0,"max_hp_loss":0,"event_name":"Scrap Ooze","floor":4,"gold_loss":0},{"damage_healed":0,"gold_gain":0,"player_choice":"Upgraded","damage_taken":0,"max_hp_gain":0,"max_hp_loss":0,"event_name":"Upgrade Shrine","floor":13,"gold_loss":0,"cards_upgraded":["Redo"]}],"is_beta":false,"boss_relics":[],"items_purged_floors":[],"is_endless":false,"potions_floor_spawned":[3,6,7,11,12],"killed_by":"Slime Boss","ascension_level":3}