{"path_per_floor":["M","?","?","M","M","R","?","M","T","M","E","R","?","E","R","B",null,"M","?","$","M","M","E","R","?","T","R","M","?","$","?","R","B",null,"M","?"],"character_chosen":"DEFECT","items_purchased":["Steam","Juzu Bracelet","Potion Belt","Chill","Stack"],"gold_per_floor":[117,117,117,128,148,148,148,173,173,197,230,230,230,265,265,390,390,413,413,19,37,55,91,91,91,91,91,110,110,7,0,0,131,169,194,194,194],"floor_reached":37,"campfire_rested":3,"playtime":10464,"item_purchase_floors":[20,20,20,30,30],"current_hp_per_floor":[75,75,75,75,69,69,51,51,51,40,32,54,54,27,49,41,75,75,75,75,60,51,39,39,39,39,61,58,58,58,58,58,24,82,61,61,0],"items_purged":["Strike_B"],"gold":194,"score":420,"play_id":"98fb1568-5c32-4701-804b-7bd4584f6204","local_time":"20180602032023","is_prod":false,"is_daily":false,"chose_seed":false,"is_ascension_mode":false,"campfire_upgraded":3,"win_rate":0.0,"timestamp":1527924023,"campfire_choices":[{"data":"Blizzard","floor":6,"key":"SMITH"},{"floor":12,"key":"REST"},{"floor":15,"key":"REST"},{"data":"Zap","floor":24,"key":"SMITH"},{"floor":27,"key":"REST"},{"data":"Chill","floor":32,"key":"SMITH"}],"path_taken":["M","?","?","M","M","R","?","M","T","?","E","R","?","E","R","BOSS","M","?","$","M","M","E","R","?","T","R","M","?","$","?","R","BOSS","M","?","BOSS"],"build_version":"2018-05-31","seed_source_timestamp":42697377378348,"purchased_purges":1,"victory":false,"master_deck":["Strike_B","Defend_B","Defend_B","Defend_B","Defend_B","Zap+1","Dualcast+1","Leap","Glacier","Blizzard+1","Gash","Gash","Rebound","Barrage","Cold Snap","All For One","Redo","Steam+1","Gash","Gash+1","Steam","Chill+1","Stack","Fission","Go for the Eyes","Defragment+1"],"max_hp_per_floor":[75,75,75,75,75,75,75,75,75,75,75,75,75,75,75,75,75,75,75,75,75,75,75,75,75,75,75,77,77,77,77,77,77,82,82,82,82],"relics":["Cracked Core","Golden Idol","Letter Opener","Smiling Mask","Dodecahedron","Lizard Tail","Sundial","Juzu Bracelet","Potion Belt","Singing Bowl","Anchor","Pantograph","Tiny House"],"card_choices":[{"not_picked":["Turbo","Streamline"],"picked":"Leap","floor":1},{"not_picked":["Melter","Go for the Eyes"],"picked":"Blizzard","floor":4},{"not_picked":["Stack","Storm"],"picked":"Gash","floor":5},{"not_picked":["Compile Driver","Conserve Battery"],"picked":"Gash","floor":8},{"not_picked":["Chaos","Sweeping Beam"],"picked":"Rebound","floor":10},{"not_picked":["Melter","Turbo"],"picked":"Barrage","floor":11},{"not_picked":["Conserve Battery","Fission"],"picked":"Cold Snap","floor":14},{"not_picked":["Meteor Strike","Echo Form"],"picked":"All For One","floor":16},{"not_picked":["Ball Lightning","Double Energy"],"picked":"Redo","floor":18},{"not_picked":["Go for the Eyes+1","Beam Cell"],"picked":"Gash","floor":21},{"not_picked":["Melter","Turbo"],"picked":"Gash+1","floor":22},{"not_picked":["Ball Lightning","Hologram"],"picked":"Steam","floor":23},{"not_picked":["Barrage","Tempest","Rip and Tear"],"picked":"Singing Bowl","floor":28},{"not_picked":["Creative AI","Rainbow"],"picked":"Fission","floor":33},{"not_picked":["Rebound","Turbo"],"picked":"Go for the Eyes","floor":34},{"not_picked":["Ball Lightning+1","Beam Cell"],"picked":"Defragment+1","floor":35}],"player_experience":370346,"potions_floor_usage":[14,16,33,33,33,35,37],"damage_taken":[{"damage":0,"enemies":"Small Slimes","floor":1,"turns":4},{"damage":0,"enemies":"Cultist","floor":4,"turns":3},{"damage":6,"enemies":"Jaw Worm","floor":5,"turns":4},{"damage":0,"enemies":"Looter","floor":8,"turns":3},{"damage":11,"enemies":"Lots of Slimes","floor":10,"turns":4},{"damage":8,"enemies":"3 Sentries","floor":11,"turns":7},{"damage":27,"enemies":"Gremlin Nob","floor":14,"turns":5},{"damage":8,"enemies":"Hexaghost","floor":16,"turns":11},{"damage":0,"enemies":"Chosen","floor":18,"turns":4},{"damage":15,"enemies":"2 Thieves","floor":21,"turns":4},{"damage":9,"enemies":"Centurion and Healer","floor":22,"turns":7},{"damage":12,"enemies":"Gremlin Leader","floor":23,"turns":8},{"damage":5,"enemies":"Snecko","floor":28,"turns":4},{"damage":53,"enemies":"Automaton","floor":33,"turns":12},{"damage":21,"enemies":"Orb Walker","floor":35,"turns":5},{"damage":127,"enemies":"Awakened One","floor":37,"turns":13}],"relics_obtained":[{"floor":9,"key":"Letter Opener"},{"floor":11,"key":"Smiling Mask"},{"floor":14,"key":"Dodecahedron"},{"floor":23,"key":"Singing Bowl"},{"floor":26,"key":"Pantograph"}],"event_choices":[{"event_name":"Bonfire Elementals","player_choice":"BASIC","floor":2,"damage_taken":0},{"event_name":"Transmorgrifier","player_choice":"Transform","floor":3,"damage_taken":0},{"event_name":"Golden Idol","player_choice":"Take Damage","floor":7,"damage_taken":0},{"event_name":"Living Wall","player_choice":"Grow","floor":13,"damage_taken":0},{"event_name":"Wheel of Change","player_choice":"Relic","floor":19,"damage_taken":0},{"event_name":"The Mausoleum","player_choice":"Yes","floor":25,"damage_taken":0},{"event_name":"The Lab","player_choice":"Got Potions","floor":29,"damage_taken":0},{"event_name":"Masked Bandits","player_choice":"Paid Bandits 7 gold","floor":31,"damage_taken":0},{"event_name":"SecretPortal","player_choice":"Took Portal.","floor":36,"damage_taken":0}],"boss_relics":[{"not_picked":["Calling Bell","Inserter"],"picked":"Lizard Tail"},{"not_picked":["Cursed Key","Black Star"],"picked":"Tiny House"}],"items_purged_floors":[20],"potions_floor_spawned":[1,14,16,21,28,33],"seed_played":"-8800425885778818285","killed_by":"Awakened One","ascension_level":0,"potions_obtained":[{"floor":1,"key":"Weak Potion"},{"floor":14,"key":"Dexterity Potion"},{"floor":16,"key":"FocusPotion"},{"floor":21,"key":"GamblersBrew"},{"floor":28,"key":"EssenceOfSteel"},{"floor":29,"key":"EssenceOfSteel"},{"floor":33,"key":"Strength Potion"},{"floor":34,"key":"SkillPotion"}],"is_trial":false}