{"gold_per_floor":[119,44,55,74,74,74,91,166,166,166,177,194,221,221,221,322,322,335,349,375,345,345,345,245,259,259,259,55,55,55,75,75,174,174,185,8,8,20,20,20,31,31,31,31],"floor_reached":44,"playtime":1791,"items_purged":["Defend_G","Strike_G","Strike_G","Strike_G"],"score":650,"play_id":"d3e5500d-1453-4742-b003-06d125b9349f","local_time":"20190131174938","is_ascension_mode":true,"campfire_choices":[{"data":"Neutralize","floor":6,"key":"SMITH"},{"floor":10,"key":"REST"},{"data":"Footwork","floor":15,"key":"SMITH"},{"floor":23,"key":"REST"},{"data":"Footwork","floor":27,"key":"SMITH"},{"data":"Noxious Fumes","floor":29,"key":"SMITH"},{"floor":32,"key":"REST"},{"data":"Noxious Fumes","floor":40,"key":"SMITH"},{"data":"Caltrops","floor":42,"key":"SMITH"}],"neow_cost":"NONE","seed_source_timestamp":934463912211043,"circlet_count":0,"master_deck":["AscendersBane","Defend_G","Defend_G","Defend_G","Defend_G","Survivor","Neutralize+1","Cloak And Dagger","Dagger Spray","Noxious Fumes+1","Noxious Fumes+1","Footwork+1","Backflip","Corpse Explosion","Escape Plan+1","Footwork+1","Dodge and Roll+1","Caltrops+1","Necronomicurse","Bane","After Image+1","Backflip","Deflect","Cloak And Dagger+1"],"relics":["Ring of the Snake","Du-Vu Doll","WingedGreaves","Philosopher\u0027s Stone","Red Mask","Sundial","Necronomicon","Busted Crown","Frozen Egg 2"],"potions_floor_usage":[1,11,13,13,16,19,22,33,33,33],"damage_taken":[{"damage":7,"enemies":"Jaw Worm","floor":1,"turns":8},{"damage":0,"enemies":"2 Louse","floor":3,"turns":4},{"damage":2,"enemies":"Cultist","floor":4,"turns":4},{"damage":10,"enemies":"2 Fungi Beasts","floor":7,"turns":4},{"damage":8,"enemies":"Exordium Thugs","floor":11,"turns":5},{"damage":3,"enemies":"3 Louse","floor":12,"turns":3},{"damage":14,"enemies":"Lagavulin","floor":13,"turns":7},{"damage":20,"enemies":"The Guardian","floor":16,"turns":11},{"damage":3,"enemies":"Chosen","floor":18,"turns":5},{"damage":0,"enemies":"3 Byrds","floor":19,"turns":4},{"damage":32,"enemies":"Masked Bandits","floor":20,"turns":3},{"damage":1,"enemies":"Snake Plant","floor":22,"turns":3},{"damage":0,"enemies":"Centurion and Healer","floor":25,"turns":6},{"damage":14,"enemies":"Snecko","floor":31,"turns":6},{"damage":17,"enemies":"Automaton","floor":33,"turns":9},{"damage":0,"enemies":"Orb Walker","floor":35,"turns":5},{"damage":2,"enemies":"3 Shapes","floor":38,"turns":5},{"damage":0,"enemies":"Maw","floor":41,"turns":9},{"damage":59,"enemies":"4 Shapes","floor":44,"turns":3}],"seed_played":"-407044857067626102","potions_obtained":[{"floor":0,"key":"SpeedPotion"},{"floor":0,"key":"SmokeBomb"},{"floor":0,"key":"Block Potion"},{"floor":7,"key":"Regen Potion"},{"floor":12,"key":"LiquidBronze"},{"floor":13,"key":"Regen Potion"},{"floor":18,"key":"Block Potion"},{"floor":21,"key":"LiquidBronze"},{"floor":21,"key":"SkillPotion"},{"floor":25,"key":"Block Potion"},{"floor":31,"key":"Strength Potion"},{"floor":35,"key":"Ancient Potion"}],"is_trial":false,"path_per_floor":["M","$","M","M","?","R","M","?","T","R","M","M","E","?","R","B",null,"M","M","?","?","M","R","$","M","T","R","$","R","?","M","R","B",null,"M","$","?","M","?","R","M","R","T","M"],"character_chosen":"THE_SILENT","items_purchased":["Caltrops","Deflect"],"campfire_rested":3,"item_purchase_floors":[28,36],"current_hp_per_floor":[56,56,56,54,54,54,44,37,37,58,55,52,38,38,38,33,61,58,58,26,26,25,46,46,46,46,46,46,46,30,16,37,20,58,58,58,58,56,56,56,56,56,56,0],"gold":31,"neow_bonus":"THREE_SMALL_POTIONS","is_prod":false,"is_daily":false,"chose_seed":false,"campfire_upgraded":6,"win_rate":0,"timestamp":1548953378,"path_taken":["M","$","M","M","?","R","M","?","T","R","?","M","E","?","R","BOSS","M","M","?","?","M","R","$","?","T","R","$","R","?","M","R","BOSS","M","$","?","M","?","R","M","R","T","M"],"build_version":"2019-01-23","purchased_purges":4,"victory":false,"max_hp_per_floor":[70,70,70,70,70,70,70,70,70,70,70,70,70,70,70,70,70,70,70,70,70,70,70,70,70,70,70,70,70,70,70,70,70,70,70,70,70,70,70,70,70,70,70,70],"card_choices":[{"not_picked":["Blade Dance","Skewer"],"picked":"Cloak And Dagger","floor":1},{"not_picked":["Well Laid Plans","Outmaneuver"],"picked":"Dagger Spray","floor":3},{"not_picked":["Dodge and Roll","Catalyst"],"picked":"Noxious Fumes","floor":4},{"not_picked":["Calculated Gamble","Acrobatics"],"picked":"Heel Hook","floor":7},{"not_picked":["PiercingWail","Acrobatics"],"picked":"Noxious Fumes","floor":11},{"not_picked":["Glass Knife","Dagger Throw"],"picked":"Footwork","floor":12},{"not_picked":["Deflect","Poisoned Stab"],"picked":"Backflip","floor":13},{"not_picked":["Malaise","Phantasmal Killer"],"picked":"Corpse Explosion","floor":16},{"not_picked":["Caltrops","Skewer"],"picked":"Escape Plan+1","floor":18},{"not_picked":["Crippling Poison","Dagger Throw","Concentrate"],"picked":"SKIP","floor":19},{"not_picked":["Dagger Spray","Masterful Stab+1"],"picked":"Footwork","floor":20},{"not_picked":["Accuracy","PiercingWail"],"picked":"Dodge and Roll+1","floor":25},{"not_picked":["Prepared","Riddle With Holes"],"picked":"Bane","floor":31},{"not_picked":["Burst","Unload"],"picked":"After Image","floor":33},{"not_picked":[],"picked":"Backflip","floor":35},{"not_picked":[],"picked":"Cloak And Dagger+1","floor":38},{"not_picked":["Blade Dance"],"picked":"SKIP","floor":41}],"player_experience":564485,"relics_obtained":[{"floor":9,"key":"Du-Vu Doll"},{"floor":13,"key":"WingedGreaves"},{"floor":20,"key":"Red Mask"},{"floor":26,"key":"Sundial"},{"floor":30,"key":"Necronomicon"},{"floor":43,"key":"Frozen Egg 2"}],"event_choices":[{"cards_removed":["Strike_G"],"damage_healed":0,"gold_gain":0,"player_choice":"Forget","damage_taken":0,"max_hp_gain":0,"max_hp_loss":0,"event_name":"Living Wall","floor":5,"gold_loss":0},{"damage_healed":0,"gold_gain":75,"player_choice":"Touch","damage_taken":7,"max_hp_gain":0,"max_hp_loss":0,"event_name":"FaceTrader","floor":8,"gold_loss":0},{"cards_removed":["Strike_G"],"damage_healed":0,"gold_gain":0,"player_choice":"Offered Basic","damage_taken":0,"max_hp_gain":0,"max_hp_loss":0,"event_name":"Bonfire Elementals","floor":14,"gold_loss":0},{"damage_healed":0,"gold_gain":0,"player_choice":"Fought Bandits","damage_taken":0,"max_hp_gain":0,"max_hp_loss":0,"event_name":"Masked Bandits","floor":20,"gold_loss":0},{"damage_healed":0,"gold_gain":0,"player_choice":"Bought 2 Potions","damage_taken":0,"max_hp_gain":0,"max_hp_loss":0,"event_name":"The Woman in Blue","floor":21,"gold_loss":0},{"damage_healed":0,"gold_gain":0,"player_choice":"Obtained Book","damage_taken":16,"max_hp_gain":0,"max_hp_loss":0,"event_name":"Cursed Tome","floor":30,"gold_loss":0},{"cards_removed":["Heel Hook"],"damage_healed":0,"gold_gain":0,"player_choice":"Removed Attack","damage_taken":0,"max_hp_gain":0,"max_hp_loss":0,"event_name":"Falling","floor":37,"gold_loss":0},{"damage_healed":0,"gold_gain":0,"player_choice":"Forge","damage_taken":0,"max_hp_gain":0,"max_hp_loss":0,"event_name":"Accursed Blacksmith","floor":39,"gold_loss":0,"cards_upgraded":["After Image"]}],"is_beta":false,"boss_relics":[{"not_picked":["WristBlade","Snecko Eye"],"picked":"Philosopher\u0027s Stone"},{"not_picked":["HoveringKite","Cursed Key"],"picked":"Busted Crown"}],"items_purged_floors":[2,24,28,36],"is_endless":false,"potions_floor_spawned":[7,12,13,18,25,31,35],"killed_by":"4 Shapes","ascension_level":10}