{"gold_per_floor":[115,115,128,128,128,156,9,9,87,14,14,30,40,114,114,215,215,233,233,233,252,252,252,263,278,352,352,364,379,154,185,185,285,285,285],"floor_reached":35,"playtime":2028,"items_purged":["Strike_B"],"score":400,"play_id":"1d836a38-141f-4b6f-a225-262f4092a1ef","local_time":"20180730234823","is_ascension_mode":false,"campfire_choices":[{"data":"Zap","floor":8,"key":"SMITH"},{"data":"Go for the Eyes","floor":11,"key":"SMITH"},{"data":"Hologram","floor":15,"key":"SMITH"},{"data":"Go for the Eyes","floor":23,"key":"SMITH"},{"data":"Beam Cell","floor":27,"key":"SMITH"},{"floor":32,"key":"REST"}],"neow_cost":"NONE","seed_source_timestamp":1490916036135378,"circlet_count":0,"master_deck":["Strike_B","Strike_B","Defend_B+1","Defend_B","Defend_B+1","Defend_B+1","Zap+1","FTL","Go for the Eyes","Hologram+1","Beam Cell+1","Go for the Eyes+1","Self Repair","Chill","Sweeping Beam","Turbo","Amplify","Auto Shields+1","Zap","Genetic Algorithm","Go for the Eyes+1","Turbo+1","Barrage","Rebound","Undo+1","Trip+1","Sweeping Beam","Glacier+1","Darkness+1","Biased Cognition","Leap+1","Seek+1","Cold Snap","Coolheaded+1"],"relics":["Cracked Core","NeowsBlessing","War Paint","Bottled Lightning","Ornamental Fan","Lizard Tail","Meat on the Bone","Toxic Egg 2","Dream Catcher","Orrery"],"potions_floor_usage":[25,25,31],"damage_taken":[{"damage":0,"enemies":"Small Slimes","floor":1,"turns":1},{"damage":0,"enemies":"2 Louse","floor":3,"turns":1},{"damage":0,"enemies":"Lagavulin","floor":6,"turns":1},{"damage":1,"enemies":"Cultist","floor":12,"turns":3},{"damage":0,"enemies":"2 Fungi Beasts","floor":13,"turns":4},{"damage":24,"enemies":"The Guardian","floor":16,"turns":12},{"damage":8,"enemies":"Shell Parasite","floor":18,"turns":7},{"damage":3,"enemies":"Spheric Guardian","floor":21,"turns":6},{"damage":17,"enemies":"Snake Plant","floor":24,"turns":7},{"damage":27,"enemies":"Centurion and Healer","floor":25,"turns":25},{"damage":26,"enemies":"Snecko","floor":28,"turns":8},{"damage":27,"enemies":"Slaver and Parasite","floor":29,"turns":8},{"damage":20,"enemies":"Book of Stabbing","floor":31,"turns":6},{"damage":77,"enemies":"Champ","floor":33,"turns":16},{"damage":77,"enemies":"Flame Bruiser 1 Orb","floor":35,"turns":15}],"seed_played":"-8690079872708997794","potions_obtained":[{"floor":1,"key":"EssenceOfSteel"},{"floor":6,"key":"Poison Potion"},{"floor":16,"key":"Weak Potion"},{"floor":18,"key":"PowerPotion"}],"is_trial":false,"path_per_floor":["M","?","M","?","?","E","$","R","T","$","R","M","M","T","R","B",null,"M","?","?","M","T","R","M","M","T","R","M","M","$","E","R","B",null],"character_chosen":"DEFECT","items_purchased":["Beam Cell","Go for the Eyes","Self Repair","Chill","Trip+1","Sweeping Beam"],"campfire_rested":1,"item_purchase_floors":[7,7,7,10,30,30],"current_hp_per_floor":[75,60,60,53,75,75,75,75,75,75,75,75,75,75,75,58,75,74,74,74,75,75,75,65,45,45,45,38,30,30,29,51,34,75,0],"gold":285,"neow_bonus":"THREE_ENEMY_KILL","is_prod":false,"is_daily":false,"chose_seed":false,"campfire_upgraded":5,"win_rate":0,"timestamp":1532987303,"path_taken":["M","?","M","?","?","E","$","R","T","$","R","M","?","?","R","BOSS","M","?","?","M","?","R","M","?","T","R","?","M","$","E","R","BOSS","M"],"build_version":"2018-07-26","purchased_purges":1,"victory":false,"max_hp_per_floor":[75,75,75,75,75,75,75,75,75,75,75,75,75,75,75,75,75,75,75,75,75,75,75,75,75,75,75,75,75,75,75,75,75,75,75],"card_choices":[{"not_picked":["Compile Driver","Skim"],"picked":"FTL","floor":1},{"not_picked":["Static Discharge","Sunder"],"picked":"Go for the Eyes","floor":3},{"not_picked":["Hello World","Capacitor"],"picked":"Hologram","floor":6},{"not_picked":["Redo","Ball Lightning"],"picked":"Sweeping Beam","floor":12},{"not_picked":["Sunder","Barrage"],"picked":"Turbo","floor":13},{"not_picked":["Rainbow","Thunder Strike"],"picked":"Amplify","floor":16},{"not_picked":["Force Field+1","Chaos"],"picked":"Auto Shields+1","floor":18},{"not_picked":["Cold Snap","Coolheaded"],"picked":"Go for the Eyes","floor":21},{"not_picked":["Hologram","Sunder"],"picked":"Turbo+1","floor":24},{"not_picked":["Compile Driver","Blizzard+1"],"picked":"Barrage","floor":25},{"not_picked":["Fission+1","Compile Driver+1"],"picked":"Rebound","floor":28},{"not_picked":["Capacitor","Cold Snap"],"picked":"Undo+1","floor":29},{"not_picked":["Reinforced Body+1","Compile Driver+1"],"picked":"Glacier+1","floor":31},{"not_picked":["Stack+1","Fusion+1"],"picked":"Darkness+1","floor":32},{"not_picked":["Multi-Cast+1","Rainbow+1"],"picked":"Biased Cognition","floor":33},{"not_picked":["Ball Lightning","Cold Snap+1"],"picked":"Leap+1","floor":34},{"not_picked":["Loop","Force Field+1"],"picked":"Seek+1","floor":34},{"not_picked":["Aggregate+1","Darkness+1"],"picked":"Cold Snap","floor":34},{"not_picked":["Compile Driver","Stack+1"],"picked":"Coolheaded+1","floor":34}],"player_experience":86646,"relics_obtained":[{"floor":6,"key":"War Paint"},{"floor":9,"key":"Bottled Lightning"},{"floor":14,"key":"Ornamental Fan"},{"floor":22,"key":"Meat on the Bone"},{"floor":26,"key":"Toxic Egg 2"},{"floor":31,"key":"Dream Catcher"}],"event_choices":[{"event_name":"Shining Light","player_choice":"Entered Light","floor":2,"damage_taken":0},{"event_name":"Golden Wing","player_choice":"Card Removal","floor":4,"damage_taken":0},{"event_name":"Big Fish","player_choice":"Banana","floor":5,"damage_taken":0},{"event_name":"Match and Keep!","player_choice":"2 cards matched","floor":19,"damage_taken":0},{"event_name":"Purifier","player_choice":"One Purge","floor":20,"damage_taken":0}],"is_beta":false,"boss_relics":[{"not_picked":["Calling Bell","Fusion Hammer"],"picked":"Lizard Tail"},{"not_picked":["Empty Cage","Cursed Key"],"picked":"Orrery"}],"items_purged_floors":[30],"is_endless":false,"potions_floor_spawned":[1,6,16,18,24],"killed_by":"Flame Bruiser 1 Orb","ascension_level":0}