{"gold_per_floor":[215,227,244,261,12,12,38,52,77,95,95,17,17,27,27,132,132,151,161,177,190,190,190,202,202,280,291,311,329,353,53,53,156,156,166,180,0,11,11,11,22,22,22,22,37,37,57,77,77,77],"floor_reached":51,"playtime":4859,"items_purged":["Strike_R","Strike_R+1"],"score":684,"play_id":"ff17c85c-345e-4f1d-a0e0-63926363d233","local_time":"20181002164644","is_ascension_mode":false,"campfire_choices":[{"data":"True Grit","floor":6,"key":"SMITH"},{"data":"Armaments","floor":11,"key":"SMITH"},{"data":"Inflame","floor":15,"key":"SMITH"},{"data":"Whirlwind","floor":23,"key":"SMITH"},{"data":"True Grit","floor":32,"key":"SMITH"},{"data":"Heavy Blade","floor":40,"key":"SMITH"},{"data":"Demon Form","floor":44,"key":"SMITH"},{"data":"Shockwave","floor":49,"key":"SMITH"}],"neow_cost":"NONE","seed_source_timestamp":8457025841120,"circlet_count":0,"master_deck":["Strike_R+1","Strike_R+1","Defend_R+1","Defend_R+1","Defend_R+1","Defend_R+1","Bash","Pommel Strike","Headbutt","Infernal Blade","Inflame+1","Feed","Armaments+1","True Grit+1","Limit Break","Whirlwind+1","Armaments+1","Offering","Limit Break","Demon Form+1","Shrug It Off","Clothesline","Heavy Blade+1","Shockwave+1","True Grit+1","Barricade","Headbutt+1","Flame Barrier"],"relics":["Burning Blood","Gambling Chip","Bag of Preparation","Coffee Dripper","Bottled Tornado","Dream Catcher","Lantern","Velvet Choker","Red Mask","WingedGreaves"],"potions_floor_usage":[50,50],"damage_taken":[{"damage":9,"enemies":"Jaw Worm","floor":1,"turns":6},{"damage":0,"enemies":"2 Louse","floor":2,"turns":3},{"damage":0,"enemies":"Cultist","floor":3,"turns":3},{"damage":2,"enemies":"3 Louse","floor":4,"turns":2},{"damage":28,"enemies":"Gremlin Nob","floor":7,"turns":4},{"damage":0,"enemies":"Looter","floor":8,"turns":4},{"damage":1,"enemies":"Exordium Thugs","floor":10,"turns":4},{"damage":0,"enemies":"2 Fungi Beasts","floor":14,"turns":5},{"damage":42,"enemies":"Hexaghost","floor":16,"turns":6},{"damage":0,"enemies":"Chosen","floor":18,"turns":4},{"damage":0,"enemies":"3 Byrds","floor":19,"turns":3},{"damage":2,"enemies":"3 Cultists","floor":20,"turns":4},{"damage":22,"enemies":"Shelled Parasite and Fungi","floor":21,"turns":6},{"damage":21,"enemies":"Cultist and Chosen","floor":24,"turns":9},{"damage":7,"enemies":"3 Cultists","floor":27,"turns":4},{"damage":8,"enemies":"Shelled Parasite and Fungi","floor":28,"turns":8},{"damage":20,"enemies":"Sentry and Sphere","floor":29,"turns":4},{"damage":25,"enemies":"Collector","floor":33,"turns":7},{"damage":1,"enemies":"3 Darklings","floor":35,"turns":5},{"damage":2,"enemies":"3 Shapes","floor":36,"turns":5},{"damage":18,"enemies":"Spire Growth","floor":38,"turns":4},{"damage":19,"enemies":"4 Shapes","floor":41,"turns":7},{"damage":0,"enemies":"Sphere and 2 Shapes","floor":45,"turns":2},{"damage":8,"enemies":"Transient","floor":47,"turns":5},{"damage":24,"enemies":"4 Shapes","floor":48,"turns":6},{"damage":46,"enemies":"Awakened One","floor":50,"turns":6}],"seed_played":"6804276073248478996","potions_obtained":[{"floor":4,"key":"LiquidBronze"},{"floor":8,"key":"Block Potion"},{"floor":14,"key":"FearPotion"},{"floor":16,"key":"Energy Potion"},{"floor":20,"key":"Ancient Potion"},{"floor":33,"key":"BloodPotion"}],"is_trial":false,"path_per_floor":["M","M","M","M","$","R","E","M","T","M","R","$","?","M","R","B",null,"M","M","M","M","?","R","M","?","T","M","M","M","T","$","R","B",null,"M","M","?","M","$","R","M","?","T","R","M","$","M","M","R","B"],"character_chosen":"IRONCLAD","items_purchased":["Feed","Armaments","True Grit","Offering","Lantern","True Grit"],"campfire_rested":0,"item_purchase_floors":[5,5,5,12,31,31],"current_hp_per_floor":[77,80,80,80,80,80,61,67,67,75,75,75,75,84,84,52,93,96,96,99,87,87,87,72,72,72,75,77,63,63,63,63,44,111,111,115,115,103,103,103,94,94,94,94,100,100,98,83,83,54],"gold":77,"neow_bonus":"HUNDRED_GOLD","is_prod":false,"is_daily":false,"chose_seed":false,"campfire_upgraded":8,"win_rate":0,"timestamp":1538491604,"path_taken":["M","M","M","M","$","R","E","M","T","M","R","$","?","M","R","BOSS","M","M","M","M","?","R","M","?","T","M","M","M","?","$","R","BOSS","M","M","?","M","$","R","M","?","T","R","M","?","M","?","R","BOSS"],"build_version":"2018-09-20","purchased_purges":2,"victory":true,"max_hp_per_floor":[80,80,80,80,80,80,83,83,83,86,86,86,86,89,89,93,93,96,96,99,103,103,103,103,103,103,107,111,111,111,111,111,111,111,111,115,115,115,115,115,119,113,113,113,113,113,113,116,116,116],"card_choices":[{"not_picked":["Twin Strike","Body Slam"],"picked":"Pommel Strike","floor":1},{"not_picked":["Flex","Wild Strike"],"picked":"Headbutt","floor":2},{"not_picked":["Wild Strike","Blood for Blood"],"picked":"Infernal Blade","floor":3},{"not_picked":["Flex","Clash"],"picked":"Inflame","floor":4},{"not_picked":["Hemokinesis","Disarm"],"picked":"Limit Break","floor":7},{"not_picked":["Armaments","Sever Soul"],"picked":"Whirlwind","floor":8},{"not_picked":["Body Slam","Flex"],"picked":"Armaments","floor":10},{"not_picked":["Corruption","Armaments"],"picked":"Limit Break","floor":14},{"not_picked":["Barricade","Berserk"],"picked":"Demon Form","floor":16},{"not_picked":["Cleave","Flex"],"picked":"Shrug It Off","floor":18},{"not_picked":["Anger","Dropkick"],"picked":"Clothesline","floor":19},{"not_picked":["Wild Strike","Whirlwind","Hemokinesis"],"picked":"SKIP","floor":20},{"not_picked":["Iron Wave","Shrug It Off"],"picked":"Heavy Blade","floor":21},{"not_picked":["Iron Wave","Sever Soul+1","Perfected Strike+1"],"picked":"SKIP","floor":24},{"not_picked":["Shrug It Off","Twin Strike","Evolve"],"picked":"SKIP","floor":27},{"not_picked":["Clothesline","Sword Boomerang+1"],"picked":"Shockwave","floor":28},{"not_picked":["Wild Strike","Feel No Pain","Pommel Strike"],"picked":"SKIP","floor":29},{"not_picked":["Offering","Immolate"],"picked":"Barricade","floor":33},{"not_picked":["Entrench","Power Through","Anger"],"picked":"SKIP","floor":35},{"not_picked":["Bloodletting+1","Sever Soul+1","Wild Strike"],"picked":"SKIP","floor":36},{"not_picked":["Power Through+1","Reckless Charge"],"picked":"Headbutt+1","floor":38},{"not_picked":["Pommel Strike+1","Cleave","Heavy Blade"],"picked":"SKIP","floor":41},{"not_picked":["Power Through+1","Thunderclap"],"picked":"Flame Barrier","floor":45},{"not_picked":["Body Slam+1","Fire Breathing","Clothesline"],"picked":"SKIP","floor":47},{"not_picked":["Perfected Strike","Warcry","Rampage"],"picked":"SKIP","floor":48}],"player_experience":39544,"relics_obtained":[{"floor":7,"key":"Gambling Chip"},{"floor":9,"key":"Bag of Preparation"},{"floor":26,"key":"Bottled Tornado"},{"floor":30,"key":"Dream Catcher"},{"floor":43,"key":"WingedGreaves"}],"event_choices":[{"event_name":"Living Wall","player_choice":"Grow","floor":13,"damage_taken":0},{"event_name":"Back to Basics","player_choice":"Simplicity","floor":22,"damage_taken":0},{"event_name":"Bonfire Elementals","player_choice":"BASIC","floor":25,"damage_taken":0},{"event_name":"Tomb of Lord Red Mask","player_choice":"Paid","floor":37,"damage_taken":0},{"event_name":"Winding Halls","player_choice":"Max HP","floor":42,"damage_taken":0}],"is_beta":false,"boss_relics":[{"not_picked":["Lizard Tail","Mark of Pain"],"picked":"Coffee Dripper"},{"not_picked":["Philosopher\u0027s Stone","Runic Cube"],"picked":"Velvet Choker"}],"items_purged_floors":[5,31],"is_endless":false,"potions_floor_spawned":[4,8,14,16,20,28,29,33,36,45,47],"ascension_level":0}