{"gold_per_floor":[17,32,42,7,20,20,51,151,177,208,225,225,243,269,269,374,374,385,385,396,57,57,57,86,86,86,86,1,0,52,62,62,162,162,174,174,185,203,18,18,44,54,54,54,70,90,123,123,123,123],"floor_reached":50,"playtime":3042,"items_purged":["Perfected Strike"],"score":954,"play_id":"6e6f7528-5c85-4e2b-aa7c-d203e9245c02","local_time":"20190226185335","is_ascension_mode":true,"campfire_choices":[{"data":"Armaments","floor":6,"key":"SMITH"},{"floor":12,"key":"REST"},{"data":"Whirlwind","floor":15,"key":"SMITH"},{"data":"Offering","floor":23,"key":"SMITH"},{"data":"Demon Form","floor":25,"key":"SMITH"},{"data":"Dark Embrace","floor":27,"key":"SMITH"},{"data":"Inflame","floor":32,"key":"SMITH"},{"floor":40,"key":"REST"},{"data":"Juggernaut","floor":49,"key":"SMITH"}],"neow_cost":"NO_GOLD","seed_source_timestamp":3432884528382,"circlet_count":0,"master_deck":["AscendersBane","Defend_R","Defend_R+1","Defend_R","Defend_R+1","Bash","Armaments+1","Headbutt","Twin Strike","Metallicize","Body Slam","Pommel Strike","Clothesline","Feel No Pain","Impervious","Thunderclap","Seeing Red","Corruption","Iron Wave","Whirlwind+1","Dark Embrace+1","Carnage","Bite","Bite","Bite","Bite","Bite","Metallicize","Offering+1","Inflame+1","Demon Form+1","Pummel","Battle Trance","Limit Break","Shrug It Off","Battle Trance","The Bomb","Barricade","Metallicize","Apotheosis","Sentinel","Second Wind","Juggernaut+1","Ghostly Armor","Seeing Red","Shrug It Off","Finesse"],"relics":["Burning Blood","Prayer Wheel","Bag of Preparation","Bronze Scales","War Paint","Regal Pillow","Snecko Eye","Kunai","Dodecahedron","Mummified Hand","Anchor","Velvet Choker","Art of War","Bag of Marbles","Ancient Tea Set"],"potions_floor_usage":[10,16,47,47],"damage_taken":[{"damage":23,"enemies":"Jaw Worm","floor":1,"turns":4},{"damage":16,"enemies":"Cultist","floor":2,"turns":4},{"damage":3,"enemies":"Small Slimes","floor":3,"turns":3},{"damage":20,"enemies":"3 Louse","floor":5,"turns":6},{"damage":27,"enemies":"Lagavulin","floor":7,"turns":10},{"damage":22,"enemies":"Gremlin Nob","floor":10,"turns":5},{"damage":6,"enemies":"Large Slime","floor":11,"turns":7},{"damage":0,"enemies":"Exordium Thugs","floor":13,"turns":5},{"damage":4,"enemies":"Lagavulin","floor":14,"turns":7},{"damage":29,"enemies":"Slime Boss","floor":16,"turns":11},{"damage":7,"enemies":"3 Byrds","floor":18,"turns":3},{"damage":12,"enemies":"Spheric Guardian","floor":20,"turns":5},{"damage":22,"enemies":"Slavers","floor":24,"turns":6},{"damage":21,"enemies":"Snecko","floor":31,"turns":4},{"damage":19,"enemies":"Automaton","floor":33,"turns":6},{"damage":37,"enemies":"3 Shapes","floor":35,"turns":3},{"damage":0,"enemies":"3 Darklings","floor":37,"turns":3},{"damage":17,"enemies":"Transient","floor":38,"turns":5},{"damage":6,"enemies":"Giant Head","floor":41,"turns":7},{"damage":27,"enemies":"Maw","floor":42,"turns":8},{"damage":6,"enemies":"Sphere and 2 Shapes","floor":45,"turns":5},{"damage":21,"enemies":"Spire Growth","floor":46,"turns":4},{"damage":33,"enemies":"Reptomancer","floor":47,"turns":5},{"damage":46,"enemies":"Time Eater","floor":50,"turns":6}],"seed_played":"-1424777956632142467","potions_obtained":[{"floor":3,"key":"SpeedPotion"},{"floor":5,"key":"SkillPotion"},{"floor":7,"key":"Ancient Potion"},{"floor":14,"key":"GamblersBrew"},{"floor":41,"key":"FearPotion"},{"floor":45,"key":"Regen Potion"}],"is_trial":false,"path_per_floor":["M","M","M","?","M","R","E","?","T","E","M","R","M","E","R","B",null,"M","?","M","$","?","R","E","R","T","R","?","?","T","M","R","B",null,"M","?","M","M","$","R","E","M","T","$","M","M","E","?","R","B"],"character_chosen":"IRONCLAD","items_purchased":["Offering","Inflame","Fire Potion","Apotheosis"],"campfire_rested":2,"item_purchase_floors":[21,21,21,39],"current_hp_per_floor":[55,45,48,68,54,54,33,33,33,17,17,41,47,49,49,26,67,66,56,50,50,44,44,33,33,33,33,33,33,33,26,26,30,50,23,23,29,26,26,56,56,50,50,50,52,41,31,31,31,0],"gold":123,"neow_bonus":"ONE_RARE_RELIC","is_prod":false,"is_daily":false,"chose_seed":false,"campfire_upgraded":7,"win_rate":0,"timestamp":1551203615,"path_taken":["M","M","M","?","M","R","E","?","T","E","M","R","?","E","R","BOSS","M","?","M","$","?","R","E","R","T","R","?","?","?","M","R","BOSS","M","?","M","M","$","R","E","M","T","$","M","?","E","?","R","BOSS"],"build_version":"2019-01-23","purchased_purges":1,"victory":false,"max_hp_per_floor":[80,80,80,80,80,80,80,80,80,80,80,80,80,80,80,80,80,80,56,56,56,56,56,56,56,56,56,56,56,56,56,56,56,56,56,56,56,56,56,56,56,56,56,56,56,56,56,56,56,56],"card_choices":[{"not_picked":["Cleave","Wild Strike"],"picked":"Armaments","floor":1},{"not_picked":["Sever Soul","Sword Boomerang"],"picked":"Headbutt","floor":1},{"not_picked":["Cleave","Body Slam"],"picked":"Twin Strike","floor":2},{"not_picked":["Headbutt","Thunderclap","Havoc"],"picked":"SKIP","floor":2},{"not_picked":["Flex","Twin Strike"],"picked":"Metallicize","floor":3},{"not_picked":["Brutality","Wild Strike"],"picked":"Body Slam","floor":3},{"not_picked":["Twin Strike","Clash"],"picked":"Pommel Strike","floor":5},{"not_picked":["Headbutt","Twin Strike"],"picked":"Clothesline","floor":5},{"not_picked":["Searing Blow","Iron Wave"],"picked":"Feel No Pain","floor":7},{"not_picked":["Spot Weakness","Seeing Red"],"picked":"Impervious","floor":10},{"not_picked":["Sword Boomerang","Sentinel"],"picked":"Thunderclap","floor":11},{"not_picked":["Thunderclap","Wild Strike"],"picked":"Seeing Red","floor":11},{"not_picked":["Warcry","Heavy Blade"],"picked":"Corruption","floor":13},{"not_picked":["Wild Strike","Pommel Strike"],"picked":"Iron Wave","floor":13},{"not_picked":["Feel No Pain","Rampage"],"picked":"Whirlwind","floor":14},{"not_picked":["Berserk","Limit Break"],"picked":"Dark Embrace","floor":16},{"not_picked":["Dropkick","Iron Wave"],"picked":"Carnage","floor":18},{"not_picked":["Clash","Cleave"],"picked":"Perfected Strike","floor":18},{"not_picked":["Pummel","Clash"],"picked":"Metallicize","floor":20},{"not_picked":["Rupture","Fire Breathing","Iron Wave"],"picked":"SKIP","floor":20},{"not_picked":["Rage+1","Seeing Red"],"picked":"Demon Form","floor":24},{"not_picked":["Body Slam","Shockwave"],"picked":"Pummel","floor":31},{"not_picked":["Flame Barrier","Clothesline"],"picked":"Battle Trance","floor":31},{"not_picked":["Immolate","Berserk"],"picked":"Limit Break","floor":33},{"not_picked":["Perfected Strike+1","Rupture+1"],"picked":"Shrug It Off","floor":35},{"not_picked":["Pommel Strike","Iron Wave"],"picked":"Battle Trance","floor":35},{"not_picked":["Searing Blow+1","Shockwave"],"picked":"Barricade","floor":37},{"not_picked":["Clothesline","Warcry"],"picked":"Metallicize","floor":37},{"not_picked":["Clothesline","Cleave","Heavy Blade"],"picked":"SKIP","floor":38},{"not_picked":["Sever Soul","Anger","Wild Strike+1"],"picked":"SKIP","floor":38},{"not_picked":["Wild Strike","Pommel Strike","Sword Boomerang"],"picked":"SKIP","floor":41},{"not_picked":["Twin Strike","Armaments+1"],"picked":"Sentinel","floor":42},{"not_picked":["Warcry+1","Battle Trance"],"picked":"Second Wind","floor":42},{"not_picked":["Headbutt","Flex"],"picked":"Juggernaut","floor":45},{"not_picked":["Clash","Anger"],"picked":"Ghostly Armor","floor":45},{"not_picked":["Wild Strike","Heavy Blade"],"picked":"Seeing Red","floor":46},{"not_picked":["Rage+1","Rupture","Uppercut+1"],"picked":"SKIP","floor":46},{"not_picked":["Pummel","Sever Soul"],"picked":"Shrug It Off","floor":47},{"not_picked":["Blind","The Bomb"],"picked":"Finesse","floor":48}],"player_experience":776472,"relics_obtained":[{"floor":7,"key":"Bag of Preparation"},{"floor":9,"key":"Bronze Scales"},{"floor":10,"key":"War Paint"},{"floor":14,"key":"Regal Pillow"},{"floor":24,"key":"Kunai"},{"floor":26,"key":"Dodecahedron"},{"floor":30,"key":"Anchor"},{"floor":41,"key":"Art of War"},{"floor":43,"key":"Bag of Marbles"},{"floor":47,"key":"Ancient Tea Set"}],"event_choices":[{"damage_healed":20,"gold_gain":0,"player_choice":"Healed","damage_taken":0,"max_hp_gain":0,"max_hp_loss":0,"event_name":"The Cleric","floor":4,"gold_loss":35},{"damage_healed":0,"gold_gain":100,"player_choice":"Pray","damage_taken":0,"max_hp_gain":0,"max_hp_loss":0,"event_name":"Golden Shrine","floor":8,"gold_loss":0},{"damage_healed":0,"gold_gain":0,"player_choice":"Became a vampire","damage_taken":0,"max_hp_gain":0,"max_hp_loss":24,"event_name":"Vampires","floor":19,"gold_loss":0,"cards_obtained":["Bite","Bite","Bite","Bite","Bite"]},{"damage_healed":0,"gold_gain":0,"player_choice":"Joined the Cult","damage_taken":6,"max_hp_gain":0,"max_hp_loss":0,"event_name":"Nest","floor":22,"gold_loss":0,"cards_obtained":["RitualDagger"]},{"damage_healed":0,"gold_gain":0,"player_choice":"Obtained Relic","damage_taken":0,"relics_obtained":["Mummified Hand"],"max_hp_gain":0,"max_hp_loss":0,"event_name":"Addict","floor":28,"gold_loss":85},{"damage_healed":0,"gold_gain":0,"player_choice":"Paid Fearfully","damage_taken":0,"max_hp_gain":0,"max_hp_loss":0,"event_name":"Masked Bandits","floor":29,"gold_loss":1},{"damage_healed":0,"gold_gain":0,"cards_transformed":["RitualDagger"],"player_choice":"Transformed","damage_taken":0,"max_hp_gain":0,"max_hp_loss":0,"event_name":"Transmorgrifier","floor":36,"gold_loss":0,"cards_obtained":["The Bomb"]},{"damage_healed":0,"gold_gain":0,"player_choice":"Memory 1","damage_taken":0,"max_hp_gain":0,"max_hp_loss":0,"event_name":"SensoryStone","floor":48,"gold_loss":0}],"is_beta":false,"boss_relics":[{"not_picked":["Black Star","Orrery"],"picked":"Snecko Eye"},{"not_picked":["Runic Dome","Pandora\u0027s Box"],"picked":"Velvet Choker"}],"items_purged_floors":[21],"is_endless":false,"potions_floor_spawned":[3,5,7,14,37,41,45],"killed_by":"Time Eater","ascension_level":12}