{"gold_per_floor":[117,192,192,210,210,210,239,251,263,289,373,412,424,468,480,492],"floor_reached":16,"playtime":429,"items_purged":[],"score":212,"play_id":"d6dd654a-b86a-4c96-bdd4-a50955ba9f8b","local_time":"20190225184048","is_ascension_mode":true,"campfire_choices":[{"data":"Bash","floor":6,"key":"SMITH"},{"data":"Disarm","floor":8,"key":"SMITH"},{"floor":13,"key":"REST"},{"data":"Immolate","floor":15,"key":"SMITH"}],"neow_cost":"NONE","seed_source_timestamp":93115200485233,"circlet_count":0,"master_deck":["AscendersBane","Strike_R","Strike_R","Strike_R","Strike_R","Strike_R","Defend_R+1","Defend_R","Defend_R","Defend_R","Bash+1","Wild Strike+1","Pommel Strike","Disarm+1","Twin Strike","Immolate+1","Clothesline"],"relics":["Burning Blood","NeowsBlessing","Dream Catcher","MawBank","Blue Candle","Red Skull","Orichalcum"],"potions_floor_usage":[12,14,16],"damage_taken":[{"damage":0,"enemies":"Cultist","floor":1,"turns":1},{"damage":0,"enemies":"2 Louse","floor":4,"turns":1},{"damage":0,"enemies":"3 Sentries","floor":7,"turns":2},{"damage":10,"enemies":"Small Slimes","floor":10,"turns":3},{"damage":29,"enemies":"Lagavulin","floor":12,"turns":6},{"damage":10,"enemies":"3 Sentries","floor":14,"turns":5},{"damage":58,"enemies":"Slime Boss","floor":16,"turns":6}],"seed_played":"823257014694874711","potions_obtained":[{"floor":10,"key":"AttackPotion"},{"floor":12,"key":"Explosive Potion"},{"floor":14,"key":"Explosive Potion"}],"is_trial":false,"path_per_floor":["M","?","?","M","?","R","E","R","T","M","?","E","R","E","R","B"],"character_chosen":"IRONCLAD","items_purchased":[],"campfire_rested":1,"item_purchase_floors":[],"current_hp_per_floor":[78,67,51,57,54,54,60,60,60,56,56,33,57,53,53,0],"gold":492,"neow_bonus":"THREE_ENEMY_KILL","is_prod":false,"is_daily":false,"chose_seed":false,"campfire_upgraded":3,"win_rate":0,"timestamp":1551116448,"path_taken":["M","?","?","M","?","R","E","R","T","M","?","E","R","E","R","BOSS"],"build_version":"2019-01-23","purchased_purges":0,"victory":false,"max_hp_per_floor":[80,80,80,80,80,80,80,80,80,80,80,80,80,80,80,80],"card_choices":[{"not_picked":["True Grit","Shrug It Off"],"picked":"Wild Strike","floor":1},{"not_picked":["Corruption","Sword Boomerang"],"picked":"Pommel Strike","floor":4},{"not_picked":["Fire Breathing","True Grit"],"picked":"Disarm","floor":7},{"not_picked":["Rupture","Shrug It Off"],"picked":"Twin Strike","floor":10},{"not_picked":["Heavy Blade","Inflame"],"picked":"Immolate","floor":12},{"not_picked":["Havoc","Heavy Blade"],"picked":"Clothesline","floor":13},{"not_picked":["Wild Strike","Clothesline","Reckless Charge"],"picked":"SKIP","floor":14}],"player_experience":766204,"relics_obtained":[{"floor":7,"key":"MawBank"},{"floor":9,"key":"Blue Candle"},{"floor":12,"key":"Red Skull"},{"floor":14,"key":"Orichalcum"}],"event_choices":[{"damage_healed":0,"gold_gain":75,"player_choice":"Gather Gold","damage_taken":11,"max_hp_gain":0,"max_hp_loss":0,"event_name":"World of Goop","floor":2,"gold_loss":0},{"damage_healed":0,"gold_gain":0,"player_choice":"Entered Light","damage_taken":16,"max_hp_gain":0,"max_hp_loss":0,"event_name":"Shining Light","floor":3,"gold_loss":0,"cards_upgraded":["Defend_R","Wild Strike"]},{"damage_healed":0,"gold_gain":0,"player_choice":"Success","damage_taken":3,"relics_obtained":["Dream Catcher"],"max_hp_gain":0,"max_hp_loss":0,"event_name":"Scrap Ooze","floor":5,"gold_loss":0},{"damage_healed":0,"gold_gain":72,"player_choice":"Gained Gold","damage_taken":0,"max_hp_gain":0,"max_hp_loss":0,"event_name":"Golden Wing","floor":11,"gold_loss":0}],"is_beta":false,"boss_relics":[],"items_purged_floors":[],"is_endless":false,"potions_floor_spawned":[10,12,14],"killed_by":"Slime Boss","ascension_level":10}