{"gold_per_floor":[113,125,5,16,116,141,152,186,186,204,204,214,214,230,230,328,328,347,347,347,94,109,109,137,147,216,241,241,271,290,320,320,421,421,436,448,129,351,371,371,404,424,450,450,469,485,503,534,534,534],"floor_reached":51,"playtime":13782,"items_purged":["Strike_B","Strike_B","Strike_B"],"score":927,"play_id":"54192e2a-4d06-490c-ad3a-2a35021f13ae","local_time":"20190213174546","is_ascension_mode":true,"campfire_choices":[{"data":"Defragment","floor":11,"key":"SMITH"},{"data":"Melter","floor":13,"key":"SMITH"},{"data":"Seek","floor":15,"key":"SMITH"},{"data":"Dualcast","floor":23,"key":"SMITH"},{"data":"Capacitor","floor":32,"key":"SMITH"},{"floor":40,"key":"RECALL"},{"floor":49,"key":"REST"}],"neow_cost":"NONE","seed_source_timestamp":870899659083798,"circlet_count":0,"master_deck":["Strike_B","Defend_B","Defend_B","Defend_B","Defend_B","Zap","Dualcast+1","Cold Snap","Defragment+1","Cold Snap","Hologram","Streamline","Melter+1","Seek+1","Electrodynamics","Steam Power+1","Capacitor+1","Conserve Battery","Doom and Gloom+1","Coolheaded+1","Self Repair+1","Reinforced Body+1","Creative AI+1","Redo+1","Coolheaded+1","Turbo","Transmutation","Clumsy","Double Energy+1","Parasite","Tempest+1"],"relics":["Cracked Core","StoneCalendar","Pear","Cables","Cursed Key","PreservedInsect","Red Mask","Frozen Egg 2","Torii","Oddly Smooth Stone","Singing Bowl","Fusion Hammer","Vajra","Happy Flower","Bag of Preparation"],"potions_floor_usage":[6,8,8,12,24,24,24,27,29,30,33,45,50,50],"damage_taken":[{"damage":0,"enemies":"Small Slimes","floor":1,"turns":3},{"damage":0,"enemies":"Cultist","floor":2,"turns":3},{"damage":4,"enemies":"2 Louse","floor":4,"turns":2},{"damage":7,"enemies":"Lagavulin","floor":6,"turns":6},{"damage":5,"enemies":"Large Slime","floor":7,"turns":6},{"damage":17,"enemies":"3 Sentries","floor":8,"turns":7},{"damage":0,"enemies":"2 Fungi Beasts","floor":10,"turns":3},{"damage":10,"enemies":"Exordium Wildlife","floor":12,"turns":4},{"damage":5,"enemies":"3 Louse","floor":14,"turns":3},{"damage":5,"enemies":"The Guardian","floor":16,"turns":9},{"damage":0,"enemies":"Spheric Guardian","floor":18,"turns":1},{"damage":2,"enemies":"Shell Parasite","floor":22,"turns":4},{"damage":9,"enemies":"Masked Bandits","floor":24,"turns":4},{"damage":2,"enemies":"Snecko","floor":25,"turns":5},{"damage":14,"enemies":"Slavers","floor":27,"turns":2},{"damage":3,"enemies":"Book of Stabbing","floor":29,"turns":5},{"damage":13,"enemies":"3 Cultists","floor":30,"turns":3},{"damage":12,"enemies":"Slavers","floor":31,"turns":2},{"damage":42,"enemies":"Automaton","floor":33,"turns":13},{"damage":7,"enemies":"Orb Walker","floor":35,"turns":4},{"damage":6,"enemies":"3 Darklings","floor":36,"turns":2},{"damage":17,"enemies":"Maw","floor":39,"turns":8},{"damage":1,"enemies":"Reptomancer","floor":41,"turns":4},{"damage":8,"enemies":"4 Shapes","floor":42,"turns":2},{"damage":34,"enemies":"Transient","floor":45,"turns":5},{"damage":13,"enemies":"3 Darklings","floor":46,"turns":4},{"damage":34,"enemies":"Writhing Mass","floor":47,"turns":4},{"damage":1,"enemies":"Giant Head","floor":48,"turns":7},{"damage":51,"enemies":"Time Eater","floor":50,"turns":12}],"seed_played":"-3157120550620191722","potions_obtained":[{"floor":0,"key":"SkillPotion"},{"floor":0,"key":"GamblersBrew"},{"floor":0,"key":"Regen Potion"},{"floor":1,"key":"LiquidBronze"},{"floor":7,"key":"EssenceOfSteel"},{"floor":10,"key":"Poison Potion"},{"floor":12,"key":"Block Potion"},{"floor":14,"key":"Fire Potion"},{"floor":25,"key":"Ancient Potion"},{"floor":27,"key":"Weak Potion"},{"floor":29,"key":"EssenceOfSteel"},{"floor":30,"key":"Regen Potion"},{"floor":33,"key":"Poison Potion"},{"floor":35,"key":"Energy Potion"},{"floor":36,"key":"Regen Potion"},{"floor":39,"key":"Block Potion"},{"floor":47,"key":"Energy Potion"}],"is_trial":false,"path_per_floor":["M","M","$","M","?","E","M","E","T","M","R","M","R","M","R","B",null,"M","?","?","$","M","R","?","M","T","E","?","E","M","E","R","B",null,"M","M","$","?","M","R","E","M","T","?","M","M","M","E","R","B",null],"character_chosen":"DEFECT","items_purchased":["Cold Snap","PreservedInsect","Turbo","Transmutation"],"campfire_rested":1,"item_purchase_floors":[3,21,37,37],"current_hp_per_floor":[75,75,75,71,71,64,59,66,66,66,66,56,56,51,51,46,85,85,85,85,85,83,83,74,72,72,58,58,65,62,50,50,35,87,87,81,81,81,76,76,77,81,81,81,59,56,32,43,72,36],"gold":534,"neow_bonus":"THREE_SMALL_POTIONS","is_prod":false,"is_daily":false,"chose_seed":false,"campfire_upgraded":5,"win_rate":0,"timestamp":1550076346,"path_taken":["M","M","$","M","?","E","?","E","T","M","R","M","R","M","R","BOSS","M","?","?","$","M","R","?","?","T","E","?","E","?","E","R","BOSS","M","M","$","?","M","R","E","M","T","?","M","?","M","E","R","BOSS"],"build_version":"2019-01-23","purchased_purges":3,"victory":true,"max_hp_per_floor":[75,75,75,75,75,75,75,85,85,85,85,85,85,85,85,85,85,85,85,85,85,85,85,85,85,85,85,85,85,85,85,85,87,87,87,87,87,87,89,89,91,93,93,93,95,95,95,97,97,97],"card_choices":[{"not_picked":["Hologram","Tempest"],"picked":"Cold Snap","floor":1},{"not_picked":["White Noise","Beam Cell"],"picked":"Defragment","floor":2},{"not_picked":["Reprogram","Stack","Thunder Strike"],"picked":"SKIP","floor":4},{"not_picked":["Cold Snap","Beam Cell"],"picked":"Hologram","floor":6},{"not_picked":["Barrage","Hologram"],"picked":"Streamline","floor":7},{"not_picked":["Redo","Stack","Cold Snap"],"picked":"SKIP","floor":8},{"not_picked":["Scrape","Sunder","Heatsinks"],"picked":"SKIP","floor":10},{"not_picked":["Redo","Ball Lightning"],"picked":"Melter","floor":12},{"not_picked":["Tempest","Skim"],"picked":"Seek","floor":14},{"not_picked":["Reboot","Meteor Strike"],"picked":"Electrodynamics","floor":16},{"not_picked":["FTL","Redo"],"picked":"Steam Power+1","floor":18},{"not_picked":["Redo","Meteor Strike"],"picked":"Conserve Battery","floor":22},{"not_picked":["Stack","Reprogram"],"picked":"Doom and Gloom+1","floor":24},{"not_picked":["Scrape","Rebound"],"picked":"Coolheaded+1","floor":25},{"not_picked":["Turbo","Gash"],"picked":"Self Repair+1","floor":27},{"not_picked":["Barrage","Beam Cell"],"picked":"Reinforced Body+1","floor":29},{"not_picked":["Streamline","Hologram","Heatsinks+1"],"picked":"SKIP","floor":30},{"not_picked":["Blizzard","Machine Learning+1"],"picked":"Creative AI+1","floor":31},{"not_picked":["Hyperbeam","Rainbow","Amplify"],"picked":"Singing Bowl","floor":33},{"not_picked":["Rebound","Doom and Gloom"],"picked":"Redo+1","floor":35},{"not_picked":["Static Discharge+1","Storm+1"],"picked":"Coolheaded+1","floor":36},{"not_picked":["Biased Cognition+1","Steam","Blizzard+1"],"picked":"Singing Bowl","floor":39},{"not_picked":["Conserve Battery","Meteor Strike","Compile Driver+1"],"picked":"Singing Bowl","floor":41},{"not_picked":["Ball Lightning","Barrage","Hello World+1"],"picked":"Singing Bowl","floor":42},{"not_picked":["Genetic Algorithm+1","Beam Cell","Compile Driver"],"picked":"Singing Bowl","floor":45},{"not_picked":["Melter+1","White Noise"],"picked":"Double Energy+1","floor":46},{"not_picked":["Turbo+1","White Noise"],"picked":"Tempest+1","floor":47},{"not_picked":["Melter+1","Steam+1","BootSequence+1"],"picked":"Singing Bowl","floor":48}],"player_experience":623939,"relics_obtained":[{"floor":6,"key":"StoneCalendar"},{"floor":8,"key":"Pear"},{"floor":9,"key":"Cables"},{"floor":24,"key":"Red Mask"},{"floor":26,"key":"Frozen Egg 2"},{"floor":27,"key":"Torii"},{"floor":29,"key":"Oddly Smooth Stone"},{"floor":31,"key":"Singing Bowl"},{"floor":41,"key":"Vajra"},{"floor":43,"key":"Happy Flower"},{"floor":48,"key":"Bag of Preparation"}],"event_choices":[{"damage_healed":0,"gold_gain":100,"player_choice":"Pray","damage_taken":0,"max_hp_gain":0,"max_hp_loss":0,"event_name":"Golden Shrine","floor":5,"gold_loss":0},{"damage_healed":0,"gold_gain":0,"player_choice":"Ignored","damage_taken":0,"max_hp_gain":0,"max_hp_loss":0,"event_name":"The Mausoleum","floor":19,"gold_loss":0},{"damage_healed":0,"gold_gain":0,"player_choice":"Read","damage_taken":0,"max_hp_gain":0,"max_hp_loss":0,"event_name":"The Library","floor":20,"gold_loss":0,"cards_obtained":["Capacitor"]},{"damage_healed":0,"gold_gain":0,"player_choice":"Fought Bandits","damage_taken":0,"max_hp_gain":0,"max_hp_loss":0,"event_name":"Masked Bandits","floor":24,"gold_loss":0},{"cards_removed":["Pain"],"damage_healed":0,"gold_gain":0,"player_choice":"Removed Curses","damage_taken":0,"max_hp_gain":0,"max_hp_loss":0,"event_name":"Fountain of Cleansing","floor":28,"gold_loss":0},{"damage_healed":0,"gold_gain":222,"player_choice":"Wore Mask","damage_taken":0,"max_hp_gain":0,"max_hp_loss":0,"event_name":"Tomb of Lord Red Mask","floor":38,"gold_loss":0},{"damage_healed":0,"gold_gain":0,"player_choice":"Bought 0 Potions","damage_taken":0,"max_hp_gain":0,"max_hp_loss":0,"event_name":"The Woman in Blue","floor":44,"gold_loss":0}],"is_beta":false,"boss_relics":[{"not_picked":["Runic Dome","Eternal Feather"],"picked":"Cursed Key"},{"not_picked":["Lizard Tail","Velvet Choker"],"picked":"Fusion Hammer"}],"items_purged_floors":[3,21,37],"is_endless":false,"potions_floor_spawned":[1,7,10,12,14,25,27,29,30,33,35,36,39,47,48],"ascension_level":4}