{"gold_per_floor":[210,32,32,32,52,52,83,83,83,83,31,44,54,89,89,89],"floor_reached":16,"playtime":400,"items_purged":["Strike_B"],"score":157,"play_id":"de1fbe29-1643-416a-beac-48fe747d8dfe","local_time":"20190302011759","is_ascension_mode":true,"campfire_choices":[{"data":"White Noise","floor":6,"key":"SMITH"},{"floor":8,"key":"REST"},{"floor":15,"key":"REST"}],"neow_cost":"NONE","seed_source_timestamp":288340945770696,"circlet_count":0,"master_deck":["Strike_B","Strike_B","Strike_B","Defend_B","Defend_B","Defend_B","Zap","Dualcast","Compile Driver","White Noise+1","Capacitor","Go for the Eyes","Turbo","Chill","Conserve Battery","Redo"],"relics":["Cracked Core","Smiling Mask","Pen Nib","Shovel","Sundial","Oddly Smooth Stone"],"potions_floor_usage":[14],"damage_taken":[{"damage":6,"enemies":"Cultist","floor":1,"turns":4},{"damage":10,"enemies":"Small Slimes","floor":5,"turns":2},{"damage":28,"enemies":"Gremlin Nob","floor":7,"turns":4},{"damage":4,"enemies":"Jaw Worm","floor":12,"turns":3},{"damage":7,"enemies":"Lots of Slimes","floor":13,"turns":5},{"damage":15,"enemies":"Lagavulin","floor":14,"turns":6},{"damage":42,"enemies":"The Guardian","floor":16,"turns":6}],"seed_played":"4361292617135652174","potions_obtained":[{"floor":7,"key":"Swift Potion"},{"floor":13,"key":"AttackPotion"},{"floor":14,"key":"SkillPotion"}],"is_trial":false,"path_per_floor":["M","$","T","?","M","R","E","R","T","?","$","M","M","E","R","B"],"character_chosen":"DEFECT","items_purchased":["Self Repair","White Noise","Turbo"],"campfire_rested":2,"item_purchase_floors":[2,2,11],"current_hp_per_floor":[62,62,62,62,52,52,24,46,46,46,46,42,35,20,42,0],"gold":89,"neow_bonus":"HUNDRED_GOLD","is_prod":false,"is_daily":false,"chose_seed":false,"campfire_upgraded":1,"win_rate":0,"timestamp":1551485879,"path_taken":["M","$","?","?","?","R","E","R","T","?","$","M","M","E","R","BOSS"],"build_version":"2019-01-23","purchased_purges":1,"victory":false,"max_hp_per_floor":[75,75,75,75,75,75,75,75,75,75,75,75,75,75,75,75],"card_choices":[{"not_picked":["Stack","Gash"],"picked":"Compile Driver","floor":1},{"not_picked":["Consume","Blizzard"],"picked":"Capacitor","floor":5},{"not_picked":["Tempest","Rip and Tear"],"picked":"Go for the Eyes","floor":7},{"not_picked":["Stack","Beam Cell"],"picked":"Chill","floor":12},{"not_picked":["Recycle","Streamline"],"picked":"Conserve Battery","floor":13},{"not_picked":["Stack","Rainbow"],"picked":"Redo","floor":14}],"player_experience":817556,"relics_obtained":[{"floor":3,"key":"Smiling Mask"},{"floor":7,"key":"Shovel"},{"floor":9,"key":"Sundial"},{"floor":14,"key":"Oddly Smooth Stone"}],"event_choices":[{"cards_removed":["Self Repair"],"damage_healed":0,"gold_gain":0,"player_choice":"Gave Card","damage_taken":0,"relics_obtained":["Pen Nib"],"max_hp_gain":0,"max_hp_loss":0,"event_name":"WeMeetAgain","floor":4,"gold_loss":0},{"cards_removed":["Defend_B"],"damage_healed":0,"gold_gain":0,"player_choice":"Offered Basic","damage_taken":0,"max_hp_gain":0,"max_hp_loss":0,"event_name":"Bonfire Elementals","floor":10,"gold_loss":0}],"is_beta":false,"boss_relics":[],"items_purged_floors":[2],"is_endless":false,"potions_floor_spawned":[7,13,14],"killed_by":"The Guardian","ascension_level":9}