{"gold_per_floor":[113,113,127,127,137,172,187,187,187,187,220,59,59],"floor_reached":13,"playtime":458,"items_purged":[],"score":121,"play_id":"ebb102d4-5606-4ea3-9c44-bd7379212e9e","local_time":"20190215123836","is_ascension_mode":true,"campfire_choices":[{"floor":8,"key":"REST"}],"neow_cost":"TEN_PERCENT_HP_LOSS","seed_source_timestamp":47010669509533,"circlet_count":0,"master_deck":["Strike_B","Strike_B","Defend_B","Defend_B","Defend_B","Defend_B","Zap","Dualcast","BootSequence","FTL","Gash","Hologram","Rebound","Defragment","Double Energy"],"relics":["Cracked Core","Bird Faced Urn","Pen Nib","Singing Bowl"],"potions_floor_usage":[6,13],"damage_taken":[{"damage":2,"enemies":"2 Louse","floor":1,"turns":3},{"damage":7,"enemies":"Small Slimes","floor":3,"turns":3},{"damage":1,"enemies":"Cultist","floor":5,"turns":3},{"damage":30,"enemies":"3 Sentries","floor":6,"turns":6},{"damage":1,"enemies":"Looter","floor":7,"turns":3},{"damage":27,"enemies":"Lagavulin","floor":11,"turns":5},{"damage":31,"enemies":"Gremlin Nob","floor":13,"turns":3}],"seed_played":"-5224288855239637408","potions_obtained":[{"floor":1,"key":"PowerPotion"}],"is_trial":false,"path_per_floor":["M","?","M","?","M","E","M","R","T","?","E","$","E"],"character_chosen":"DEFECT","items_purchased":["Fire Potion","Regen Potion","Double Energy"],"campfire_rested":1,"item_purchase_floors":[12,12,12],"current_hp_per_floor":[66,66,59,52,51,23,22,42,42,42,15,15,0],"gold":59,"neow_bonus":"ONE_RARE_RELIC","is_prod":false,"is_daily":false,"chose_seed":false,"campfire_upgraded":0,"win_rate":0,"timestamp":1550230716,"path_taken":["M","?","M","?","M","E","M","R","T","?","E","$","E"],"build_version":"2019-01-23","purchased_purges":0,"victory":false,"max_hp_per_floor":[68,68,68,68,68,68,68,68,68,68,68,68,68],"card_choices":[{"not_picked":["Ball Lightning","Stack"],"picked":"BootSequence","floor":1},{"not_picked":["Ball Lightning","Compile Driver"],"picked":"FTL","floor":3},{"not_picked":["Ball Lightning","Barrage"],"picked":"Gash","floor":5},{"not_picked":["Compile Driver","Cold Snap"],"picked":"Hologram","floor":6},{"not_picked":["Conserve Battery","Streamline"],"picked":"Rebound","floor":7},{"not_picked":["Ball Lightning","Redo"],"picked":"Defragment","floor":11}],"player_experience":658930,"relics_obtained":[{"floor":6,"key":"Pen Nib"},{"floor":11,"key":"Singing Bowl"}],"event_choices":[{"damage_healed":0,"gold_gain":0,"player_choice":"Ignored","damage_taken":0,"max_hp_gain":0,"max_hp_loss":0,"event_name":"Liars Game","floor":2,"gold_loss":0},{"cards_removed":["Strike_B"],"damage_healed":0,"gold_gain":0,"player_choice":"Card Removal","damage_taken":7,"max_hp_gain":0,"max_hp_loss":0,"event_name":"Golden Wing","floor":4,"gold_loss":0},{"cards_removed":["Strike_B"],"damage_healed":0,"gold_gain":0,"player_choice":"Offered Basic","damage_taken":0,"max_hp_gain":0,"max_hp_loss":0,"event_name":"Bonfire Elementals","floor":10,"gold_loss":0}],"is_beta":false,"boss_relics":[],"items_purged_floors":[],"is_endless":false,"potions_floor_spawned":[1],"killed_by":"Gremlin Nob","ascension_level":6}