{"gold_per_floor":[118,130,130,144,144,178,64,64,142,160,191,217,229,193,205,315,327,353,365,395,424,436,478,490,530,595,607],"floor_reached":27,"playtime":1987,"items_purged":["Strike_B"],"score":300,"play_id":"21c0748b-351d-4416-88a8-46d54c7c1057","local_time":"20181220213728","is_ascension_mode":true,"campfire_choices":[{"data":"Consume","floor":8,"key":"SMITH"},{"data":"Capacitor","floor":13,"key":"SMITH"},{"data":"Glacier","floor":15,"key":"SMITH"}],"neow_cost":"NONE","seed_source_timestamp":703613005324215,"circlet_count":0,"master_deck":["Strike_B","Defend_B","Defend_B","Defend_B","Defend_B+1","Zap","Dualcast+1","Coolheaded","BootSequence","Consume+1","Capacitor+1","Conserve Battery","Glacier+1","Doom and Gloom","Electrodynamics","Ball Lightning","RitualDagger","Undo+1","Rainbow"],"relics":["Cracked Core","Juzu Bracelet","Matryoshka","MawBank","Sozu","Ice Cream","Mercury Hourglass","Tiny Chest"],"potions_floor_usage":[11,16],"damage_taken":[{"damage":0,"enemies":"2 Louse","floor":1,"turns":3},{"damage":0,"enemies":"Small Slimes","floor":2,"turns":2},{"damage":0,"enemies":"Jaw Worm","floor":4,"turns":6},{"damage":17,"enemies":"3 Sentries","floor":6,"turns":9},{"damage":0,"enemies":"2 Fungi Beasts","floor":10,"turns":4},{"damage":39,"enemies":"Gremlin Nob","floor":11,"turns":5},{"damage":0,"enemies":"Large Slime","floor":12,"turns":10},{"damage":2,"enemies":"The Guardian","floor":16,"turns":15},{"damage":2,"enemies":"Spheric Guardian","floor":18,"turns":5},{"damage":19,"enemies":"3 Byrds","floor":20,"turns":3},{"damage":13,"enemies":"3 Cultists","floor":21,"turns":4},{"damage":3,"enemies":"Book of Stabbing","floor":23,"turns":8},{"damage":29,"enemies":"Gremlin Leader","floor":25,"turns":7},{"damage":19,"enemies":"Slavers","floor":27,"turns":1}],"seed_played":"-7000123456313749710","potions_obtained":[{"floor":2,"key":"SkillPotion"},{"floor":6,"key":"Fire Potion"},{"floor":10,"key":"SkillPotion"},{"floor":12,"key":"Strength Potion"}],"is_trial":false,"path_per_floor":["M","M","?","M","?","E","$","R","T","M","E","M","R","?","R","B",null,"M","?","M","M","?","E","?","E","T","E"],"character_chosen":"DEFECT","items_purchased":["Capacitor"],"campfire_rested":0,"item_purchase_floors":[7],"current_hp_per_floor":[82,82,66,66,59,42,42,42,42,42,3,3,3,3,3,1,82,80,74,55,42,42,39,39,10,10,0],"gold":607,"neow_bonus":"TEN_PERCENT_HP_BONUS","is_prod":false,"is_daily":false,"chose_seed":false,"campfire_upgraded":3,"win_rate":0,"timestamp":1545363448,"path_taken":["M","M","?","M","?","E","?","R","T","M","E","M","R","?","R","BOSS","M","?","M","M","?","E","?","E","T","E"],"build_version":"2018-12-13","purchased_purges":1,"victory":false,"max_hp_per_floor":[82,82,82,82,82,82,82,82,82,82,82,82,82,82,82,82,82,82,82,82,82,82,82,82,82,82,82],"card_choices":[{"not_picked":["Go for the Eyes","Compile Driver"],"picked":"Coolheaded","floor":1},{"not_picked":["Blizzard","Hello World"],"picked":"BootSequence","floor":2},{"not_picked":["Barrage","Loop"],"picked":"Consume","floor":4},{"not_picked":["Blizzard","Tempest","Compile Driver"],"picked":"SKIP","floor":6},{"not_picked":["Scrape","Creative AI"],"picked":"Conserve Battery","floor":10},{"not_picked":["Rebound","Compile Driver"],"picked":"Glacier","floor":11},{"not_picked":["Stack","Static Discharge"],"picked":"Doom and Gloom","floor":12},{"not_picked":["Thunder Strike","Reboot"],"picked":"Electrodynamics","floor":16},{"not_picked":["Leap","Sunder"],"picked":"Ball Lightning","floor":18},{"not_picked":["Stack","Rip and Tear"],"picked":"Undo+1","floor":20},{"not_picked":["Steam","Barrage","Go for the Eyes"],"picked":"SKIP","floor":21},{"not_picked":["Reinforced Body","Rip and Tear"],"picked":"Rainbow","floor":23},{"not_picked":["Barrage","Go for the Eyes","Biased Cognition"],"picked":"SKIP","floor":25}],"player_experience":336312,"relics_obtained":[{"floor":6,"key":"Juzu Bracelet"},{"floor":9,"key":"Matryoshka"},{"floor":11,"key":"MawBank"},{"floor":23,"key":"Ice Cream"},{"floor":25,"key":"Mercury Hourglass"},{"floor":26,"key":"Tiny Chest"}],"event_choices":[{"damage_healed":0,"gold_gain":0,"player_choice":"Entered Light","damage_taken":16,"max_hp_gain":0,"max_hp_loss":0,"event_name":"Shining Light","floor":3,"gold_loss":0,"cards_upgraded":["Dualcast","Defend_B"]},{"cards_removed":["Strike_B"],"damage_healed":0,"gold_gain":0,"player_choice":"Card Removal","damage_taken":7,"max_hp_gain":0,"max_hp_loss":0,"event_name":"Golden Wing","floor":5,"gold_loss":0},{"damage_healed":0,"gold_gain":0,"player_choice":"Left Gold","damage_taken":0,"max_hp_gain":0,"max_hp_loss":0,"event_name":"World of Goop","floor":14,"gold_loss":48},{"damage_healed":0,"gold_gain":0,"player_choice":"Joined the Cult","damage_taken":6,"max_hp_gain":0,"max_hp_loss":0,"event_name":"Nest","floor":19,"gold_loss":0,"cards_obtained":["RitualDagger"]},{"cards_removed":["Strike_B"],"damage_healed":0,"gold_gain":0,"player_choice":"Elegance","damage_taken":0,"max_hp_gain":0,"max_hp_loss":0,"event_name":"Back to Basics","floor":22,"gold_loss":0},{"damage_healed":0,"gold_gain":0,"player_choice":"Ignored","damage_taken":0,"max_hp_gain":0,"max_hp_loss":0,"event_name":"Ghosts","floor":24,"gold_loss":0}],"is_beta":false,"boss_relics":[{"not_picked":["Nuclear Battery","Orrery"],"picked":"Sozu"}],"items_purged_floors":[7],"is_endless":false,"potions_floor_spawned":[2,6,10,12,18,20],"killed_by":"Slavers","ascension_level":3}