{"path_per_floor":["M","?","?","M","?","R","M","M","T","M","$","M","?","M","R","B",null,"M","M","$","?","M","R"],"character_chosen":"THE_SILENT","items_purchased":["Leg Sweep","Crippling Poison","Predator","Catalyst","Heel Hook","Dream Catcher"],"gold_per_floor":[109,109,109,129,129,129,149,169,193,213,28,51,108,129,129,255,255,274,297,37,37,53,53],"floor_reached":24,"campfire_rested":2,"playtime":2740,"current_hp_per_floor":[65,65,65,65,48,69,69,56,56,56,56,52,52,52,52,21,70,52,38,38,38,24,45],"items_purged":[],"gold":53,"score":190,"play_id":"4c113006-be1c-4c47-94cd-1e4747d32655","local_time":"20180303040819","is_prod":false,"is_daily":false,"is_ascension_mode":false,"campfire_upgraded":1,"timestamp":1520068099,"path_taken":["M","?","?","M","?","R","?","M","T","M","?","?","?","M","R","BOSS","M","M","$","?","M","R","E"],"build_version":"2018-03-01-PROD1","purchased_purges":0,"victory":false,"master_deck":["Defend_G+1","Defend_G+1","Defend_G+1","Defend_G+1","Strike_G+1","Strike_G+1","Strike_G+1","Strike_G+1","Strike_G+1","Survivor","Neutralize","All Out Attack","Flying Knee","Backstab","Dagger Spray","Noxious Fumes","Leg Sweep","Crippling Poison+1","Predator","Leg Sweep","Dash","Envenom","Prepared+1","Bane","Catalyst","Heel Hook","Slice+1","Die Die Die"],"max_hp_per_floor":[70,70,70,70,70,70,70,70,70,70,70,70,70,70,70,70,70,70,70,70,70,70,70],"relics":["Ring of the Snake","Golden Idol","Oddly Smooth Stone","The Specimen","Dream Catcher"],"card_choices":[{"not_picked":["Distraction","Catalyst"],"picked":"All Out Attack"},{"not_picked":["Outmaneuver","Underhanded Strike"],"picked":"Flying Knee"},{"not_picked":["Reflex","Leg Sweep"],"picked":"Backstab"},{"not_picked":["Malaise","Distraction"],"picked":"Dagger Spray"},{"not_picked":["Heel Hook","Quick Slash"],"picked":"Noxious Fumes"},{"not_picked":["Deflect","Outmaneuver"],"picked":"Leg Sweep"},{"not_picked":["Noxious Fumes","PiercingWail"],"picked":"Dash"},{"not_picked":["Doppelganger","Glass Knife"],"picked":"Envenom"},{"not_picked":["Flying Knee","Quick Slash"],"picked":"Prepared"},{"not_picked":["Sucker Punch","Outmaneuver"],"picked":"Bane"},{"not_picked":["Skewer","Deflect"],"picked":"Slice"},{"not_picked":["Underhanded Strike","Heel Hook"],"picked":"Die Die Die"}],"player_experience":45969,"potions_floor_usage":[16,16,19],"damage_taken":[{"damage":5,"enemies":"Small Slimes","floor":1,"turns":4},{"damage":0,"enemies":"Cultist","floor":4,"turns":3},{"damage":0,"enemies":"2 Louse","floor":7,"turns":3},{"damage":13,"enemies":"Exordium Thugs","floor":8,"turns":4},{"damage":0,"enemies":"3 Louse","floor":10,"turns":2},{"damage":4,"enemies":"Red Slaver","floor":12,"turns":2},{"damage":0,"enemies":"Exordium Wildlife","floor":14,"turns":3},{"damage":31,"enemies":"Slime Boss","floor":16,"turns":12},{"damage":18,"enemies":"Shell Parasite","floor":18,"turns":7},{"damage":14,"enemies":"3 Byrds","floor":19,"turns":6},{"damage":14,"enemies":"Snecko","floor":22,"turns":7},{"damage":60,"enemies":"Slavers","floor":24,"turns":3}],"event_choices":[{"event_name":"Liars Game","player_choice":"disagreed","floor":2,"damage_taken":0},{"event_name":"Bonfire Elementals","player_choice":"BASIC","floor":3,"damage_taken":0},{"event_name":"Golden Idol","player_choice":"Take Damage","floor":5,"damage_taken":0},{"event_name":"Golden Wing","player_choice":"Gained Gold","floor":13,"damage_taken":0},{"event_name":"Back to Basics","player_choice":"Simplicity","floor":21,"damage_taken":0}],"boss_relics":[{"not_picked":["Black Star","White Beast Statue"],"picked":"The Specimen"}],"potions_floor_spawned":[1,4,10,14,18,22],"seed_played":"1067316139917294479","killed_by":"Slavers","ascension_level":0,"is_trial":false}