{"gold_per_floor":[112,112,24,24,41,41,73,35,35,35,63,63,133,143,143,244,244,261,281,281,31,31,31],"floor_reached":23,"playtime":642,"items_purged":["Strike_G"],"score":341,"play_id":"791d63f0-0f9b-42e6-86ee-d51e4f7eae8f","local_time":"20190201234002","is_ascension_mode":true,"campfire_choices":[{"data":"A Thousand Cuts","floor":6,"key":"SMITH"},{"floor":12,"key":"REST"},{"data":"Noxious Fumes","floor":15,"key":"SMITH"}],"neow_cost":"NONE","seed_source_timestamp":1043037629315255,"circlet_count":0,"master_deck":["AscendersBane","Defend_G","Defend_G","Defend_G","Defend_G","Defend_G","Strike_G","Strike_G","Strike_G","Strike_G","Survivor","Neutralize","Dagger Spray","A Thousand Cuts+1","Bouncing Flask","Noxious Fumes+1","Cloak And Dagger","Flying Knee","Blur","After Image+1","Well Laid Plans+1","Tools of the Trade+1","Tactician+1","Slice","Dodge and Roll","Backflip","Enlightenment","Finesse"],"relics":["Ring of the Snake","NeowsBlessing","Frozen Egg 2","Thread and Needle","Torii","The Courier","Busted Crown"],"potions_floor_usage":[11,18],"damage_taken":[{"damage":0,"enemies":"Jaw Worm","floor":1,"turns":1},{"damage":0,"enemies":"Cultist","floor":5,"turns":1},{"damage":0,"enemies":"Lagavulin","floor":7,"turns":1},{"damage":44,"enemies":"Gremlin Nob","floor":11,"turns":6},{"damage":1,"enemies":"2 Louse","floor":14,"turns":3},{"damage":4,"enemies":"Hexaghost","floor":16,"turns":10},{"damage":11,"enemies":"Spheric Guardian","floor":18,"turns":5},{"damage":0,"enemies":"3 Byrds","floor":19,"turns":4},{"damage":51,"enemies":"Gremlin Leader","floor":23,"turns":8}],"seed_played":"-883945144823778634","potions_obtained":[{"floor":5,"key":"Block Potion"},{"floor":14,"key":"PowerPotion"}],"is_trial":false,"path_per_floor":["M","?","$","$","M","R","E","$","T","?","E","R","T","M","R","B",null,"M","M","?","$","?","E"],"character_chosen":"THE_SILENT","items_purchased":["Noxious Fumes","Cloak And Dagger","Blur","Dodge and Roll","Backflip","Enlightenment","Finesse"],"campfire_rested":1,"item_purchase_floors":[3,3,8,21,21,21,21],"current_hp_per_floor":[63,63,63,63,63,63,63,63,63,70,26,47,47,46,46,42,63,52,52,52,52,43,0],"gold":31,"neow_bonus":"THREE_ENEMY_KILL","is_prod":false,"is_daily":false,"chose_seed":false,"campfire_upgraded":2,"win_rate":0,"timestamp":1549060802,"path_taken":["M","?","?","$","M","R","E","$","T","?","E","R","?","M","R","BOSS","M","M","?","$","?","E"],"build_version":"2019-01-23","purchased_purges":1,"victory":false,"max_hp_per_floor":[70,70,70,70,70,70,70,70,70,70,70,70,70,70,70,70,70,70,70,70,70,70,70],"card_choices":[{"not_picked":["Heel Hook","Slice"],"picked":"Dagger Spray","floor":1},{"not_picked":["Eviscerate","Bouncing Flask","Underhanded Strike"],"picked":"SKIP","floor":5},{"not_picked":["Eviscerate","Acrobatics"],"picked":"Flying Knee","floor":7},{"not_picked":["Prepared","Deadly Poison"],"picked":"After Image+1","floor":11},{"not_picked":["PiercingWail","Leg Sweep"],"picked":"Well Laid Plans+1","floor":14},{"not_picked":["Doppelganger","Bullet Time"],"picked":"Tools of the Trade+1","floor":16},{"not_picked":[],"picked":"Tactician+1","floor":18},{"not_picked":[],"picked":"Slice","floor":19}],"player_experience":571634,"relics_obtained":[{"floor":7,"key":"Frozen Egg 2"},{"floor":9,"key":"Thread and Needle"},{"floor":11,"key":"Torii"},{"floor":13,"key":"The Courier"}],"event_choices":[{"damage_healed":0,"gold_gain":0,"player_choice":"2 cards matched","damage_taken":0,"max_hp_gain":0,"max_hp_loss":0,"event_name":"Match and Keep!","floor":2,"gold_loss":0,"cards_obtained":["A Thousand Cuts","Bouncing Flask"]},{"damage_healed":23,"gold_gain":0,"player_choice":"Banana","damage_taken":0,"max_hp_gain":0,"max_hp_loss":0,"event_name":"Big Fish","floor":10,"gold_loss":0},{"damage_healed":0,"gold_gain":0,"player_choice":"Ignored","damage_taken":0,"max_hp_gain":0,"max_hp_loss":0,"event_name":"Ghosts","floor":20,"gold_loss":0},{"damage_healed":0,"gold_gain":0,"player_choice":"Stopped","damage_taken":9,"max_hp_gain":0,"max_hp_loss":0,"event_name":"Cursed Tome","floor":22,"gold_loss":0}],"is_beta":false,"boss_relics":[{"not_picked":["Runic Dome","Empty Cage"],"picked":"Busted Crown"}],"items_purged_floors":[21],"is_endless":false,"potions_floor_spawned":[5,14],"killed_by":"Gremlin Leader","ascension_level":11}