{"gold_per_floor":[209,227,246,256,269,269,297,297,297,140,140,140,154,171,171,269,269,287,133,143,242,255,255,288,91,91,91,91,91,111,125,125,220,220,230,250,265,265,20,20,38,138,190,200,217,227,227,24,24,24],"floor_reached":50,"playtime":9156,"items_purged":[],"score":593,"play_id":"7ef15bb0-ffe8-4635-862a-e3d116c40b0e","local_time":"20190301194817","is_ascension_mode":false,"campfire_choices":[{"data":"Limit Break","floor":6.0,"key":"SMITH"},{"floor":12.0,"key":"REST"},{"data":"Burning Pact","floor":15.0,"key":"SMITH"},{"data":"Metallicize","floor":23.0,"key":"SMITH"},{"floor":27.0,"key":"REST"},{"data":"Mayhem","floor":32.0,"key":"SMITH"},{"data":"Berserk","floor":40.0,"key":"SMITH"},{"floor":49,"key":"REST"}],"neow_cost":"NONE","seed_source_timestamp":573625399291586,"circlet_count":0,"master_deck":["Defend_R","Defend_R","Defend_R","Bash","Burning Pact+1","Rampage","Heavy Blade","Metallicize+1","Limit Break+1","Warcry+1","Flash of Steel","Armaments+1","Shrug It Off+1","Flex+1","Exhume+1","Havoc+1","Shrug It Off+1","Metallicize","Rage+1","Metallicize","Wild Strike+1","Fire Breathing+1","Evolve","Mayhem+1","Bite","Bite","Bite","Bite","Bite","Limit Break+1","Disarm+1","True Grit+1","Berserk+1","Shrug It Off+1","Flex+1","Iron Wave","Battle Trance+1","Dual Wield+1","Fire Breathing","Rage+1","Intimidate+1","Spot Weakness+1"],"special_seed":0,"relics":["Burning Blood","Oddly Smooth Stone","StoneCalendar","Toxic Egg 2","Lizard Tail","Shuriken","Mummified Hand","Empty Cage","Gremlin Horn","Pocketwatch","Boot"],"potions_floor_usage":[50],"damage_taken":[{"damage":1.0,"enemies":"Small Slimes","floor":1.0,"turns":4.0},{"damage":24.0,"enemies":"Jaw Worm","floor":2.0,"turns":8.0},{"damage":5.0,"enemies":"2 Louse","floor":3.0,"turns":4.0},{"damage":7.0,"enemies":"Looter","floor":4.0,"turns":5.0},{"damage":8.0,"enemies":"2 Fungi Beasts","floor":5.0,"turns":4.0},{"damage":36.0,"enemies":"Lagavulin","floor":7.0,"turns":8.0},{"damage":10.0,"enemies":"Gremlin Gang","floor":13.0,"turns":7.0},{"damage":2.0,"enemies":"3 Louse","floor":14.0,"turns":4.0},{"damage":56.0,"enemies":"Hexaghost","floor":16.0,"turns":12.0},{"damage":18.0,"enemies":"Spheric Guardian","floor":18.0,"turns":7.0},{"damage":26.0,"enemies":"Chosen","floor":20.0,"turns":7.0},{"damage":14.0,"enemies":"Snake Plant","floor":22.0,"turns":7.0},{"damage":33.0,"enemies":"Gremlin Leader","floor":24.0,"turns":10.0},{"damage":12.0,"enemies":"Chosen and Byrds","floor":30.0,"turns":7.0},{"damage":16.0,"enemies":"Centurion and Healer","floor":31.0,"turns":8.0},{"damage":0.0,"enemies":"Champ","floor":33.0,"turns":11.0},{"damage":1.0,"enemies":"3 Shapes","floor":35.0,"turns":7.0},{"damage":21.0,"enemies":"Orb Walker","floor":36.0,"turns":4.0},{"damage":24.0,"enemies":"4 Shapes","floor":37.0,"turns":6.0},{"damage":75.0,"enemies":"Transient","floor":41.0,"turns":5.0},{"damage":28.0,"enemies":"Mind Bloom Boss Battle","floor":42.0,"turns":7.0},{"damage":9.0,"enemies":"Spire Growth","floor":44.0,"turns":6.0},{"damage":11.0,"enemies":"Writhing Mass","floor":45.0,"turns":11.0},{"damage":31,"enemies":"Sphere and 2 Shapes","floor":46,"turns":7},{"damage":58,"enemies":"Awakened One","floor":50,"turns":13}],"seed_played":"5765786055264310435","potions_obtained":[{"floor":1.0,"key":"Weak Potion"},{"floor":4.0,"key":"SkillPotion"},{"floor":7.0,"key":"EssenceOfSteel"},{"floor":20.0,"key":"AttackPotion"},{"floor":22.0,"key":"SkillPotion"},{"floor":24.0,"key":"BloodPotion"},{"floor":36.0,"key":"LiquidBronze"},{"floor":37.0,"key":"GamblersBrew"},{"floor":44.0,"key":"Weak Potion"}],"is_trial":false,"path_per_floor":["M","M","M","M","M","R","E","?","T","$","?","R","M","M","R","B",null,"M","$","M","?","M","R","E","$","T","R","?","?","M","M","R","B",null,"M","M","M","?","$","R","M","?","T","M","M","M","?","$","R","B"],"character_chosen":"IRONCLAD","items_purchased":["Warcry+1","Flash of Steel","Armaments+1","Shrug It Off+1","Metallicize","Rage+1","Evolve","Mayhem","Gremlin Horn","Intimidate+1","Spot Weakness+1","Dexterity Potion"],"campfire_rested":3,"item_purchase_floors":[10,10,10,19,19,19,25,25,39,48,48,48],"current_hp_per_floor":[80,62,63,62,60,60,30,18,18,18,38,62,58,62,62,12,80,68,68,48,48,40,40,13,13,13,37,37,37,45,51,51,56,56,56,47,40,40,40,40,32,22,22,33,30,19,19,19,34,0],"gold":24,"neow_bonus":"HUNDRED_GOLD","is_prod":false,"is_daily":false,"chose_seed":false,"campfire_upgraded":5,"win_rate":0.0,"timestamp":1551494897,"path_taken":["M","M","M","M","M","R","E","?","T","$","?","R","M","M","R","BOSS","M","$","M","?","M","R","E","$","T","R","?","?","M","M","R","BOSS","M","?","M","?","$","R","M","?","T","M","M","M","?","$","R","BOSS"],"build_version":"2019-01-23","purchased_purges":0,"victory":false,"max_hp_per_floor":[80,80,80,80,80,80,80,80,80,80,80,80,80,80,80,80,80,80,80,80,80,80,80,80,80,80,80,56,56,56,56,56,56,56,56,56,56,53,53,53,53,53,53,53,53,53,53,53,53,53],"card_choices":[{"not_picked":["Battle Trance","Rupture"],"picked":"Burning Pact","floor":1.0},{"not_picked":["Iron Wave","Rupture"],"picked":"Rampage","floor":2.0},{"not_picked":["Anger","Clothesline"],"picked":"Heavy Blade","floor":3.0},{"not_picked":["Flex","Sword Boomerang"],"picked":"Metallicize","floor":4.0},{"not_picked":["Anger","Havoc"],"picked":"Limit Break","floor":5.0},{"not_picked":["Pummel","Twin Strike"],"picked":"Perfected Strike","floor":7.0},{"not_picked":["Havoc+1","Pommel Strike"],"picked":"Shrug It Off+1","floor":13.0},{"not_picked":["Sword Boomerang","Dual Wield+1"],"picked":"Flex+1","floor":14.0},{"not_picked":["Reaper","Juggernaut"],"picked":"Exhume+1","floor":16.0},{"not_picked":["True Grit+1","Cleave"],"picked":"Havoc+1","floor":18.0},{"not_picked":["Second Wind+1","Cleave"],"picked":"Metallicize","floor":20.0},{"not_picked":["Uppercut","Searing Blow"],"picked":"Wild Strike+1","floor":22.0},{"not_picked":["Sword Boomerang","Ghostly Armor+1"],"picked":"Fire Breathing+1","floor":24.0},{"not_picked":["Perfected Strike+1","Clothesline+1"],"picked":"Disarm+1","floor":30.0},{"not_picked":["Anger","Thunderclap"],"picked":"True Grit+1","floor":31.0},{"not_picked":["Exhume+1","Juggernaut"],"picked":"Berserk","floor":33.0},{"not_picked":["Ghostly Armor+1","Sever Soul"],"picked":"Shrug It Off+1","floor":35.0},{"not_picked":["Rupture","Fire Breathing+1"],"picked":"Flex+1","floor":36.0},{"not_picked":["True Grit+1","Iron Wave","Combust+1"],"picked":"SKIP","floor":37.0},{"not_picked":["Body Slam+1","Clothesline+1"],"picked":"Battle Trance+1","floor":41.0},{"not_picked":["Clothesline","Rampage+1"],"picked":"Dual Wield+1","floor":42.0},{"not_picked":["Havoc+1","Twin Strike","Iron Wave+1"],"picked":"SKIP","floor":44.0},{"not_picked":["Second Wind+1","Pommel Strike+1"],"picked":"Fire Breathing","floor":45.0},{"not_picked":["Anger+1","Shockwave+1"],"picked":"Rage+1","floor":46}],"player_experience":30630,"relics_obtained":[{"floor":7.0,"key":"Oddly Smooth Stone"},{"floor":9.0,"key":"Toxic Egg 2"},{"floor":24.0,"key":"Shuriken"},{"floor":26.0,"key":"Mummified Hand"},{"floor":42.0,"key":"Pocketwatch"},{"floor":43.0,"key":"Boot"}],"event_choices":[{"damage_healed":0.0,"max_hp_gain":0.0,"max_hp_loss":0.0,"gold_gain":0.0,"event_name":"Scrap Ooze","player_choice":"Success","floor":8.0,"gold_loss":0.0,"damage_taken":12.0,"relics_obtained":["StoneCalendar"]},{"damage_healed":20.0,"max_hp_gain":0.0,"max_hp_loss":0.0,"gold_gain":0.0,"event_name":"Mushrooms","player_choice":"Healed and dodged fight","floor":11.0,"gold_loss":0.0,"damage_taken":0.0,"cards_obtained":["Parasite"]},{"damage_healed":0.0,"max_hp_gain":0.0,"max_hp_loss":0.0,"gold_gain":99.0,"event_name":"Nest","player_choice":"Stole From Cult","floor":21.0,"gold_loss":0.0,"damage_taken":0.0},{"damage_healed":0.0,"max_hp_gain":0.0,"max_hp_loss":24.0,"gold_gain":0.0,"event_name":"Vampires","player_choice":"Became a vampire","floor":28.0,"gold_loss":0.0,"damage_taken":0.0,"cards_obtained":["Bite","Bite","Bite","Bite","Bite"]},{"damage_healed":0.0,"max_hp_gain":0.0,"max_hp_loss":0.0,"gold_gain":0.0,"event_name":"Duplicator","player_choice":"Copied","floor":29.0,"gold_loss":0.0,"damage_taken":0.0,"cards_obtained":["Limit Break"]},{"cards_removed":["Parasite"],"damage_healed":0.0,"max_hp_gain":0.0,"max_hp_loss":0.0,"gold_gain":0.0,"event_name":"NoteForYourself","player_choice":"Took Card","floor":38.0,"gold_loss":0.0,"damage_taken":0.0,"cards_obtained":["Iron Wave"]},{"damage_healed":0.0,"max_hp_gain":0.0,"max_hp_loss":0.0,"gold_gain":0.0,"event_name":"MindBloom","player_choice":"Fight","floor":42.0,"gold_loss":0.0,"damage_taken":0.0},{"damage_healed":0,"gold_gain":0,"player_choice":"Ignored","damage_taken":0,"max_hp_gain":0,"max_hp_loss":0,"event_name":"Tomb of Lord Red Mask","floor":47,"gold_loss":0}],"is_beta":false,"boss_relics":[{"not_picked":["Ectoplasm","Calling Bell"],"picked":"Lizard Tail"},{"not_picked":["Busted Crown","Velvet Choker"],"picked":"Empty Cage"}],"items_purged_floors":[],"is_endless":false,"potions_floor_spawned":[1,4,7,20,22,24,36,37,44],"killed_by":"Awakened One","ascension_level":0}