{"gold_per_floor":[114,114,64,64,84,124,157,172,172,206,222,253,253,278,278,278],"floor_reached":16,"playtime":503,"items_purged":[],"score":218,"play_id":"c06192ac-c4d2-4342-9be3-f0c992a6887f","local_time":"20190224003911","is_ascension_mode":true,"campfire_choices":[{"data":"Double Tap","floor":13,"key":"SMITH"},{"data":"Armaments","floor":15,"key":"SMITH"}],"neow_cost":"NONE","seed_source_timestamp":542854579821412,"circlet_count":0,"master_deck":["AscendersBane","Strike_R","Strike_R","Strike_R","Strike_R","Strike_R","Defend_R","Defend_R","Defend_R","Defend_R","Bash","Pommel Strike","Iron Wave","Metallicize","Headbutt","Carnage","Warcry","Double Tap+1","Heavy Blade","Limit Break","Armaments+1"],"relics":["Burning Blood","NeowsBlessing","Golden Idol","Charon\u0027s Ashes","Lantern","Odd Mushroom","Turnip","Magic Flower","Pantograph"],"potions_floor_usage":[10,12,12,12],"damage_taken":[{"damage":0,"enemies":"2 Louse","floor":1,"turns":1},{"damage":0,"enemies":"Small Slimes","floor":5,"turns":1},{"damage":0,"enemies":"Lagavulin","floor":6,"turns":1},{"damage":29,"enemies":"The Mushroom Lair","floor":7,"turns":6},{"damage":3,"enemies":"Cultist","floor":8,"turns":3},{"damage":22,"enemies":"3 Sentries","floor":10,"turns":6},{"damage":14,"enemies":"Red Slaver","floor":11,"turns":2},{"damage":7,"enemies":"Gremlin Nob","floor":12,"turns":3},{"damage":2,"enemies":"2 Fungi Beasts","floor":14,"turns":2},{"damage":74,"enemies":"Hexaghost","floor":16,"turns":9}],"seed_played":"1181081115673549060","potions_obtained":[{"floor":5,"key":"FearPotion"},{"floor":8,"key":"AttackPotion"},{"floor":10,"key":"SteroidPotion"},{"floor":11,"key":"Poison Potion"}],"is_trial":false,"path_per_floor":["M","?","$","?","M","E","?","M","T","E","M","E","R","M","R","B"],"character_chosen":"IRONCLAD","items_purchased":["Iron Wave"],"campfire_rested":0,"item_purchase_floors":[3],"current_hp_per_floor":[78,74,74,56,62,68,45,48,48,32,27,29,29,36,36,0],"gold":278,"neow_bonus":"THREE_ENEMY_KILL","is_prod":false,"is_daily":false,"chose_seed":false,"campfire_upgraded":2,"win_rate":0,"timestamp":1550965151,"path_taken":["M","?","$","?","M","E","?","M","T","E","M","E","R","M","R","BOSS"],"build_version":"2019-01-23","purchased_purges":0,"victory":false,"max_hp_per_floor":[80,74,74,74,74,74,74,74,74,74,74,74,74,74,74,74],"card_choices":[{"not_picked":["Perfected Strike","Wild Strike"],"picked":"Pommel Strike","floor":1},{"not_picked":["Twin Strike","Iron Wave"],"picked":"Metallicize","floor":5},{"not_picked":["Wild Strike","Combust"],"picked":"Headbutt","floor":6},{"not_picked":["Perfected Strike","Sword Boomerang"],"picked":"Carnage","floor":7},{"not_picked":["Cleave","Heavy Blade"],"picked":"Warcry","floor":8},{"not_picked":["Spot Weakness","Intimidate"],"picked":"Double Tap","floor":10},{"not_picked":["Cleave","Twin Strike"],"picked":"Heavy Blade","floor":11},{"not_picked":["Clothesline","Cleave"],"picked":"Limit Break","floor":12},{"not_picked":["Hemokinesis","Shrug It Off"],"picked":"Armaments","floor":14}],"player_experience":754241,"relics_obtained":[{"floor":6,"key":"Lantern"},{"floor":7,"key":"Odd Mushroom"},{"floor":9,"key":"Turnip"},{"floor":10,"key":"Magic Flower"},{"floor":12,"key":"Pantograph"}],"event_choices":[{"damage_healed":0,"gold_gain":0,"player_choice":"Lose Max HP","damage_taken":0,"relics_obtained":["Golden Idol"],"max_hp_gain":0,"max_hp_loss":6,"event_name":"Golden Idol","floor":2,"gold_loss":0},{"damage_healed":0,"gold_gain":0,"player_choice":"Success","damage_taken":18,"relics_obtained":["Charon\u0027s Ashes"],"max_hp_gain":0,"max_hp_loss":0,"event_name":"Scrap Ooze","floor":4,"gold_loss":0},{"damage_healed":0,"gold_gain":0,"player_choice":"Fought Mushrooms","damage_taken":0,"max_hp_gain":0,"max_hp_loss":0,"event_name":"Mushrooms","floor":7,"gold_loss":0}],"is_beta":false,"boss_relics":[],"items_purged_floors":[],"is_endless":false,"potions_floor_spawned":[5,8,10,11],"killed_by":"Hexaghost","ascension_level":10}