{"gold_per_floor":[109,34,34,34,34,34,68,68,368,368,387,417,89,106,106,210,210,220,220,135,152,71,71,106,106,106,106,106,120,131,151,151,255,255,269,116,116,128,153,183,183,212,212,212,0,29,45,91,91,91],"floor_reached":51,"playtime":2072,"items_purged":["Decay","Defend_R"],"score":953,"play_id":"16991637-8fcd-4429-a7c0-d29136b9f307","local_time":"20190220205224","is_ascension_mode":true,"campfire_choices":[{"data":"Pommel Strike","floor":6,"key":"SMITH"},{"data":"Thunderclap","floor":8,"key":"SMITH"},{"floor":10,"key":"RECALL"},{"data":"Warcry","floor":15,"key":"SMITH"},{"data":"Ghostly","floor":23,"key":"SMITH"},{"data":"Ghostly","floor":25,"key":"SMITH"},{"data":"Ghostly","floor":27,"key":"SMITH"},{"data":"Ghostly","floor":32,"key":"SMITH"},{"data":"Demon Form","floor":44,"key":"SMITH"},{"data":"Ghostly","floor":49,"key":"SMITH"}],"neow_cost":"CURSE","seed_source_timestamp":268430373629559,"circlet_count":0,"master_deck":["Strike_R","Strike_R","Strike_R","Strike_R","Defend_R","Defend_R","Defend_R","Bash+1","Pommel Strike+1","Thunderclap+1","Flame Barrier","Warcry+1","Dropkick","Feel No Pain","Demon Form+1","Perfected Strike","Ghostly+1","Ghostly+1","Ghostly+1","Ghostly+1","Ghostly+1","Intimidate","Ghostly Armor","Cleave","Bludgeon","Bandage Up","Pommel Strike+1","Warcry+1","Iron Wave","Cleave+1","Anger+1","Armaments+1"],"relics":["Burning Blood","Nunchaku","Unceasing Top","Old Coin","Vajra","Oddly Smooth Stone","Busted Crown","Dodecahedron","Prayer Wheel","Letter Opener","Snecko Eye","Bag of Preparation","Boot","Kunai","PreservedInsect","Darkstone Periapt","Red Mask","Mercury Hourglass","Gambling Chip"],"potions_floor_usage":[7,12,18,21,33,33,33,48,50],"damage_taken":[{"damage":5,"enemies":"Cultist","floor":1,"turns":4},{"damage":16,"enemies":"Gremlin Nob","floor":7,"turns":3},{"damage":0,"enemies":"Small Slimes","floor":11,"turns":3},{"damage":10,"enemies":"3 Sentries","floor":12,"turns":5},{"damage":0,"enemies":"2 Louse","floor":14,"turns":2},{"damage":64,"enemies":"Hexaghost","floor":16,"turns":10},{"damage":33,"enemies":"2 Thieves","floor":18,"turns":4},{"damage":0,"enemies":"Chosen","floor":21,"turns":4},{"damage":4,"enemies":"Book of Stabbing","floor":24,"turns":5},{"damage":1,"enemies":"Shelled Parasite and Fungi","floor":29,"turns":5},{"damage":3,"enemies":"Chosen and Byrds","floor":30,"turns":6},{"damage":11,"enemies":"3 Cultists","floor":31,"turns":6},{"damage":22,"enemies":"Collector","floor":33,"turns":8},{"damage":3,"enemies":"3 Shapes","floor":35,"turns":5},{"damage":18,"enemies":"Orb Walker","floor":38,"turns":3},{"damage":5,"enemies":"Reptomancer","floor":40,"turns":5},{"damage":6,"enemies":"Nemesis","floor":42,"turns":5},{"damage":3,"enemies":"Giant Head","floor":46,"turns":7},{"damage":10,"enemies":"Jaw Worm Horde","floor":47,"turns":4},{"damage":2,"enemies":"2 Orb Walkers","floor":48,"turns":5},{"damage":13,"enemies":"Awakened One","floor":50,"turns":9}],"seed_played":"2097950489714635160","potions_obtained":[{"floor":4,"key":"Explosive Potion"},{"floor":4,"key":"Energy Potion"},{"floor":4,"key":"SneckoOil"},{"floor":11,"key":"SpeedPotion"},{"floor":12,"key":"Strength Potion"},{"floor":18,"key":"SkillPotion"},{"floor":21,"key":"SmokeBomb"},{"floor":29,"key":"PowerPotion"},{"floor":31,"key":"Dexterity Potion"},{"floor":42,"key":"SkillPotion"},{"floor":46,"key":"Strength Potion"}],"is_trial":false,"path_per_floor":["M","$","?","?","$","R","E","R","T","R","M","E","$","M","R","B",null,"M","?","?","M","$","R","E","R","T","R","?","M","M","M","R","B",null,"M","$","?","M","T","E","?","E","T","R","?","E","M","?","R","B",null],"character_chosen":"IRONCLAD","items_purchased":["Oddly Smooth Stone","Dropkick","Ghostly Armor","Bag of Preparation"],"campfire_rested":0,"item_purchase_floors":[13,13,22,36],"current_hp_per_floor":[80,80,80,80,80,80,70,70,70,70,76,72,72,78,78,20,80,53,40,40,40,40,40,40,40,40,40,40,40,40,35,35,19,40,40,40,40,32,32,37,37,38,38,38,38,38,34,38,38,31],"gold":91,"neow_bonus":"ONE_RARE_RELIC","is_prod":false,"is_daily":false,"chose_seed":false,"campfire_upgraded":9,"win_rate":0,"timestamp":1550692344,"path_taken":["M","?","?","?","$","R","E","R","T","R","M","E","$","?","R","BOSS","M","?","?","M","$","R","E","R","T","R","?","?","M","M","R","BOSS","M","$","?","M","?","E","?","E","T","R","?","E","M","?","R","BOSS"],"build_version":"2019-01-23","purchased_purges":2,"victory":true,"max_hp_per_floor":[80,80,80,80,80,80,80,80,80,80,80,80,80,80,80,80,80,80,40,40,40,40,40,40,40,40,40,40,40,40,40,40,40,40,40,40,40,40,40,40,38,38,38,38,38,38,38,38,38,38],"card_choices":[{"not_picked":["Armaments","Shrug It Off"],"picked":"Pommel Strike","floor":1},{"not_picked":["Dropkick","Searing Blow"],"picked":"Thunderclap","floor":7},{"not_picked":["Rage","Fire Breathing"],"picked":"Flame Barrier","floor":11},{"not_picked":["Flex","Combust"],"picked":"Warcry","floor":12},{"not_picked":["Armaments","Whirlwind"],"picked":"Feel No Pain","floor":14},{"not_picked":["Exhume","Offering"],"picked":"Demon Form","floor":16},{"not_picked":[],"picked":"Perfected Strike","floor":18},{"not_picked":[],"picked":"Intimidate","floor":21},{"not_picked":["Spot Weakness"],"picked":"SKIP","floor":24},{"not_picked":["Clothesline"],"picked":"SKIP","floor":29},{"not_picked":["Reckless Charge"],"picked":"SKIP","floor":29},{"not_picked":["Thunderclap"],"picked":"SKIP","floor":30},{"not_picked":["Carnage"],"picked":"SKIP","floor":30},{"not_picked":["Thunderclap"],"picked":"SKIP","floor":31},{"not_picked":["Dual Wield"],"picked":"SKIP","floor":31},{"not_picked":[],"picked":"Bludgeon","floor":33},{"not_picked":["Dual Wield"],"picked":"SKIP","floor":35},{"not_picked":["Combust+1"],"picked":"SKIP","floor":35},{"not_picked":[],"picked":"Bandage Up","floor":37},{"not_picked":[],"picked":"Pommel Strike+1","floor":38},{"not_picked":[],"picked":"Warcry+1","floor":38},{"not_picked":[],"picked":"Iron Wave","floor":40},{"not_picked":[],"picked":"Cleave+1","floor":42},{"not_picked":[],"picked":"Anger+1","floor":46},{"not_picked":[],"picked":"Armaments+1","floor":47},{"not_picked":["Headbutt"],"picked":"SKIP","floor":47}],"player_experience":697358,"relics_obtained":[{"floor":7,"key":"Unceasing Top"},{"floor":9,"key":"Old Coin"},{"floor":12,"key":"Vajra"},{"floor":24,"key":"Prayer Wheel"},{"floor":26,"key":"Letter Opener"},{"floor":39,"key":"Boot"},{"floor":40,"key":"Kunai"},{"floor":42,"key":"PreservedInsect"},{"floor":43,"key":"Darkstone Periapt"},{"floor":46,"key":"Mercury Hourglass"},{"floor":48,"key":"Gambling Chip"}],"event_choices":[{"damage_healed":0,"gold_gain":0,"player_choice":"Grow","damage_taken":0,"max_hp_gain":0,"max_hp_loss":0,"event_name":"Living Wall","floor":3,"gold_loss":0,"cards_upgraded":["Bash"]},{"damage_healed":0,"gold_gain":0,"player_choice":"Got Potions","damage_taken":0,"max_hp_gain":0,"max_hp_loss":0,"event_name":"Lab","floor":4,"gold_loss":0},{"damage_healed":0,"gold_gain":0,"player_choice":"Became a Ghost","damage_taken":0,"max_hp_gain":0,"max_hp_loss":40,"event_name":"Ghosts","floor":19,"gold_loss":0,"cards_obtained":["Ghostly","Ghostly","Ghostly","Ghostly","Ghostly"]},{"damage_healed":0,"gold_gain":0,"player_choice":"Obtained Relic","damage_taken":0,"relics_obtained":["Dodecahedron"],"max_hp_gain":0,"max_hp_loss":0,"event_name":"Addict","floor":20,"gold_loss":85},{"damage_healed":0,"gold_gain":0,"cards_transformed":["Strike_R"],"player_choice":"Transformed","damage_taken":0,"max_hp_gain":0,"max_hp_loss":0,"event_name":"Transmorgrifier","floor":28,"gold_loss":0,"cards_obtained":["Cleave"]},{"damage_healed":0,"gold_gain":0,"player_choice":"Memory 1","damage_taken":0,"max_hp_gain":0,"max_hp_loss":0,"event_name":"SensoryStone","floor":37,"gold_loss":0},{"damage_healed":0,"gold_gain":0,"player_choice":"Max HP","damage_taken":0,"max_hp_gain":0,"max_hp_loss":2,"event_name":"Winding Halls","floor":41,"gold_loss":0},{"damage_healed":0,"gold_gain":0,"player_choice":"Paid","damage_taken":0,"relics_obtained":["Red Mask"],"max_hp_gain":0,"max_hp_loss":0,"event_name":"Tomb of Lord Red Mask","floor":45,"gold_loss":212},{"damage_healed":0,"gold_gain":0,"player_choice":"Fight","damage_taken":0,"max_hp_gain":0,"max_hp_loss":0,"event_name":"Mysterious Sphere","floor":48,"gold_loss":0}],"is_beta":false,"boss_relics":[{"not_picked":["Tiny House","Runic Cube"],"picked":"Busted Crown"},{"not_picked":["Astrolabe","White Beast Statue"],"picked":"Snecko Eye"}],"items_purged_floors":[2,13],"is_endless":false,"potions_floor_spawned":[11,12,18,21,29,31,42,46],"ascension_level":4}