{"gold_per_floor":[110,35,35,46,46,46,77,104,130,130,150,150,15,32,32,32],"floor_reached":16,"playtime":785,"items_purged":["Strike_G"],"score":98,"play_id":"15600be7-38d6-42da-bff2-243a304ced66","local_time":"20181101212913","is_ascension_mode":false,"campfire_choices":[{"data":"Neutralize","floor":6,"key":"SMITH"},{"data":"Tactician","floor":10,"key":"SMITH"},{"data":"Madness","floor":12,"key":"SMITH"},{"data":"Bouncing Flask","floor":15,"key":"SMITH"}],"neow_cost":"NONE","seed_source_timestamp":1296106102447061,"circlet_count":0,"master_deck":["Defend_G","Defend_G","Defend_G","Defend_G","Defend_G","Strike_G","Strike_G","Strike_G","Strike_G","Survivor","Neutralize+1","Madness+1","Dash","Bouncing Flask+1","Tactician+1","Prepared","Quick Slash","Blur","Backflip","Heel Hook"],"relics":["Ring of the Snake","Omamori","Odd Mushroom","Oddly Smooth Stone"],"potions_floor_usage":[8,16],"damage_taken":[{"damage":0,"enemies":"Small Slimes","floor":1,"turns":5},{"damage":0,"enemies":"Jaw Worm","floor":4,"turns":5},{"damage":8,"enemies":"Lagavulin","floor":7,"turns":7},{"damage":12,"enemies":"The Mushroom Lair","floor":8,"turns":5},{"damage":0,"enemies":"Cultist","floor":11,"turns":5},{"damage":0,"enemies":"3 Louse","floor":14,"turns":3},{"damage":54,"enemies":"Slime Boss","floor":16,"turns":15}],"seed_played":"-5002447249987154042","potions_obtained":[{"floor":4,"key":"Explosive Potion"},{"floor":14,"key":"Block Potion"}],"is_trial":false,"path_per_floor":["M","$","?","M","$","R","E","?","T","R","M","R","$","M","R"],"character_chosen":"THE_SILENT","items_purchased":["Blur","Backflip"],"campfire_rested":0,"item_purchase_floors":[13,13],"current_hp_per_floor":[70,70,70,70,70,70,62,50,50,50,50,50,50,50,50,0],"gold":32,"neow_bonus":"RANDOM_COLORLESS","is_prod":false,"is_daily":false,"chose_seed":false,"campfire_upgraded":4,"win_rate":0,"timestamp":1541104153,"path_taken":["M","$","?","M","?","R","E","?","T","R","?","R","$","M","R","BOSS"],"build_version":"2018-10-25v2","purchased_purges":1,"victory":false,"max_hp_per_floor":[70,70,70,70,70,70,70,70,70,70,70,70,70,70,70,70],"card_choices":[{"not_picked":["Heel Hook","Eviscerate"],"picked":"Dash","floor":1},{"not_picked":["Deadly Poison","Blade Dance"],"picked":"Bouncing Flask","floor":4},{"not_picked":["Bouncing Flask","Dodge and Roll"],"picked":"Tactician","floor":7},{"not_picked":["Deadly Poison","Deflect"],"picked":"Prepared","floor":8},{"not_picked":["PiercingWail","Blade Dance"],"picked":"Quick Slash","floor":11},{"not_picked":["Expertise","Quick Slash"],"picked":"Heel Hook","floor":14}],"player_experience":246807,"relics_obtained":[{"floor":7,"key":"Omamori"},{"floor":8,"key":"Odd Mushroom"},{"floor":9,"key":"Oddly Smooth Stone"}],"event_choices":[{"damage_healed":0,"gold_gain":0,"player_choice":"Ignored","damage_taken":0,"max_hp_gain":0,"max_hp_loss":0,"event_name":"Liars Game","floor":3,"gold_loss":0},{"damage_healed":0,"gold_gain":0,"player_choice":"Fought Mushrooms","damage_taken":0,"max_hp_gain":0,"max_hp_loss":0,"event_name":"Mushrooms","floor":8,"gold_loss":0}],"is_beta":false,"boss_relics":[],"items_purged_floors":[2],"is_endless":false,"potions_floor_spawned":[4,14],"killed_by":"Slime Boss","ascension_level":0}