{"gold_per_floor":[111,124,135,147,97,97,124,124,151,193,215,245,257,269,281,390,402,429,45,45,34,34,34,34],"floor_reached":24,"playtime":687,"items_purged":["Strike_R"],"score":268,"play_id":"a16240ac-b9a3-47d2-abbe-018e9978b471","local_time":"20190222200012","is_ascension_mode":true,"campfire_choices":[{"data":"Uppercut","floor":6,"key":"SMITH"},{"floor":13,"key":"REST"},{"data":"Entrench","floor":15,"key":"SMITH"},{"data":"Shockwave","floor":23,"key":"SMITH"}],"neow_cost":"NONE","seed_source_timestamp":439529239366140,"circlet_count":0,"master_deck":["Strike_R","Strike_R","Defend_R","Defend_R","Defend_R","Defend_R","Bash+1","Shrug It Off","Uppercut+1","Wild Strike+1","Shrug It Off","Sword Boomerang","Entrench+1","Shockwave+1","Cleave","Offering","Juggernaut","True Grit+1","Rupture"],"relics":["Burning Blood","Bag of Marbles","MawBank","Red Skull","Sozu","Calipers"],"potions_floor_usage":[4,12,16],"damage_taken":[{"damage":7,"enemies":"Jaw Worm","floor":1,"turns":3},{"damage":8,"enemies":"2 Louse","floor":2,"turns":3},{"damage":0,"enemies":"Cultist","floor":3,"turns":3},{"damage":34,"enemies":"Lots of Slimes","floor":4,"turns":7},{"damage":34,"enemies":"Lagavulin","floor":7,"turns":7},{"damage":24,"enemies":"Gremlin Nob","floor":10,"turns":4},{"damage":0,"enemies":"2 Fungi Beasts","floor":11,"turns":2},{"damage":10,"enemies":"Exordium Thugs","floor":12,"turns":7},{"damage":20,"enemies":"Hexaghost","floor":16,"turns":8},{"damage":22,"enemies":"Shell Parasite","floor":18,"turns":6},{"damage":9,"enemies":"2 Thieves","floor":21,"turns":4},{"damage":51,"enemies":"Book of Stabbing","floor":24,"turns":5}],"seed_played":"-3062870893491884487","potions_obtained":[{"floor":2,"key":"FairyPotion"},{"floor":3,"key":"GamblersBrew"},{"floor":10,"key":"Dexterity Potion"},{"floor":12,"key":"Fire Potion"},{"floor":16,"key":"Weak Potion"}],"is_trial":false,"path_per_floor":["M","M","M","M","?","R","E","?","T","E","M","M","R","?","R","B",null,"M","$","$","M","$","R","E"],"character_chosen":"IRONCLAD","items_purchased":["Rupture","Calipers"],"campfire_rested":1,"item_purchase_floors":[19,19],"current_hp_per_floor":[71,69,75,47,47,47,19,19,19,14,20,16,40,40,40,26,67,51,51,51,48,48,48,0],"gold":34,"neow_bonus":"UPGRADE_CARD","is_prod":false,"is_daily":false,"chose_seed":false,"campfire_upgraded":3,"win_rate":0,"timestamp":1550862012,"path_taken":["M","M","M","M","?","R","E","?","T","E","M","M","R","?","R","BOSS","M","?","$","?","?","R","E"],"build_version":"2019-01-23","purchased_purges":1,"victory":false,"max_hp_per_floor":[80,80,80,80,80,80,80,80,80,80,80,80,80,80,80,80,80,80,80,80,80,80,80,80],"card_choices":[{"not_picked":["True Grit","Clash"],"picked":"Shrug It Off","floor":1},{"not_picked":["Shrug It Off","Thunderclap"],"picked":"Uppercut","floor":2},{"not_picked":["Havoc","Thunderclap"],"picked":"Wild Strike","floor":3},{"not_picked":["Sentinel","True Grit"],"picked":"Shrug It Off","floor":4},{"not_picked":["Bloodletting","Uppercut"],"picked":"Sword Boomerang","floor":7},{"not_picked":["Clash","Offering"],"picked":"Entrench","floor":10},{"not_picked":["Body Slam","Sword Boomerang"],"picked":"Shockwave","floor":11},{"not_picked":["Clothesline","Perfected Strike"],"picked":"Cleave","floor":12},{"not_picked":["Bludgeon","Berserk"],"picked":"Juggernaut","floor":16},{"not_picked":["Warcry","Sword Boomerang"],"picked":"True Grit+1","floor":18},{"not_picked":["Searing Blow+1","Wild Strike","Infernal Blade"],"picked":"SKIP","floor":21}],"player_experience":722578,"relics_obtained":[{"floor":7,"key":"Bag of Marbles"},{"floor":9,"key":"MawBank"},{"floor":10,"key":"Red Skull"}],"event_choices":[{"cards_removed":["Strike_R"],"damage_healed":0,"gold_gain":0,"player_choice":"Card Removal","damage_taken":0,"max_hp_gain":0,"max_hp_loss":0,"event_name":"The Cleric","floor":5,"gold_loss":50},{"damage_healed":0,"gold_gain":0,"player_choice":"Grow","damage_taken":0,"max_hp_gain":0,"max_hp_loss":0,"event_name":"Living Wall","floor":8,"gold_loss":0,"cards_upgraded":["Wild Strike"]},{"damage_healed":0,"gold_gain":0,"cards_transformed":["Strike_R"],"player_choice":"Transformed","damage_taken":0,"max_hp_gain":0,"max_hp_loss":0,"event_name":"Transmorgrifier","floor":14,"gold_loss":0,"cards_obtained":["Offering"]}],"is_beta":false,"boss_relics":[{"not_picked":["Empty Cage","Lizard Tail"],"picked":"Sozu"}],"items_purged_floors":[19],"is_endless":false,"potions_floor_spawned":[2,3,10,12,16,18],"killed_by":"Book of Stabbing","ascension_level":6}