{"gold_per_floor":[113,113,90,90,114,114,149,164,242,260,279,279,304,322,322,441,441,454,394,388,406,406,406,406],"floor_reached":24,"playtime":2259,"items_purged":[],"score":198,"play_id":"4b3b9b69-9d59-4a17-b313-b6e8e24b0285","local_time":"20190217103518","is_ascension_mode":false,"campfire_choices":[{"data":"True Grit","floor":6,"key":"SMITH"},{"data":"Pommel Strike","floor":12,"key":"SMITH"},{"floor":15,"key":"REST"},{"data":"True Grit","floor":23,"key":"SMITH"}],"neow_cost":"CURSE","seed_source_timestamp":525810642587464,"circlet_count":0,"master_deck":["Strike_R","Strike_R","Strike_R","Strike_R","Defend_R","Defend_R","Defend_R","Bash","Reckless Charge","Rupture","True Grit+1","Pommel Strike+1","Injury","Blood for Blood","Warcry","Fiend Fire","True Grit+1","Shrug It Off","Fiend Fire","Shrug It Off","Shrug It Off","Pommel Strike"],"relics":["Burning Blood","Golden Idol","Regal Pillow","Sundial","Self Forming Clay","Cursed Key","Gambling Chip"],"potions_floor_usage":[7,13,16,20,21,21,24],"damage_taken":[{"damage":1,"enemies":"Jaw Worm","floor":1,"turns":3},{"damage":40,"enemies":"Lagavulin","floor":7,"turns":6},{"damage":0,"enemies":"Cultist","floor":8,"turns":4},{"damage":6,"enemies":"2 Louse","floor":10,"turns":2},{"damage":13,"enemies":"Gremlin Gang","floor":11,"turns":4},{"damage":9,"enemies":"Exordium Wildlife","floor":13,"turns":4},{"damage":5,"enemies":"Red Slaver","floor":14,"turns":4},{"damage":65,"enemies":"Hexaghost","floor":16,"turns":10},{"damage":3,"enemies":"Shell Parasite","floor":18,"turns":5},{"damage":14,"enemies":"2 Thieves","floor":20,"turns":4},{"damage":9,"enemies":"Centurion and Healer","floor":21,"turns":6},{"damage":85,"enemies":"Slavers","floor":24,"turns":7}],"seed_played":"-2337012657685661252","potions_obtained":[{"floor":1,"key":"Dexterity Potion"},{"floor":7,"key":"Strength Potion"},{"floor":8,"key":"BloodPotion"},{"floor":18,"key":"EntropicBrew"}],"is_trial":false,"path_per_floor":["M","?","$","?","T","R","E","M","T","M","M","R","M","M","R","B",null,"M","?","M","M","$","R","E"],"character_chosen":"IRONCLAD","items_purchased":["Pommel Strike"],"campfire_rested":1,"item_purchase_floors":[3],"current_hp_per_floor":[80,73,73,73,73,73,39,45,45,45,38,38,43,44,80,21,80,80,80,72,69,69,69,0],"gold":406,"neow_bonus":"TRANSFORM_TWO_CARDS","is_prod":false,"is_daily":false,"chose_seed":false,"campfire_upgraded":3,"win_rate":0.0,"timestamp":1550417718,"path_taken":["M","?","$","?","?","R","E","M","T","M","M","R","?","M","R","BOSS","M","?","?","M","?","R","E"],"build_version":"2019-01-23","purchased_purges":0,"victory":false,"max_hp_per_floor":[80,80,80,80,80,80,80,80,80,80,80,80,80,80,80,80,80,80,80,80,80,80,80,80],"card_choices":[{"not_picked":["Whirlwind","Flame Barrier"],"picked":"True Grit","floor":1},{"not_picked":["Body Slam","Flex"],"picked":"Blood for Blood","floor":7},{"not_picked":["Body Slam","Twin Strike"],"picked":"Warcry","floor":8},{"not_picked":["Uppercut","Body Slam"],"picked":"Fiend Fire","floor":10},{"not_picked":["Flex","Corruption","Rage"],"picked":"SKIP","floor":11},{"not_picked":["Thunderclap","Headbutt"],"picked":"True Grit","floor":13},{"not_picked":["Sword Boomerang","Heavy Blade"],"picked":"Shrug It Off","floor":14},{"not_picked":["Barricade","Feed"],"picked":"Fiend Fire","floor":16},{"not_picked":["Rage","Flame Barrier+1"],"picked":"Shrug It Off","floor":18},{"not_picked":["Blood for Blood","Combust"],"picked":"Shrug It Off","floor":20},{"not_picked":["Uppercut","Pummel"],"picked":"Pommel Strike","floor":21}],"player_experience":70368,"relics_obtained":[{"floor":5,"key":"Regal Pillow"},{"floor":7,"key":"Sundial"},{"floor":9,"key":"Self Forming Clay"}],"event_choices":[{"cards_removed":["Clumsy"],"damage_healed":0,"gold_gain":0,"player_choice":"Card Removal","damage_taken":7,"max_hp_gain":0,"max_hp_loss":0,"event_name":"Golden Wing","floor":2,"gold_loss":0},{"damage_healed":0,"gold_gain":0,"player_choice":"Take Wound","damage_taken":0,"relics_obtained":["Golden Idol"],"max_hp_gain":0,"max_hp_loss":0,"event_name":"Golden Idol","floor":4,"gold_loss":0,"cards_obtained":["Injury"]},{"damage_healed":0,"gold_gain":0,"player_choice":"Paid Gold","damage_taken":0,"relics_obtained":["Gambling Chip"],"max_hp_gain":0,"max_hp_loss":0,"event_name":"WeMeetAgain","floor":19,"gold_loss":60}],"is_beta":false,"boss_relics":[{"not_picked":["Black Star","Snecko Eye"],"picked":"Cursed Key"}],"items_purged_floors":[],"is_endless":false,"potions_floor_spawned":[1,7,8,18,20],"killed_by":"Slavers","ascension_level":0}