{"gold_per_floor":[117,42,54,66,66,66,104,104,104,137,137,312,50,34,34,155,155,180,215,20,20,20,44,44],"floor_reached":24,"playtime":934,"items_purged":["Defend_G","Strike_G","Strike_G"],"score":313,"play_id":"0857e8f7-47e8-4cb1-879f-471c0f773cad","local_time":"20190202130358","is_ascension_mode":true,"campfire_choices":[{"data":"A Thousand Cuts","floor":6,"key":"SMITH"},{"data":"Neutralize","floor":8,"key":"SMITH"},{"floor":11,"key":"REST"},{"data":"Apotheosis","floor":15,"key":"SMITH"}],"neow_cost":"NONE","seed_source_timestamp":1090984706808426,"circlet_count":0,"master_deck":["AscendersBane","Defend_G","Defend_G","Defend_G","Defend_G","Strike_G","Strike_G","Survivor","Neutralize+1","Deflect","Dash","Terror","A Thousand Cuts+1","Dagger Spray","Tactician","Apotheosis+1","Prepared","Tools of the Trade","Underhanded Strike","Tactician","Prepared"],"relics":["Ring of the Snake","Golden Idol","Pocketwatch","Bottled Tornado","Omamori","Busted Crown","Red Mask"],"potions_floor_usage":[19,19,23],"damage_taken":[{"damage":3,"enemies":"Small Slimes","floor":1,"turns":7},{"damage":0,"enemies":"Jaw Worm","floor":3,"turns":4},{"damage":0,"enemies":"2 Louse","floor":4,"turns":4},{"damage":18,"enemies":"3 Sentries","floor":7,"turns":7},{"damage":20,"enemies":"Gremlin Nob","floor":10,"turns":4},{"damage":13,"enemies":"Exordium Thugs","floor":14,"turns":4},{"damage":13,"enemies":"Hexaghost","floor":16,"turns":8},{"damage":16,"enemies":"Spheric Guardian","floor":18,"turns":4},{"damage":38,"enemies":"Masked Bandits","floor":19,"turns":4},{"damage":3,"enemies":"Chosen","floor":23,"turns":3},{"damage":9,"enemies":"Gremlin Leader","floor":24,"turns":5}],"seed_played":"-4468603119125163509","potions_obtained":[{"floor":14,"key":"Fruit Juice"},{"floor":16,"key":"SkillPotion"},{"floor":19,"key":"Energy Potion"}],"is_trial":false,"path_per_floor":["M","$","M","M","?","R","E","R","T","E","R","?","$","M","R","B",null,"M","?","$","?","?","M","E"],"character_chosen":"THE_SILENT","items_purchased":["Apotheosis","Tactician"],"campfire_rested":1,"item_purchase_floors":[13,20],"current_hp_per_floor":[60,60,60,60,60,60,42,42,42,22,41,41,41,28,28,15,53,37,4,4,4,4,1,0],"gold":44,"neow_bonus":"THREE_CARDS","is_prod":false,"is_daily":false,"chose_seed":false,"campfire_upgraded":3,"win_rate":0,"timestamp":1549109038,"path_taken":["M","$","M","M","?","R","E","R","T","E","R","?","$","M","R","BOSS","M","?","$","?","?","?","E"],"build_version":"2019-01-23","purchased_purges":3,"victory":false,"max_hp_per_floor":[70,70,70,70,65,65,65,65,65,65,65,65,65,65,65,65,65,65,70,70,70,70,70,70],"card_choices":[{"not_picked":["Calculated Gamble","Concentrate"],"picked":"Deflect","floor":0},{"not_picked":["Poisoned Stab","Choke"],"picked":"Dash","floor":1},{"not_picked":["Sucker Punch","Dagger Spray"],"picked":"Terror","floor":3},{"not_picked":["Finisher","Flying Knee"],"picked":"A Thousand Cuts","floor":4},{"not_picked":["PiercingWail","Sucker Punch"],"picked":"Dagger Spray","floor":7},{"not_picked":["Quick Slash","Predator"],"picked":"Tactician","floor":10},{"not_picked":["Quick Slash","Bouncing Flask"],"picked":"Prepared","floor":14},{"not_picked":["Phantasmal Killer","Venomology"],"picked":"Tools of the Trade","floor":16},{"not_picked":["Infinite Blades+1"],"picked":"SKIP","floor":18},{"not_picked":[],"picked":"Underhanded Strike","floor":19},{"not_picked":[],"picked":"Prepared","floor":23}],"player_experience":568730,"relics_obtained":[{"floor":7,"key":"Pocketwatch"},{"floor":9,"key":"Bottled Tornado"},{"floor":10,"key":"Omamori"},{"floor":19,"key":"Red Mask"}],"event_choices":[{"damage_healed":0,"gold_gain":0,"player_choice":"Lose Max HP","damage_taken":0,"relics_obtained":["Golden Idol"],"max_hp_gain":0,"max_hp_loss":5,"event_name":"Golden Idol","floor":5,"gold_loss":0},{"damage_healed":0,"gold_gain":175,"player_choice":"AGREE","damage_taken":0,"max_hp_gain":0,"max_hp_loss":0,"event_name":"Liars Game","floor":12,"gold_loss":0,"cards_obtained":["Doubt"]},{"damage_healed":0,"gold_gain":0,"player_choice":"Fought Bandits","damage_taken":0,"max_hp_gain":0,"max_hp_loss":0,"event_name":"Masked Bandits","floor":19,"gold_loss":0},{"cards_removed":["Strike_G"],"damage_healed":0,"gold_gain":0,"player_choice":"Elegance","damage_taken":0,"max_hp_gain":0,"max_hp_loss":0,"event_name":"Back to Basics","floor":21,"gold_loss":0},{"damage_healed":0,"gold_gain":0,"player_choice":"Ignored","damage_taken":0,"max_hp_gain":0,"max_hp_loss":0,"event_name":"Beggar","floor":22,"gold_loss":0}],"is_beta":false,"boss_relics":[{"not_picked":["HoveringKite","Coffee Dripper"],"picked":"Busted Crown"}],"items_purged_floors":[2,13,20],"is_endless":false,"potions_floor_spawned":[14,16,19],"killed_by":"Gremlin Leader","ascension_level":11}