{"gold_per_floor":[111,122,122,132,132,132,157,157,157,191,191,191,211,241,241,343,343,359,245,245,277,277,277,277],"floor_reached":24,"playtime":959,"items_purged":["Strike_R"],"score":273,"play_id":"d1f8fd6f-0e7b-4758-92ce-e3fa6af9bb76","local_time":"20190223085348","is_ascension_mode":true,"campfire_choices":[{"floor":6,"key":"DIG"},{"floor":8,"key":"DIG"},{"data":"Infernal Blade","floor":12,"key":"SMITH"},{"floor":15,"key":"DIG"},{"floor":23,"key":"REST"}],"neow_cost":"NONE","seed_source_timestamp":485673022553555,"circlet_count":0,"master_deck":["Strike_R","Strike_R","Strike_R","Strike_R","Defend_R+1","Defend_R","Defend_R","Defend_R+1","Bash","Pommel Strike","Headbutt","Metallicize","Infernal Blade+1","Carnage","Iron Wave","Immolate","True Grit","Whirlwind","Havoc+1","Writhe"],"relics":["Burning Blood","Shovel","Juzu Bracelet","Regal Pillow","Meat on the Bone","Bag of Preparation","War Paint","Bottled Tornado","Potion Belt","Blood Vial","Sozu","Red Mask","Toxic Egg 2"],"potions_floor_usage":[7,10,16],"damage_taken":[{"damage":6,"enemies":"Cultist","floor":1,"turns":4},{"damage":0,"enemies":"2 Louse","floor":2,"turns":2},{"damage":8,"enemies":"Jaw Worm","floor":4,"turns":4},{"damage":16,"enemies":"Gremlin Nob","floor":7,"turns":3},{"damage":22,"enemies":"3 Sentries","floor":10,"turns":10},{"damage":0,"enemies":"3 Louse","floor":13,"turns":3},{"damage":9,"enemies":"Lagavulin","floor":14,"turns":5},{"damage":50,"enemies":"Slime Boss","floor":16,"turns":12},{"damage":9,"enemies":"3 Byrds","floor":18,"turns":4},{"damage":18,"enemies":"Colosseum Slavers","floor":20,"turns":5},{"damage":43,"enemies":"Masked Bandits","floor":21,"turns":6},{"damage":87,"enemies":"Book of Stabbing","floor":24,"turns":6}],"seed_played":"7348385612999676319","potions_obtained":[{"floor":2,"key":"Regen Potion"},{"floor":4,"key":"Fire Potion"},{"floor":10,"key":"PowerPotion"}],"is_trial":false,"path_per_floor":["M","M","T","M","?","R","E","R","T","E","?","R","M","E","R","B",null,"M","$","?","?","?","R","E"],"character_chosen":"IRONCLAD","items_purchased":["Whirlwind"],"campfire_rested":1,"item_purchase_floors":[19],"current_hp_per_floor":[80,86,86,84,84,84,74,74,74,73,73,73,79,76,76,46,78,77,77,67,44,44,85,0],"gold":277,"neow_bonus":"TEN_PERCENT_HP_BONUS","is_prod":false,"is_daily":false,"chose_seed":false,"campfire_upgraded":1,"win_rate":0,"timestamp":1550908428,"path_taken":["M","M","?","M","?","R","E","R","T","E","?","R","M","E","R","BOSS","M","$","?","?","?","R","E"],"build_version":"2019-01-23","purchased_purges":1,"victory":false,"max_hp_per_floor":[88,88,88,88,88,88,88,88,88,88,88,88,88,88,88,88,88,88,88,88,88,88,88,88],"card_choices":[{"not_picked":["Havoc","Clash"],"picked":"Heavy Blade","floor":1},{"not_picked":["Evolve","Thunderclap"],"picked":"Pommel Strike","floor":2},{"not_picked":["Havoc","Twin Strike"],"picked":"Headbutt","floor":4},{"not_picked":["Infernal Blade","Clothesline"],"picked":"Metallicize","floor":7},{"not_picked":["Sword Boomerang","Corruption"],"picked":"Infernal Blade","floor":10},{"not_picked":["True Grit","Fire Breathing"],"picked":"Carnage","floor":13},{"not_picked":["Power Through","Infernal Blade"],"picked":"Iron Wave","floor":14},{"not_picked":["Barricade","Berserk"],"picked":"Immolate","floor":16},{"not_picked":["Combust","Warcry"],"picked":"True Grit","floor":18},{"not_picked":["Thunderclap","Wild Strike"],"picked":"Havoc+1","floor":21}],"player_experience":727442,"relics_obtained":[{"floor":3,"key":"Shovel"},{"floor":6,"key":"Regal Pillow"},{"floor":7,"key":"Meat on the Bone"},{"floor":8,"key":"Bag of Preparation"},{"floor":9,"key":"War Paint"},{"floor":10,"key":"Bottled Tornado"},{"floor":14,"key":"Potion Belt"},{"floor":15,"key":"Blood Vial"},{"floor":21,"key":"Red Mask"}],"event_choices":[{"cards_removed":["Heavy Blade"],"damage_healed":0,"gold_gain":0,"player_choice":"Gave Card","damage_taken":0,"relics_obtained":["Juzu Bracelet"],"max_hp_gain":0,"max_hp_loss":0,"event_name":"WeMeetAgain","floor":5,"gold_loss":0},{"damage_healed":0,"gold_gain":0,"player_choice":"0 cards matched","damage_taken":0,"max_hp_gain":0,"max_hp_loss":0,"event_name":"Match and Keep!","floor":11,"gold_loss":0,"cards_obtained":[]},{"damage_healed":0,"gold_gain":0,"player_choice":"Fight","damage_taken":0,"max_hp_gain":0,"max_hp_loss":0,"event_name":"Colosseum","floor":20,"gold_loss":0},{"damage_healed":0,"gold_gain":0,"player_choice":"Fled From Nobs","damage_taken":0,"max_hp_gain":0,"max_hp_loss":0,"event_name":"Colosseum","floor":20,"gold_loss":0},{"damage_healed":0,"gold_gain":0,"player_choice":"Fought Bandits","damage_taken":0,"max_hp_gain":0,"max_hp_loss":0,"event_name":"Masked Bandits","floor":21,"gold_loss":0},{"damage_healed":0,"gold_gain":0,"player_choice":"Opened","damage_taken":0,"relics_obtained":["Toxic Egg 2"],"max_hp_gain":0,"max_hp_loss":0,"event_name":"The Mausoleum","floor":22,"gold_loss":0,"cards_obtained":["Writhe"]}],"is_beta":false,"boss_relics":[{"not_picked":["Tiny House","Black Star"],"picked":"Sozu"}],"items_purged_floors":[19],"is_endless":false,"potions_floor_spawned":[2,4,10,21],"killed_by":"Book of Stabbing","ascension_level":6}