{"gold_per_floor":[113,130,305,89,89,89,106,106,106,121,155,167,183,195,195,292,292,310,410,67,84,103,103,103,117,192,192,202,77,77,91,91,186,186,204,259,259,56,71,71,71,88,88,88,88,88,104,122,122,122],"floor_reached":51,"playtime":4070,"items_purged":["Doubt","Strike_B","Strike_B"],"score":601,"play_id":"e3d722d3-1f26-48c6-9dff-4a091eddaa26","local_time":"20181011091248","is_ascension_mode":false,"campfire_choices":[{"data":"Defragment","floor":6,"key":"SMITH"},{"data":"Dualcast","floor":8,"key":"SMITH"},{"floor":15,"key":"REST"},{"floor":23,"key":"REST"},{"floor":30,"key":"REST"},{"floor":32,"key":"REST"},{"data":"Thunder Strike","floor":40,"key":"SMITH"},{"data":"Seek","floor":46,"key":"SMITH"},{"data":"Coolheaded","floor":49,"key":"SMITH"}],"neow_cost":"NONE","seed_source_timestamp":5899113297982,"circlet_count":0,"master_deck":["Strike_B","Strike_B","Defend_B","Defend_B","Defend_B","Defend_B","Zap+1","Dualcast+1","Ball Lightning","BootSequence","Ball Lightning","Defragment+1","Melter","Hologram","Conserve Battery","Biased Cognition+1","Leap","Conserve Battery","Biased Cognition+1","Seek+1","Cold Snap","Cold Snap","Loop+1","Coolheaded+1","Glacier+1","Hologram","Hologram+1","Self Repair+1","Thunder Strike+1","Defragment+1","Chill+1","Core Surge"],"relics":["Cracked Core","Potion Belt","Frozen Egg 2","Sozu","Calipers","Bottled Lightning","Omamori","MutagenicStrength","Darkstone Periapt","Regal Pillow","Nuclear Battery","Nunchaku","Anchor","Runic Capacitor","Bottled Flame","WarpedTongs"],"potions_floor_usage":[21],"damage_taken":[{"damage":3,"enemies":"Jaw Worm","floor":1,"turns":3},{"damage":0,"enemies":"2 Louse","floor":2,"turns":2},{"damage":0,"enemies":"Cultist","floor":7,"turns":3},{"damage":0,"enemies":"2 Fungi Beasts","floor":10,"turns":2},{"damage":24,"enemies":"Gremlin Nob","floor":11,"turns":4},{"damage":7,"enemies":"Gremlin Gang","floor":12,"turns":3},{"damage":0,"enemies":"Blue Slaver","floor":13,"turns":3},{"damage":0,"enemies":"Looter","floor":14,"turns":2},{"damage":18,"enemies":"Hexaghost","floor":16,"turns":7},{"damage":2,"enemies":"Shell Parasite","floor":18,"turns":3},{"damage":2,"enemies":"Colosseum Slavers","floor":19,"turns":3},{"damage":67,"enemies":"Colosseum Nobs","floor":19,"turns":5},{"damage":2,"enemies":"2 Thieves","floor":21,"turns":3},{"damage":0,"enemies":"Cultist and Chosen","floor":22,"turns":5},{"damage":0,"enemies":"Chosen and Byrds","floor":25,"turns":5},{"damage":0,"enemies":"Centurion and Healer","floor":28,"turns":9},{"damage":1,"enemies":"Shelled Parasite and Fungi","floor":31,"turns":4},{"damage":29,"enemies":"Champ","floor":33,"turns":16},{"damage":0,"enemies":"3 Shapes","floor":35,"turns":5},{"damage":0,"enemies":"Mysterious Sphere","floor":36,"turns":6},{"damage":0,"enemies":"3 Darklings","floor":39,"turns":5},{"damage":0,"enemies":"Sphere and 2 Shapes","floor":42,"turns":4},{"damage":0,"enemies":"Reptomancer","floor":47,"turns":5},{"damage":0,"enemies":"4 Shapes","floor":48,"turns":5},{"damage":9,"enemies":"Time Eater","floor":50,"turns":11}],"seed_played":"-2788313703608963948","potions_obtained":[{"floor":1,"key":"PowerPotion"},{"floor":2,"key":"Strength Potion"},{"floor":12,"key":"AttackPotion"},{"floor":13,"key":"FocusPotion"},{"floor":14,"key":"Poison Potion"}],"is_trial":false,"path_per_floor":["M","M","?","$","?","R","M","R","T","M","E","M","M","M","R","B",null,"M","?","$","M","M","R","?","M","T","?","M","$","R","M","R","B",null,"M","?","T","$","M","R","$","M","T","?","$","R","M","M","R","B"],"character_chosen":"DEFECT","items_purchased":["Defragment","Melter","Loop+1","Omamori","Coolheaded","Runic Capacitor"],"campfire_rested":4,"item_purchase_floors":[4,4,20,20,20,38],"current_hp_per_floor":[72,72,72,72,72,72,72,72,72,72,48,41,41,41,63,45,75,73,4,4,2,2,24,24,24,24,24,24,24,61,60,75,56,75,75,75,75,75,75,75,75,75,75,75,75,75,75,75,75,75],"gold":122,"neow_bonus":"THREE_CARDS","is_prod":false,"is_daily":false,"chose_seed":false,"campfire_upgraded":5,"win_rate":0,"timestamp":1539241968,"path_taken":["M","M","?","$","?","R","M","R","T","M","E","M","M","?","R","BOSS","M","?","$","M","M","R","?","?","T","?","M","$","R","M","R","BOSS","M","?","?","$","M","R","$","M","T","?","?","R","?","M","R","BOSS"],"build_version":"2018-10-04","purchased_purges":3,"victory":true,"max_hp_per_floor":[75,75,75,75,75,75,75,75,75,75,75,75,75,75,75,75,75,75,75,75,75,75,75,75,75,75,75,75,75,75,75,75,75,75,75,75,75,75,75,75,75,75,75,75,75,75,75,75,75,75],"card_choices":[{"not_picked":["Turbo","Go for the Eyes"],"picked":"Ball Lightning","floor":0},{"not_picked":["Force Field","Turbo"],"picked":"BootSequence","floor":1},{"not_picked":["Turbo","Aggregate"],"picked":"Ball Lightning","floor":2},{"not_picked":["Force Field","Rebound"],"picked":"Hologram","floor":7},{"not_picked":["Gash","Rebound"],"picked":"Conserve Battery","floor":10},{"not_picked":["Streamline","Cold Snap"],"picked":"Biased Cognition","floor":11},{"not_picked":["Gash","Rebound"],"picked":"Leap","floor":12},{"not_picked":["Leap","Compile Driver"],"picked":"Conserve Battery","floor":13},{"not_picked":["Compile Driver","Sweeping Beam"],"picked":"Biased Cognition+1","floor":14},{"not_picked":["Creative AI+1","Reboot"],"picked":"Seek","floor":16},{"not_picked":["Barrage","Scrape+1"],"picked":"Cold Snap","floor":18},{"not_picked":["Darkness","Reprogram"],"picked":"Cold Snap","floor":19},{"not_picked":["White Noise+1","Leap+1"],"picked":"Glacier+1","floor":21},{"not_picked":["Rebound","Compile Driver"],"picked":"Hologram","floor":22},{"not_picked":["Steam","All For One"],"picked":"Hologram+1","floor":25},{"not_picked":["Cold Snap","Ball Lightning"],"picked":"Self Repair+1","floor":28},{"not_picked":["Static Discharge+1","BootSequence","Barrage+1"],"picked":"SKIP","floor":31},{"not_picked":["All For One","Reboot"],"picked":"Thunder Strike","floor":33},{"not_picked":["Stack","Hello World+1"],"picked":"Defragment+1","floor":35},{"not_picked":["Turbo","Redo+1"],"picked":"Chill+1","floor":36},{"not_picked":["Compile Driver+1","Hologram+1","Auto Shields"],"picked":"SKIP","floor":39},{"not_picked":["Sweeping Beam+1","Chaos","Reinforced Body"],"picked":"SKIP","floor":42},{"not_picked":["Leap","Genetic Algorithm+1"],"picked":"Core Surge","floor":47},{"not_picked":["White Noise","Conserve Battery+1","Steam+1"],"picked":"SKIP","floor":48}],"player_experience":133883,"relics_obtained":[{"floor":9,"key":"Potion Belt"},{"floor":11,"key":"Frozen Egg 2"},{"floor":19,"key":"Calipers"},{"floor":19,"key":"Bottled Lightning"},{"floor":26,"key":"Darkstone Periapt"},{"floor":36,"key":"Nunchaku"},{"floor":37,"key":"Anchor"},{"floor":43,"key":"Bottled Flame"}],"event_choices":[{"event_name":"Liars Game","player_choice":"agreed","floor":3,"damage_taken":0},{"event_name":"Upgrade Shrine","player_choice":"Upgraded","floor":5,"damage_taken":0},{"event_name":"Colosseum","player_choice":"Fight","floor":19,"damage_taken":0},{"event_name":"Colosseum","player_choice":"Fought Nobs","floor":19,"damage_taken":0},{"event_name":"Drug Dealer","player_choice":"Inject Mutagens","floor":24,"damage_taken":0},{"event_name":"Addict","player_choice":"Stole Relic","floor":27,"damage_taken":0},{"event_name":"Mysterious Sphere","player_choice":"Fight","floor":36,"damage_taken":0},{"event_name":"Accursed Blacksmith","player_choice":"Rummage","floor":44,"damage_taken":0}],"is_beta":false,"boss_relics":[{"not_picked":["Eternal Feather","Philosopher\u0027s Stone"],"picked":"Sozu"},{"not_picked":["Runic Pyramid","Coffee Dripper"],"picked":"Nuclear Battery"}],"items_purged_floors":[4,20,29],"is_endless":false,"potions_floor_spawned":[1,2,12,13,14,18,19,25,36,42],"ascension_level":0}