{"gold_per_floor":[113,133,149,160,174,209,209,224,224,240,240,58,86,99,99,99],"floor_reached":16,"playtime":2343,"items_purged":["Strike_B"],"score":116,"play_id":"d4eed1b9-2f7d-48d4-a92f-b1e0b78a57e4","local_time":"20181210143812","is_ascension_mode":false,"campfire_choices":[{"data":"Fusion","floor":7,"key":"SMITH"},{"floor":11,"key":"REST"},{"data":"Defragment","floor":15,"key":"SMITH"}],"neow_cost":"NONE","seed_source_timestamp":2285466482848393,"circlet_count":0,"master_deck":["Strike_B","Strike_B","Strike_B","Defend_B","Defend_B+1","Defend_B+1","Defend_B","Zap","Dualcast","Cold Snap","Fusion+1","Glacier","Coolheaded","Go for the Eyes","Electrodynamics","Storm","White Noise","Defragment+1","Cold Snap+1"],"relics":["Cracked Core","Omamori","Molten Egg 2","War Paint"],"potions_floor_usage":[6,8,10],"damage_taken":[{"damage":1,"enemies":"Cultist","floor":1,"turns":3},{"damage":5,"enemies":"Small Slimes","floor":2,"turns":3},{"damage":4,"enemies":"Jaw Worm","floor":3,"turns":3},{"damage":3,"enemies":"Lots of Slimes","floor":4,"turns":5},{"damage":6,"enemies":"Exordium Wildlife","floor":5,"turns":5},{"damage":46,"enemies":"Gremlin Nob","floor":6,"turns":7},{"damage":8,"enemies":"Exordium Thugs","floor":8,"turns":7},{"damage":7,"enemies":"Gremlin Gang","floor":10,"turns":6},{"damage":13,"enemies":"Lagavulin","floor":13,"turns":10},{"damage":6,"enemies":"Red Slaver","floor":14,"turns":3},{"damage":9,"enemies":"Hexaghost","floor":16,"turns":16}],"seed_played":"4740108500871193797","potions_obtained":[{"floor":5,"key":"Swift Potion"},{"floor":6,"key":"AttackPotion"},{"floor":8,"key":"Block Potion"}],"is_trial":false,"path_per_floor":["M","M","M","M","M","E","R","M","T","M","R","$","E","M","R","B"],"character_chosen":"DEFECT","items_purchased":["Storm","White Noise"],"campfire_rested":1,"item_purchase_floors":[12,12],"current_hp_per_floor":[81,76,72,69,63,17,17,9,9,2,26,26,13,7,7,0],"gold":99,"neow_bonus":"TEN_PERCENT_HP_BONUS","is_prod":false,"is_daily":false,"chose_seed":false,"campfire_upgraded":2,"win_rate":0.0,"timestamp":1544474292,"path_taken":["M","M","?","M","M","E","R","M","T","M","R","$","E","M","R","BOSS"],"build_version":"2018-12-06","purchased_purges":1,"victory":false,"max_hp_per_floor":[82,82,82,82,82,82,82,82,82,82,82,82,82,82,82,82],"card_choices":[{"not_picked":["Hologram","Melter"],"picked":"Cold Snap","floor":1},{"not_picked":["BootSequence","Redo"],"picked":"Fusion","floor":2},{"not_picked":["Hello World","Cold Snap"],"picked":"Glacier","floor":3},{"not_picked":["Steam","Double Energy","Steam Power"],"picked":"SKIP","floor":4},{"not_picked":["Sweeping Beam","Stack","Hologram"],"picked":"SKIP","floor":5},{"not_picked":["Hologram","Thunder Strike"],"picked":"Coolheaded","floor":6},{"not_picked":["Sweeping Beam","Leap"],"picked":"Go for the Eyes","floor":8},{"not_picked":["Streamline+1","Double Energy"],"picked":"Electrodynamics","floor":10},{"not_picked":["Conserve Battery","Streamline+1"],"picked":"Defragment","floor":13},{"not_picked":["Coolheaded","Gash+1"],"picked":"Cold Snap+1","floor":14}],"player_experience":48939,"relics_obtained":[{"floor":6,"key":"Omamori"},{"floor":9,"key":"Molten Egg 2"},{"floor":13,"key":"War Paint"}],"event_choices":[],"is_beta":false,"boss_relics":[],"items_purged_floors":[12],"is_endless":false,"potions_floor_spawned":[5,6,8],"killed_by":"Hexaghost","ascension_level":0}