{"gold_per_floor":[116,66,66,80,57,90,90,90,113,44,57,57,72,82,82,178,178,194,209,221,221,241,241,271,282,282,382,382],"floor_reached":28,"playtime":1008,"items_purged":[],"score":265,"play_id":"0596a52a-d93b-4e2c-af01-2b486c8bab00","local_time":"20181103173554","is_ascension_mode":false,"campfire_choices":[{"data":"Neutralize","floor":7.0,"key":"SMITH"},{"data":"Noxious Fumes","floor":12.0,"key":"SMITH"},{"data":"Noxious Fumes","floor":15.0,"key":"SMITH"},{"floor":23,"key":"REST"}],"neow_cost":"NONE","seed_source_timestamp":0,"circlet_count":0,"master_deck":["Defend_G","Defend_G","Defend_G","Defend_G","Defend_G","Strike_G","Strike_G","Strike_G","Survivor","Neutralize+1","Heel Hook+1","Infinite Blades","Backflip","Dagger Spray","Noxious Fumes+1","Noxious Fumes+1","Deflect","Glass Knife","Catalyst","Catalyst","Blur+1","Finesse","Skewer","Footwork+1","Tools of the Trade"],"special_seed":0,"relics":["Ring of the Snake","NeowsBlessing","Gremlin Horn","Centennial Puzzle","Sozu","Singing Bowl","Paper Crane"],"potions_floor_usage":[],"damage_taken":[{"damage":0.0,"enemies":"Jaw Worm","floor":1.0,"turns":1.0},{"damage":0.0,"enemies":"2 Louse","floor":4.0,"turns":1.0},{"damage":0.0,"enemies":"Lagavulin","floor":6.0,"turns":1.0},{"damage":0.0,"enemies":"Cultist","floor":11.0,"turns":4.0},{"damage":20.0,"enemies":"Exordium Thugs","floor":13.0,"turns":7.0},{"damage":0.0,"enemies":"Large Slime","floor":14.0,"turns":6.0},{"damage":13.0,"enemies":"Slime Boss","floor":16.0,"turns":9.0},{"damage":1.0,"enemies":"Chosen","floor":18.0,"turns":5.0},{"damage":9.0,"enemies":"2 Thieves","floor":19.0,"turns":4.0},{"damage":8.0,"enemies":"3 Cultists","floor":20.0,"turns":4.0},{"damage":17,"enemies":"Snecko","floor":22,"turns":6},{"damage":26,"enemies":"Gremlin Leader","floor":24,"turns":6},{"damage":10,"enemies":"Centurion and Healer","floor":25,"turns":7},{"damage":8,"enemies":"Snake Plant","floor":28,"turns":2}],"seed_played":"-8494707825403585824","potions_obtained":[{"floor":4.0,"key":"Strength Potion"},{"floor":11.0,"key":"AttackPotion"},{"floor":16.0,"key":"SteroidPotion"}],"is_trial":false,"path_per_floor":["M","?","?","M","$","E","R","?","T","$","M","R","M","M","R","B",null,"M","M","M","?","M","R","E","M","T","?","M"],"character_chosen":"THE_SILENT","items_purchased":["Backflip","Noxious Fumes"],"campfire_rested":1,"item_purchase_floors":[5,10],"current_hp_per_floor":[70,70,70,70,70,70,70,70,70,70,70,70,50,50,50,37,70,69,60,52,38,21,42,16,6,6,6,0],"gold":382,"neow_bonus":"THREE_ENEMY_KILL","is_prod":false,"is_daily":false,"chose_seed":false,"campfire_upgraded":3,"win_rate":0,"timestamp":1541262954,"path_taken":["M","?","?","?","?","E","R","?","T","$","M","R","M","?","R","BOSS","M","M","M","?","M","R","E","?","T","?","M"],"build_version":"2018-11-01","purchased_purges":0,"victory":false,"max_hp_per_floor":[70,70,70,70,70,70,70,70,70,70,70,70,70,70,70,70,70,70,70,70,70,70,70,70,70,70,70,70],"card_choices":[{"not_picked":["Underhanded Strike","Crippling Poison"],"picked":"Heel Hook","floor":1.0},{"not_picked":["Choke","PiercingWail","Acrobatics"],"picked":"SKIP","floor":4.0},{"not_picked":["Bullet Time","Slice"],"picked":"Dagger Spray","floor":6.0},{"not_picked":["Deflect","Prepared"],"picked":"Noxious Fumes","floor":11.0},{"not_picked":["Outmaneuver","Flying Knee"],"picked":"Deflect","floor":13.0},{"not_picked":["Dodge and Roll","Underhanded Strike","Poisoned Stab"],"picked":"SKIP","floor":14.0},{"not_picked":["Grand Finale","Unload"],"picked":"Glass Knife","floor":16.0},{"not_picked":["Underhanded Strike+1","Dagger Throw"],"picked":"Catalyst","floor":18.0},{"not_picked":["Slice+1","Eviscerate"],"picked":"Catalyst","floor":19.0},{"not_picked":["Flying Knee","Blade Dance"],"picked":"Blur+1","floor":20.0},{"not_picked":["All Out Attack","Noxious Fumes"],"picked":"Skewer","floor":22},{"not_picked":["Backstab+1","Catalyst+1"],"picked":"Footwork+1","floor":24},{"not_picked":["Quick Slash","Underhanded Strike"],"picked":"Tools of the Trade","floor":25}],"player_experience":257284,"relics_obtained":[{"floor":6.0,"key":"Gremlin Horn"},{"floor":9.0,"key":"Centennial Puzzle"},{"floor":24,"key":"Singing Bowl"},{"floor":26,"key":"Paper Crane"}],"event_choices":[{"cards_removed":["Strike_G"],"damage_healed":0.0,"max_hp_gain":0.0,"max_hp_loss":0.0,"gold_gain":0.0,"event_name":"The Cleric","player_choice":"Card Removal","floor":2.0,"gold_loss":50.0,"damage_taken":0.0},{"damage_healed":0.0,"max_hp_gain":0.0,"max_hp_loss":0.0,"gold_gain":0.0,"cards_transformed":["Strike_G"],"event_name":"Transmorgrifier","player_choice":"Transformed","floor":3.0,"gold_loss":0.0,"damage_taken":0.0,"cards_obtained":["Infinite Blades"]},{"damage_healed":0.0,"max_hp_gain":0.0,"max_hp_loss":0.0,"gold_gain":0.0,"event_name":"Upgrade Shrine","player_choice":"Upgraded","floor":8.0,"gold_loss":0.0,"damage_taken":0.0,"cards_upgraded":["Heel Hook"]},{"damage_healed":0.0,"max_hp_gain":0.0,"max_hp_loss":0.0,"gold_gain":0.0,"event_name":"Knowing Skull","player_choice":"CARD ","floor":21.0,"potions_obtained":[],"gold_loss":0.0,"damage_taken":14.0,"cards_obtained":["Finesse"]},{"damage_healed":0,"gold_gain":100,"player_choice":"Pray","damage_taken":0,"max_hp_gain":0,"max_hp_loss":0,"event_name":"Golden Shrine","floor":27,"gold_loss":0}],"is_beta":false,"boss_relics":[{"not_picked":["Busted Crown","White Beast Statue"],"picked":"Sozu"}],"items_purged_floors":[],"is_endless":false,"potions_floor_spawned":[4,11,16,19,22,25],"killed_by":"Snake Plant","ascension_level":0}