{"gold_per_floor":[213,230,249,259,269,601,601,617,617,603,631,631,631,57,57,162,162,172,172,183,31,31,45,45],"floor_reached":24,"playtime":2211,"items_purged":[],"score":210,"play_id":"071f4d1d-78e7-41e1-8f89-88870f30dd15","local_time":"20190302214057","is_ascension_mode":false,"campfire_choices":[{"data":"Bash","floor":7.0,"key":"SMITH"},{"data":"Armaments","floor":15.0,"key":"SMITH"}],"neow_cost":"NONE","seed_source_timestamp":0,"circlet_count":0,"master_deck":["Strike_R","Strike_R","Strike_R","Strike_R","Strike_R","Defend_R","Defend_R","Defend_R","Defend_R","Bash+1","Anger","Iron Wave","Dropkick","Metallicize","Pommel Strike","Juggernaut","Sentinel","Dual Wield+1","Dropkick","Metallicize","Armaments+1","Shrug It Off","Demon Form","Thunderclap","Flex","Seeing Red","Writhe","Pummel+1","Burning Pact"],"special_seed":0,"relics":["Burning Blood","Old Coin","Calipers","Bottled Lightning","Paper Frog","TheAbacus","Pantograph","Black Star","Prayer Wheel","Juzu Bracelet","PreservedInsect"],"potions_floor_usage":[24],"damage_taken":[{"damage":1.0,"enemies":"Jaw Worm","floor":1.0,"turns":3.0},{"damage":1.0,"enemies":"Cultist","floor":2.0,"turns":3.0},{"damage":2.0,"enemies":"Small Slimes","floor":3.0,"turns":3.0},{"damage":3.0,"enemies":"2 Fungi Beasts","floor":4.0,"turns":4.0},{"damage":29.0,"enemies":"Lots of Slimes","floor":5.0,"turns":6.0},{"damage":10.0,"enemies":"Gremlin Nob","floor":6.0,"turns":4.0},{"damage":8.0,"enemies":"Looter","floor":8.0,"turns":4.0},{"damage":7.0,"enemies":"Exordium Thugs","floor":10.0,"turns":4.0},{"damage":24.0,"enemies":"Lagavulin","floor":11.0,"turns":8.0},{"damage":4.0,"enemies":"Hexaghost","floor":16.0,"turns":10.0},{"damage":33.0,"enemies":"2 Thieves","floor":18.0,"turns":5.0},{"damage":9.0,"enemies":"Chosen","floor":20.0,"turns":5.0},{"damage":38.0,"enemies":"Snake Plant","floor":23.0,"turns":5.0},{"damage":25,"enemies":"Sentry and Sphere","floor":24,"turns":3}],"seed_played":"-5668320722473482203","potions_obtained":[{"floor":2.0,"key":"SpeedPotion"},{"floor":8.0,"key":"EssenceOfSteel"},{"floor":16.0,"key":"Strength Potion"},{"floor":18.0,"key":"Dexterity Potion"},{"floor":23.0,"key":"Energy Potion"}],"is_trial":false,"path_per_floor":["M","M","M","M","M","E","R","M","T","M","E","?","?","$","R","B",null,"M","?","M","$","?","M","M"],"character_chosen":"IRONCLAD","items_purchased":["Metallicize","TheAbacus","Pantograph","Armaments","Shrug It Off","Juzu Bracelet"],"campfire_rested":0,"item_purchase_floors":[14,14,14,14,14,21],"current_hp_per_floor":[80,80,80,80,57,53,53,51,51,50,32,20,20,20,20,47,80,53,53,50,50,50,18,0],"gold":45,"neow_bonus":"HUNDRED_GOLD","is_prod":false,"is_daily":false,"chose_seed":false,"campfire_upgraded":2,"win_rate":0.0,"timestamp":1551588057,"path_taken":["M","M","M","M","M","E","R","M","T","M","E","?","?","$","R","BOSS","M","?","M","$","?","M","M"],"build_version":"2019-01-23","purchased_purges":0,"victory":false,"max_hp_per_floor":[80,80,80,80,80,80,80,80,80,80,80,80,80,80,80,80,80,80,80,80,80,80,80,80],"card_choices":[{"not_picked":["Sword Boomerang","Combust"],"picked":"Anger","floor":1.0},{"not_picked":["True Grit","Cleave"],"picked":"Iron Wave","floor":2.0},{"not_picked":["Fire Breathing","Thunderclap"],"picked":"Dropkick","floor":3.0},{"not_picked":["Berserk","Clash"],"picked":"Metallicize","floor":4.0},{"not_picked":["Twin Strike","Flex"],"picked":"Pommel Strike","floor":5.0},{"not_picked":["Body Slam","Heavy Blade"],"picked":"Juggernaut","floor":6.0},{"not_picked":["Second Wind","Clash"],"picked":"Sentinel","floor":8.0},{"not_picked":["Armaments","Anger"],"picked":"Dual Wield","floor":10.0},{"not_picked":["Dual Wield","Iron Wave"],"picked":"Dropkick","floor":11.0},{"not_picked":["Offering","Double Tap"],"picked":"Demon Form","floor":16.0},{"not_picked":["Pommel Strike+1","Armaments"],"picked":"Thunderclap","floor":18.0},{"not_picked":["Shrug It Off","Clash"],"picked":"Flex","floor":20.0},{"not_picked":["Headbutt","Dual Wield"],"picked":"Seeing Red","floor":20.0},{"not_picked":["Perfected Strike","Havoc"],"picked":"Pummel+1","floor":23.0},{"not_picked":["Thunderclap","Searing Blow"],"picked":"Burning Pact","floor":23.0}],"player_experience":46685,"relics_obtained":[{"floor":6.0,"key":"Old Coin"},{"floor":9.0,"key":"Calipers"},{"floor":11.0,"key":"Bottled Lightning"}],"event_choices":[{"damage_healed":0.0,"max_hp_gain":0.0,"max_hp_loss":0.0,"gold_gain":0.0,"event_name":"Scrap Ooze","player_choice":"Success","floor":12.0,"gold_loss":0.0,"damage_taken":12.0,"relics_obtained":["Paper Frog"]},{"damage_healed":0.0,"max_hp_gain":0.0,"max_hp_loss":0.0,"gold_gain":0.0,"event_name":"Accursed Blacksmith","player_choice":"Forge","floor":13.0,"gold_loss":0.0,"damage_taken":0.0,"cards_upgraded":["Dual Wield"]},{"damage_healed":0.0,"max_hp_gain":0.0,"max_hp_loss":0.0,"gold_gain":0.0,"event_name":"WeMeetAgain","player_choice":"Gave Potion","floor":19.0,"gold_loss":0.0,"damage_taken":0.0,"relics_obtained":["Prayer Wheel"]},{"damage_healed":0.0,"max_hp_gain":0.0,"max_hp_loss":0.0,"gold_gain":0.0,"event_name":"The Mausoleum","player_choice":"Opened","floor":22.0,"gold_loss":0.0,"damage_taken":0.0,"relics_obtained":["PreservedInsect"],"cards_obtained":["Writhe"]}],"is_beta":false,"boss_relics":[{"not_picked":["Cursed Key","Runic Cube"],"picked":"Black Star"}],"items_purged_floors":[],"is_endless":false,"potions_floor_spawned":[2,8,16,18,23],"killed_by":"Sentry and Sphere","ascension_level":0}