{"gold_per_floor":[116,130,130,140,13,13,13,40,87,120,120,146,164,192,192,291,291,291],"floor_reached":18,"playtime":2463,"items_purged":["Strike_G"],"score":188,"play_id":"7e30beab-6be5-4a5b-8a6b-29a54994dbc6","local_time":"20180928021532","is_ascension_mode":false,"campfire_choices":[{"data":"Crippling Poison","floor":6,"key":"SMITH"},{"data":"Defend_G","floor":15,"key":"PURGE"}],"neow_cost":"NONE","seed_source_timestamp":36530239806375,"circlet_count":0,"master_deck":["Defend_G","Defend_G+1","Defend_G+1","Strike_G","Strike_G","Strike_G+1","Strike_G","Survivor","Neutralize","Crippling Poison+1","Backstab","Underhanded Strike","Acrobatics","Blur+1","Distraction","Acrobatics","Well Laid Plans","Bullet Time"],"relics":["Ring of the Snake","NeowsBlessing","CultistMask","Oddly Smooth Stone","Ancient Tea Set","Blood Vial","War Paint","Peace Pipe","Eternal Feather"],"potions_floor_usage":[10,12],"damage_taken":[{"damage":0,"enemies":"Small Slimes","floor":1,"turns":1},{"damage":0,"enemies":"Jaw Worm","floor":2,"turns":1},{"damage":0,"enemies":"Cultist","floor":4,"turns":1},{"damage":13,"enemies":"Gremlin Nob","floor":8,"turns":5},{"damage":8,"enemies":"Lagavulin","floor":10,"turns":5},{"damage":12,"enemies":"3 Sentries","floor":12,"turns":10},{"damage":0,"enemies":"Large Slime","floor":13,"turns":6},{"damage":4,"enemies":"Lagavulin","floor":14,"turns":11},{"damage":24,"enemies":"The Guardian","floor":16,"turns":21},{"damage":14,"enemies":"Spheric Guardian","floor":18,"turns":7}],"seed_played":"-4582158431855085267","potions_obtained":[{"floor":1,"key":"Regen Potion"},{"floor":2,"key":"Poison Potion"},{"floor":4,"key":"EssenceOfSteel"},{"floor":14,"key":"Block Potion"}],"is_trial":false,"path_per_floor":["M","M","?","M","$","R","?","E","T","E","?","E","M","E","R","B",null],"character_chosen":"THE_SILENT","items_purchased":["Acrobatics"],"campfire_rested":0,"item_purchase_floors":[5],"current_hp_per_floor":[70,70,63,63,63,63,63,50,50,42,28,33,35,33,33,11,70,56],"gold":291,"neow_bonus":"THREE_ENEMY_KILL","is_prod":false,"is_daily":false,"chose_seed":false,"campfire_upgraded":1,"win_rate":0.0,"timestamp":1538093732,"path_taken":["M","M","?","M","?","R","?","E","T","E","?","E","?","E","R","BOSS","M"],"build_version":"2018-09-20","purchased_purges":1,"victory":false,"max_hp_per_floor":[70,70,70,70,70,70,70,70,70,70,70,70,70,70,70,70,70,70],"card_choices":[{"not_picked":["Dagger Spray","Acrobatics"],"picked":"Crippling Poison","floor":1},{"not_picked":["Distraction","Flying Knee"],"picked":"Backstab","floor":2},{"not_picked":["Poisoned Stab","Deflect"],"picked":"Underhanded Strike","floor":4},{"not_picked":["Reflex","Finisher"],"picked":"Blur","floor":8},{"not_picked":["Deadly Poison","Blade Dance","Flying Knee"],"picked":"SKIP","floor":10},{"not_picked":["Heel Hook","Leg Sweep"],"picked":"Distraction","floor":12},{"not_picked":["Bouncing Flask","Prepared"],"picked":"Acrobatics","floor":13},{"not_picked":["Dodge and Roll","Riddle With Holes"],"picked":"Well Laid Plans","floor":14},{"not_picked":["Venomology","Phantasmal Killer"],"picked":"Bullet Time","floor":16}],"player_experience":16931,"relics_obtained":[{"floor":8,"key":"Oddly Smooth Stone"},{"floor":9,"key":"Ancient Tea Set"},{"floor":10,"key":"Blood Vial"},{"floor":12,"key":"War Paint"},{"floor":14,"key":"Peace Pipe"}],"event_choices":[{"event_name":"Golden Wing","player_choice":"Card Removal","floor":3,"damage_taken":0},{"event_name":"FaceTrader","player_choice":"Trade","floor":7,"damage_taken":0},{"event_name":"Shining Light","player_choice":"Entered Light","floor":11,"damage_taken":0}],"is_beta":false,"boss_relics":[{"not_picked":["Cursed Key","WristBlade"],"picked":"Eternal Feather"}],"items_purged_floors":[5],"is_endless":false,"potions_floor_spawned":[1,2,4,14],"killed_by":"Spheric Guardian","ascension_level":0}