{"gold_per_floor":[109,128,138,62,62,75,113,75,100,100,121,146,170,170,170,289,289,289,214,214,14,14,14,14,14,14,14,14,14,14,14,14,14,14,14,14,14,14,14,14,14,14,14,14,14,14,14,14,14,14],"floor_reached":50,"playtime":5131,"items_purged":[],"score":568,"play_id":"6c152855-07bc-4990-a26f-ce88453d068c","local_time":"20181015004124","is_ascension_mode":true,"campfire_choices":[{"floor":10,"key":"REST"},{"floor":15,"key":"REST"},{"data":"Armaments","floor":24,"key":"SMITH"},{"data":"Sword Boomerang","floor":27,"key":"SMITH"},{"data":"Rage","floor":30,"key":"SMITH"},{"floor":32,"key":"REST"},{"data":"Limit Break","floor":40,"key":"SMITH"},{"data":"Warcry","floor":42,"key":"SMITH"},{"floor":49,"key":"REST"}],"neow_cost":"NONE","seed_source_timestamp":31753759254210,"circlet_count":0,"master_deck":["Strike_R","Strike_R","Strike_R","Strike_R","Defend_R","Defend_R","Defend_R","Defend_R","Bash","Whirlwind","Thunderclap+1","Armaments+1","Headbutt","Spot Weakness","Rage+1","Iron Wave","Cleave","Reaper+1","Flame Barrier","Sword Boomerang+1","Shrug It Off","Inflame","Carnage+1","Warcry+1","Pummel+1","Limit Break+1","Warcry+1","Clothesline+1","Armaments+1","Trip","Warcry+1","Flame Barrier"],"relics":["Burning Blood","Golden Idol","Boot","PreservedInsect","Mango","Ectoplasm","Vajra","Potion Belt","Anchor","Busted Crown","Dead Branch","Whetstone"],"potions_floor_usage":[16,22,36,36,41,45,48,50,50,50,50,50],"damage_taken":[{"damage":6,"enemies":"Jaw Worm","floor":1,"turns":4},{"damage":0,"enemies":"Small Slimes","floor":2,"turns":3},{"damage":2,"enemies":"2 Louse","floor":3,"turns":3},{"damage":10,"enemies":"2 Fungi Beasts","floor":6,"turns":3},{"damage":35,"enemies":"Gremlin Nob","floor":7,"turns":4},{"damage":12,"enemies":"Gremlin Gang","floor":11,"turns":3},{"damage":5,"enemies":"Red Slaver","floor":12,"turns":5},{"damage":6,"enemies":"Looter","floor":13,"turns":4},{"damage":78,"enemies":"The Guardian","floor":16,"turns":12},{"damage":23,"enemies":"Shell Parasite","floor":18,"turns":7},{"damage":20,"enemies":"2 Thieves","floor":19,"turns":5},{"damage":14,"enemies":"Centurion and Healer","floor":22,"turns":5},{"damage":18,"enemies":"Gremlin Leader","floor":23,"turns":4},{"damage":43,"enemies":"Snake Plant","floor":25,"turns":3},{"damage":22,"enemies":"Sentry and Sphere","floor":28,"turns":4},{"damage":17,"enemies":"Centurion and Healer","floor":29,"turns":4},{"damage":14,"enemies":"Snecko","floor":31,"turns":4},{"damage":96,"enemies":"Champ","floor":33,"turns":13},{"damage":1,"enemies":"Orb Walker","floor":35,"turns":3},{"damage":1,"enemies":"Mind Bloom Boss Battle","floor":36,"turns":4},{"damage":10,"enemies":"3 Shapes","floor":37,"turns":5},{"damage":28,"enemies":"Maw","floor":39,"turns":7},{"damage":3,"enemies":"Spire Growth","floor":45,"turns":3},{"damage":0,"enemies":"Transient","floor":46,"turns":5},{"damage":53,"enemies":"Sphere and 2 Shapes","floor":47,"turns":9},{"damage":41,"enemies":"Maw","floor":48,"turns":6},{"damage":96,"enemies":"Time Eater","floor":50,"turns":13}],"seed_played":"8440955905478523758","potions_obtained":[{"floor":3,"key":"Explosive Potion"},{"floor":7,"key":"SteroidPotion"},{"floor":11,"key":"Poison Potion"},{"floor":19,"key":"Fire Potion"},{"floor":23,"key":"Poison Potion"},{"floor":25,"key":"FearPotion"},{"floor":29,"key":"PowerPotion"},{"floor":33,"key":"Block Potion"},{"floor":35,"key":"SkillPotion"},{"floor":39,"key":"PowerPotion"},{"floor":41,"key":"Fruit Juice"},{"floor":41,"key":"Strength Potion"},{"floor":41,"key":"Dexterity Potion"},{"floor":46,"key":"SteroidPotion"},{"floor":48,"key":"SkillPotion"}],"is_trial":false,"path_per_floor":["M","M","M","$","?","M","E","?","T","R","M","M","M","T","R","B",null,"M","M","?","$","M","E","R","M","T","R","M","M","R","M","R","B",null,"M","?","M","$","M","R","?","R","T","?","M","M","M","M","R"],"character_chosen":"IRONCLAD","items_purchased":["Spot Weakness","Vajra","Shrug It Off"],"campfire_rested":4,"item_purchase_floors":[4,21,21],"current_hp_per_floor":[80,80,80,80,60,56,27,27,27,51,45,46,46,60,88,16,94,84,82,82,82,79,83,83,61,61,61,50,53,53,60,88,9,94,94,94,90,90,71,71,76,76,76,76,88,94,54,28,57,0],"gold":14,"neow_bonus":"TRANSFORM_CARD","is_prod":false,"is_daily":false,"chose_seed":false,"campfire_upgraded":5,"win_rate":0,"timestamp":1539556884,"path_taken":["M","M","M","$","?","M","E","?","T","R","?","M","M","?","R","BOSS","M","M","?","?","M","E","R","M","T","R","M","M","R","?","R","BOSS","M","?","M","$","M","R","?","R","T","?","M","M","M","M","R","BOSS"],"build_version":"2018-10-04","purchased_purges":0,"victory":false,"max_hp_per_floor":[80,80,80,80,80,80,80,80,80,80,80,80,80,94,94,94,94,94,94,94,94,94,94,94,94,94,94,94,94,94,94,94,94,94,94,94,94,94,94,94,99,99,99,99,99,99,99,99,99,99],"card_choices":[{"not_picked":["Clash","Iron Wave"],"picked":"Thunderclap","floor":1},{"not_picked":["Havoc","Wild Strike"],"picked":"Armaments","floor":2},{"not_picked":["Reckless Charge","Second Wind"],"picked":"Headbutt","floor":3},{"not_picked":["Rupture","Anger","Body Slam"],"picked":"SKIP","floor":6},{"not_picked":["Bludgeon","Dual Wield"],"picked":"Rage","floor":7},{"not_picked":["Rupture","Anger"],"picked":"Iron Wave","floor":11},{"not_picked":["Body Slam","Fire Breathing"],"picked":"Cleave","floor":12},{"not_picked":["Whirlwind","Body Slam","Entrench"],"picked":"SKIP","floor":13},{"not_picked":["Bludgeon","Juggernaut"],"picked":"Reaper","floor":16},{"not_picked":["Armaments","Clothesline+1"],"picked":"Flame Barrier","floor":18},{"not_picked":["Wild Strike+1","Metallicize"],"picked":"Sword Boomerang","floor":19},{"not_picked":["Entrench+1","Seeing Red"],"picked":"Inflame","floor":22},{"not_picked":["Reckless Charge","Clash"],"picked":"Carnage+1","floor":23},{"not_picked":["Havoc","Rage"],"picked":"Warcry","floor":25},{"not_picked":["Rampage","Uppercut","Headbutt"],"picked":"SKIP","floor":28},{"not_picked":["Bludgeon","Armaments"],"picked":"Pummel+1","floor":29},{"not_picked":["Body Slam","Spot Weakness","Perfected Strike+1"],"picked":"SKIP","floor":31},{"not_picked":["Reaper","Bludgeon"],"picked":"Limit Break","floor":33},{"not_picked":[],"picked":"Warcry+1","floor":35},{"not_picked":[],"picked":"Clothesline+1","floor":36},{"not_picked":[],"picked":"Armaments+1","floor":37},{"not_picked":["Clash"],"picked":"SKIP","floor":39},{"not_picked":[],"picked":"Trip","floor":44},{"not_picked":[],"picked":"Warcry+1","floor":45},{"not_picked":["Carnage"],"picked":"SKIP","floor":46},{"not_picked":["Thunderclap+1"],"picked":"SKIP","floor":47},{"not_picked":[],"picked":"Flame Barrier","floor":48}],"player_experience":169280,"relics_obtained":[{"floor":7,"key":"Boot"},{"floor":9,"key":"PreservedInsect"},{"floor":14,"key":"Mango"},{"floor":23,"key":"Potion Belt"},{"floor":26,"key":"Anchor"},{"floor":36,"key":"Dead Branch"},{"floor":43,"key":"Whetstone"}],"event_choices":[{"event_name":"Golden Idol","player_choice":"Take Damage","floor":5,"damage_taken":0},{"event_name":"World of Goop","player_choice":"Left","floor":8,"damage_taken":0},{"event_name":"The Woman in Blue","player_choice":"Bought 0 Potions","floor":20,"damage_taken":0},{"event_name":"MindBloom","player_choice":"Fight","floor":36,"damage_taken":0},{"event_name":"The Lab","player_choice":"Got Potions","floor":41,"damage_taken":0},{"event_name":"SensoryStone","player_choice":"Memory 1","floor":44,"damage_taken":0}],"is_beta":false,"boss_relics":[{"not_picked":["Runic Pyramid","Cursed Key"],"picked":"Ectoplasm"},{"not_picked":["Coffee Dripper","Eternal Feather"],"picked":"Busted Crown"}],"items_purged_floors":[],"is_endless":false,"potions_floor_spawned":[3,7,11,19,23,25,29,33,35,39,46,48],"killed_by":"Time Eater","ascension_level":3}