{"gold_per_floor":[114,134,134,144,159,159,234,234,315,328,328,363,287,299,299,394,394,410,410,421,200,200,200],"floor_reached":23,"playtime":816,"items_purged":[],"score":306,"play_id":"1ccf239c-73b4-4b25-b7be-ae86fdda6136","local_time":"20190303194838","is_ascension_mode":true,"campfire_choices":[{"data":"Dualcast","floor":6,"key":"SMITH"},{"data":"Barrage","floor":8,"key":"SMITH"},{"data":"Turbo","floor":11,"key":"SMITH"},{"data":"Defragment","floor":15,"key":"SMITH"}],"neow_cost":"NONE","seed_source_timestamp":19080158482934,"circlet_count":0,"master_deck":["AscendersBane","Strike_B","Strike_B","Strike_B","Strike_B","Defend_B","Defend_B","Defend_B","Defend_B","Zap+1","Dualcast+1","Redo","Turbo+1","Ball Lightning","Barrage+1","Hologram","Rip and Tear","Defragment+1","Gash","Creative AI","Gash","Steam","All For One","Chill"],"relics":["Cracked Core","Bottled Flame","Oddly Smooth Stone","Fusion Hammer"],"potions_floor_usage":[14,23],"damage_taken":[{"damage":3,"enemies":"2 Louse","floor":1,"turns":3},{"damage":3,"enemies":"Small Slimes","floor":2,"turns":2},{"damage":6,"enemies":"Cultist","floor":4,"turns":4},{"damage":12,"enemies":"2 Fungi Beasts","floor":5,"turns":3},{"damage":6,"enemies":"Looter","floor":10,"turns":2},{"damage":18,"enemies":"Gremlin Nob","floor":12,"turns":3},{"damage":3,"enemies":"Exordium Thugs","floor":14,"turns":3},{"damage":8,"enemies":"Slime Boss","floor":16,"turns":7},{"damage":39,"enemies":"Shell Parasite","floor":18,"turns":5},{"damage":15,"enemies":"3 Byrds","floor":20,"turns":4},{"damage":40,"enemies":"Gremlin Leader","floor":23,"turns":6}],"seed_played":"-4257644412609416611","potions_obtained":[{"floor":1,"key":"Block Potion"},{"floor":5,"key":"Ancient Potion"},{"floor":14,"key":"Poison Potion"}],"is_trial":false,"path_per_floor":["M","M","?","M","M","R","?","R","T","M","R","E","$","M","R","B",null,"M","?","M","$","?","E"],"character_chosen":"DEFECT","items_purchased":["Defragment","All For One","Chill"],"campfire_rested":0,"item_purchase_floors":[13,21,21],"current_hp_per_floor":[65,62,75,69,57,57,50,50,50,44,44,26,26,23,23,15,60,21,46,31,31,31,0],"gold":200,"neow_bonus":"UPGRADE_CARD","is_prod":false,"is_daily":false,"chose_seed":false,"campfire_upgraded":4,"win_rate":0,"timestamp":1551638918,"path_taken":["M","M","?","M","M","R","?","R","T","M","R","E","$","?","R","BOSS","M","?","M","$","?","E"],"build_version":"2019-01-23","purchased_purges":0,"victory":false,"max_hp_per_floor":[75,75,75,75,75,75,75,75,75,75,75,75,75,75,75,75,75,75,75,75,75,75,75],"card_choices":[{"not_picked":["Sunder","Beam Cell"],"picked":"Redo","floor":1},{"not_picked":["Static Discharge","Barrage"],"picked":"Turbo","floor":2},{"not_picked":["Beam Cell","Amplify"],"picked":"Ball Lightning","floor":4},{"not_picked":["Double Energy","Beam Cell"],"picked":"Barrage","floor":5},{"not_picked":["Darkness","Aggregate"],"picked":"Hologram","floor":10},{"not_picked":["Turbo","Recycle"],"picked":"Rip and Tear","floor":12},{"not_picked":["Turbo","Reinforced Body"],"picked":"Gash","floor":14},{"not_picked":["Core Surge","Multi-Cast"],"picked":"Creative AI","floor":16},{"not_picked":["Hello World","Leap"],"picked":"Gash","floor":18},{"not_picked":["Turbo","Conserve Battery"],"picked":"Steam","floor":20}],"player_experience":836438,"relics_obtained":[{"floor":9,"key":"Bottled Flame"},{"floor":12,"key":"Oddly Smooth Stone"}],"event_choices":[{"damage_healed":25,"gold_gain":0,"player_choice":"Banana","damage_taken":0,"max_hp_gain":0,"max_hp_loss":0,"event_name":"Big Fish","floor":3,"gold_loss":0},{"damage_healed":0,"gold_gain":75,"player_choice":"Touch","damage_taken":7,"max_hp_gain":0,"max_hp_loss":0,"event_name":"FaceTrader","floor":7,"gold_loss":0},{"damage_healed":25,"gold_gain":0,"player_choice":"Heal","damage_taken":0,"max_hp_gain":0,"max_hp_loss":0,"event_name":"The Library","floor":19,"gold_loss":0},{"damage_healed":0,"gold_gain":0,"player_choice":"Ignored","damage_taken":0,"max_hp_gain":0,"max_hp_loss":0,"event_name":"Vampires","floor":22,"gold_loss":0}],"is_beta":false,"boss_relics":[{"not_picked":["Eternal Feather","FrozenCore"],"picked":"Fusion Hammer"}],"items_purged_floors":[],"is_endless":false,"potions_floor_spawned":[1,5,14,18],"killed_by":"Gremlin Leader","ascension_level":12}