{"gold_per_floor":[116,136,136,68,80,80,95,95,144,163,138,165,184,184,184,282,282,282,282,282,18,18,18,18,18,18,18,18,18,18,18,18,18],"floor_reached":33,"playtime":1916,"items_purged":["Writhe"],"score":387,"play_id":"24861f05-a0c9-4f7e-b7cf-7865bf5b0f9c","local_time":"20181024041728","is_ascension_mode":true,"campfire_choices":[{"data":"Uppercut","floor":6,"key":"SMITH"},{"data":"Flame Barrier","floor":8,"key":"SMITH"},{"floor":15,"key":"REST"},{"data":"Apotheosis","floor":23,"key":"SMITH"},{"floor":27,"key":"REST"},{"floor":32,"key":"REST"}],"neow_cost":"","seed_source_timestamp":46545376743883,"circlet_count":0,"master_deck":["Strike_R","Strike_R","Strike_R","Strike_R","Strike_R","Defend_R","Defend_R","Defend_R","Defend_R","Bash","Armaments+1","Flame Barrier+1","Uppercut+1","Sword Boomerang","Reckless Charge","Headbutt","Inflame","Flex","Bludgeon","Wild Strike","Apotheosis+1","Spot Weakness","True Grit","RitualDagger","True Grit+1"],"relics":["Burning Blood","Art of War","Anchor","Self Forming Clay","Ectoplasm","Strawberry","Oddly Smooth Stone","Omamori","Bag of Marbles"],"potions_floor_usage":[7,13,25,33],"damage_taken":[{"damage":10,"enemies":"Cultist","floor":1,"turns":5},{"damage":12,"enemies":"Small Slimes","floor":2,"turns":4},{"damage":3,"enemies":"2 Louse","floor":5,"turns":3},{"damage":1,"enemies":"2 Fungi Beasts","floor":7,"turns":5},{"damage":4,"enemies":"Blue Slaver","floor":10,"turns":4},{"damage":19,"enemies":"3 Sentries","floor":12,"turns":8},{"damage":11,"enemies":"Gremlin Gang","floor":13,"turns":4},{"damage":65,"enemies":"Slime Boss","floor":16,"turns":11},{"damage":21,"enemies":"3 Byrds","floor":18,"turns":6},{"damage":10,"enemies":"Spheric Guardian","floor":22,"turns":4},{"damage":21,"enemies":"Snake Plant","floor":24,"turns":4},{"damage":36,"enemies":"Slavers","floor":25,"turns":6},{"damage":30,"enemies":"Shelled Parasite and Fungi","floor":30,"turns":6},{"damage":0,"enemies":"Snecko","floor":31,"turns":3},{"damage":85,"enemies":"Automaton","floor":33,"turns":10}],"seed_played":"-114905479239226009","potions_obtained":[{"floor":2,"key":"Ancient Potion"},{"floor":5,"key":"SkillPotion"},{"floor":7,"key":"Weak Potion"},{"floor":16,"key":"Strength Potion"},{"floor":18,"key":"Poison Potion"},{"floor":25,"key":"FairyPotion"}],"is_trial":false,"path_per_floor":["M","M","?","$","M","R","M","R","T","M","?","E","M","?","R","B",null,"M","?","?","$","M","R","M","E","T","R","?","?","M","M","R"],"character_chosen":"IRONCLAD","items_purchased":["Uppercut","Apotheosis"],"campfire_rested":3,"item_purchase_floors":[4,21],"current_hp_per_floor":[68,62,62,62,65,65,70,70,70,72,72,59,54,47,71,12,63,48,74,81,81,77,77,62,32,32,58,52,52,28,34,60,0],"gold":18,"neow_bonus":"","is_prod":false,"is_daily":false,"chose_seed":false,"campfire_upgraded":3,"win_rate":0,"timestamp":1540347448,"path_taken":["M","?","?","$","M","R","M","R","T","M","?","E","?","?","R","BOSS","M","?","?","$","M","R","M","E","T","R","?","?","M","M","R","BOSS"],"build_version":"2018-10-11","purchased_purges":1,"victory":false,"max_hp_per_floor":[80,80,80,80,80,80,80,80,80,80,80,80,80,80,80,80,80,80,80,87,87,87,87,87,87,87,87,87,87,87,87,87,87],"card_choices":[{"not_picked":["Thunderclap","Headbutt"],"picked":"Armaments","floor":1},{"not_picked":["Clothesline","Corruption"],"picked":"Flame Barrier","floor":2},{"not_picked":["Heavy Blade","Perfected Strike"],"picked":"Sword Boomerang","floor":5},{"not_picked":["Bloodletting","Searing Blow"],"picked":"Reckless Charge","floor":7},{"not_picked":["Flex","Anger"],"picked":"Headbutt","floor":10},{"not_picked":["Ghostly Armor","Perfected Strike"],"picked":"Inflame","floor":12},{"not_picked":["Thunderclap","Armaments"],"picked":"Flex","floor":13},{"not_picked":["Demon Form","Impervious"],"picked":"Bludgeon","floor":16},{"not_picked":["Rage","Bloodletting"],"picked":"Wild Strike","floor":18},{"not_picked":["Uppercut+1","Headbutt"],"picked":"Spot Weakness","floor":22},{"not_picked":["Wild Strike","Combust","Havoc"],"picked":"SKIP","floor":24},{"not_picked":["Rage","Combust"],"picked":"True Grit","floor":25},{"not_picked":["Heavy Blade","Second Wind","Sword Boomerang"],"picked":"SKIP","floor":30},{"not_picked":["Twin Strike","Reckless Charge+1"],"picked":"True Grit+1","floor":31}],"player_experience":212637,"relics_obtained":[{"floor":9,"key":"Art of War"},{"floor":12,"key":"Anchor"},{"floor":25,"key":"Oddly Smooth Stone"},{"floor":26,"key":"Omamori"}],"event_choices":[{"event_name":"Living Wall","player_choice":"Grow","floor":3,"damage_taken":0},{"event_name":"World of Goop","player_choice":"Left","floor":11,"damage_taken":0},{"event_name":"Scrap Ooze","player_choice":"success","floor":14,"damage_taken":7},{"event_name":"The Library","player_choice":"Heal","floor":19,"damage_taken":0},{"event_name":"The Mausoleum","player_choice":"Yes","floor":20,"damage_taken":0},{"event_name":"Nest","player_choice":"Joined the Cult","floor":28,"damage_taken":0},{"event_name":"Addict","player_choice":"Stole Relic","floor":29,"damage_taken":0}],"is_beta":false,"boss_relics":[{"not_picked":["Black Star","Runic Dome"],"picked":"Ectoplasm"}],"items_purged_floors":[21],"is_endless":false,"potions_floor_spawned":[2,5,7,16,18,25],"killed_by":"Automaton","ascension_level":9}