{"gold_per_floor":[117,117,135,135,146,171,171,171,171,171,501,6,36,5,5,109,109,49,49,49,49,49,49,49,49,49,49,49,49,49,49,49,49,49,49,49,49,49,49,49,49,49,49,49,49,49,49,49,49,49],"floor_reached":51,"playtime":2093,"items_purged":["Strike_B"],"score":1675,"play_id":"5d343146-6267-494b-b10a-edd77c698b64","local_time":"20190303114853","is_ascension_mode":true,"campfire_choices":[{"floor":8,"key":"REST"},{"data":"Beam Cell","floor":10,"key":"SMITH"},{"floor":15,"key":"REST"},{"data":"Go for the Eyes","floor":23,"key":"SMITH"},{"floor":27,"key":"REST"},{"data":"Coolheaded","floor":32,"key":"SMITH"},{"floor":45,"key":"REST"},{"floor":49,"key":"RECALL"}],"neow_cost":"NONE","seed_source_timestamp":76405038581978,"circlet_count":0,"master_deck":["AscendersBane","Strike_B+1","Strike_B+1","Strike_B+1","Defend_B+1","Defend_B+1","Defend_B+1","Defend_B+1","Zap+1","Dualcast+1","Chill+1","Rebound+1","Beam Cell+1","Sunder+1","Fission+1","Defragment+1","Cold Snap+1","Doom and Gloom+1","Static Discharge+1","Buffer+1","Coolheaded+1","Redo+1","Go for the Eyes+1","Sweeping Beam+1","Stack+1","Ghostly+1","Ghostly+1","Ghostly+1","Ghostly+1","Ghostly+1","Gash+1","Biased Cognition+1","Electrodynamics+1","Skim+1","Steam+1","Turbo+1","Go for the Eyes+1","Heatsinks+1","Coolheaded+1","Capacitor+1","Buffer+1"],"relics":["Cracked Core","Omamori","Frozen Egg 2","Ice Cream","Old Coin","War Paint","Mummified Hand","Ectoplasm","Tiny Chest","Bronze Scales","Letter Opener","Sundial","Anchor","Regal Pillow","Black Star","Centennial Puzzle","Mark of the Bloom","Question Card","Toxic Egg 2","Smiling Mask","Singing Bowl","Symbiotic Virus","Mercury Hourglass","Pocketwatch","Dodecahedron","MawBank"],"potions_floor_usage":[6,6,6,16,33,41,50,50],"damage_taken":[{"damage":0,"enemies":"2 Louse","floor":1,"turns":2},{"damage":11,"enemies":"Jaw Worm","floor":3,"turns":4},{"damage":6,"enemies":"Small Slimes","floor":5,"turns":2},{"damage":26,"enemies":"3 Sentries","floor":6,"turns":7},{"damage":26,"enemies":"Lagavulin","floor":11,"turns":4},{"damage":7,"enemies":"Gremlin Nob","floor":13,"turns":3},{"damage":21,"enemies":"The Guardian","floor":16,"turns":7},{"damage":17,"enemies":"2 Thieves","floor":18,"turns":4},{"damage":0,"enemies":"Spheric Guardian","floor":19,"turns":4},{"damage":0,"enemies":"3 Cultists","floor":21,"turns":6},{"damage":10,"enemies":"Gremlin Leader","floor":24,"turns":6},{"damage":0,"enemies":"Chosen and Byrds","floor":25,"turns":6},{"damage":0,"enemies":"Slavers","floor":29,"turns":4},{"damage":0,"enemies":"Gremlin Leader","floor":31,"turns":6},{"damage":0,"enemies":"Collector","floor":33,"turns":10},{"damage":7,"enemies":"3 Shapes","floor":35,"turns":5},{"damage":0,"enemies":"Orb Walker","floor":37,"turns":3},{"damage":3,"enemies":"Sphere and 2 Shapes","floor":38,"turns":3},{"damage":0,"enemies":"Giant Head","floor":40,"turns":11},{"damage":0,"enemies":"Maw","floor":41,"turns":6},{"damage":0,"enemies":"Reptomancer","floor":42,"turns":7},{"damage":0,"enemies":"Jaw Worm Horde","floor":46,"turns":1},{"damage":0,"enemies":"2 Orb Walkers","floor":47,"turns":3},{"damage":0,"enemies":"Giant Head","floor":48,"turns":9},{"damage":0,"enemies":"Awakened One","floor":50,"turns":12}],"seed_played":"-3986226173341059463","potions_obtained":[{"floor":1,"key":"EntropicBrew"},{"floor":21,"key":"LiquidBronze"},{"floor":31,"key":"SkillPotion"},{"floor":33,"key":"Block Potion"},{"floor":42,"key":"AttackPotion"},{"floor":46,"key":"Block Potion"}],"is_trial":false,"path_per_floor":["M","?","M","T","M","E","?","R","T","R","E","$","E","?","R","B",null,"M","M","?","M","?","R","E","M","T","R","?","E","T","E","R","B",null,"M","T","M","M","?","E","M","E","T","T","R","M","?","E","R","B",null],"character_chosen":"DEFECT","items_purchased":["Defragment+1","War Paint","Cold Snap","Doom and Gloom","Explosive Potion","Dexterity Potion"],"campfire_rested":4,"item_purchase_floors":[12,12,12,12,12,12],"current_hp_per_floor":[68,68,57,57,51,25,25,47,47,47,21,21,14,14,36,15,60,43,43,43,43,43,43,33,33,33,55,37,37,37,37,37,37,37,30,30,30,27,27,27,27,27,27,27,27,27,27,27,27,27],"gold":49,"neow_bonus":"UPGRADE_CARD","is_prod":false,"is_daily":false,"chose_seed":false,"campfire_upgraded":3,"win_rate":0,"timestamp":1551610133,"path_taken":["M","?","M","?","M","E","?","R","T","R","E","$","E","?","R","BOSS","M","M","?","?","?","R","E","M","T","R","?","E","?","E","R","BOSS","M","?","M","M","?","E","M","E","T","?","R","?","?","E","R","BOSS"],"build_version":"2019-01-23","purchased_purges":1,"victory":true,"max_hp_per_floor":[75,75,75,75,75,75,75,75,75,75,75,75,75,75,75,75,75,75,75,75,75,75,75,75,75,75,75,37,37,37,37,37,37,37,37,37,37,37,37,37,37,37,37,37,37,37,37,39,39,39],"card_choices":[{"not_picked":["Fusion","Undo"],"picked":"Chill","floor":1},{"not_picked":["Tempest","Barrage"],"picked":"Rebound","floor":3},{"not_picked":["Fusion","Lockon"],"picked":"Beam Cell","floor":5},{"not_picked":["Rebound","Stack"],"picked":"Sunder","floor":6},{"not_picked":["Cold Snap","Aggregate"],"picked":"Fission","floor":11},{"not_picked":["Turbo","Steam"],"picked":"Static Discharge+1","floor":13},{"not_picked":["Reboot","Thunder Strike"],"picked":"Buffer+1","floor":16},{"not_picked":["Barrage","Reinforced Body+1"],"picked":"Coolheaded","floor":18},{"not_picked":["Hologram","Compile Driver"],"picked":"Redo+1","floor":19},{"not_picked":["Reinforced Body","Genetic Algorithm"],"picked":"Go for the Eyes","floor":21},{"not_picked":["Streamline","Static Discharge+1"],"picked":"Sweeping Beam+1","floor":24},{"not_picked":["Sweeping Beam","Conserve Battery"],"picked":"Stack+1","floor":25},{"not_picked":["Coolheaded","Rainbow"],"picked":"Gash+1","floor":29},{"not_picked":["Cold Snap","Redo"],"picked":"Biased Cognition+1","floor":31},{"not_picked":["Rainbow","Multi-Cast"],"picked":"Electrodynamics+1","floor":33},{"not_picked":["Leap","Steam+1"],"picked":"Skim+1","floor":35},{"not_picked":["Blizzard+1","Rebound+1"],"picked":"Steam+1","floor":37},{"not_picked":["Streamline+1","Redo+1"],"picked":"Turbo+1","floor":38},{"not_picked":["Steam+1","Blizzard"],"picked":"Go for the Eyes+1","floor":40},{"not_picked":["Electrodynamics+1","Doom and Gloom+1","Steam+1"],"picked":"Heatsinks+1","floor":41},{"not_picked":["Barrage+1","Stack+1","Ball Lightning+1"],"picked":"Coolheaded+1","floor":42},{"not_picked":["Rip and Tear+1","Go for the Eyes+1","Glacier+1"],"picked":"Capacitor+1","floor":46},{"not_picked":["White Noise+1","Barrage+1","Storm+1"],"picked":"Buffer+1","floor":47},{"not_picked":["Sweeping Beam","Ball Lightning","Thunder Strike","Stack+1"],"picked":"Singing Bowl","floor":48}],"player_experience":833171,"relics_obtained":[{"floor":4,"key":"Omamori"},{"floor":6,"key":"Frozen Egg 2"},{"floor":9,"key":"Ice Cream"},{"floor":11,"key":"Old Coin"},{"floor":13,"key":"Mummified Hand"},{"floor":24,"key":"Bronze Scales"},{"floor":26,"key":"Letter Opener"},{"floor":29,"key":"Sundial"},{"floor":30,"key":"Anchor"},{"floor":31,"key":"Regal Pillow"},{"floor":36,"key":"Centennial Puzzle"},{"floor":40,"key":"Question Card"},{"floor":40,"key":"Toxic Egg 2"},{"floor":42,"key":"Smiling Mask"},{"floor":42,"key":"Singing Bowl"},{"floor":43,"key":"Symbiotic Virus"},{"floor":44,"key":"Mercury Hourglass"},{"floor":47,"key":"Pocketwatch"},{"floor":48,"key":"Dodecahedron"},{"floor":48,"key":"MawBank"}],"event_choices":[{"damage_healed":0,"gold_gain":0,"player_choice":"Grow","damage_taken":0,"max_hp_gain":0,"max_hp_loss":0,"event_name":"Living Wall","floor":2,"gold_loss":0,"cards_upgraded":["Dualcast"]},{"damage_healed":0,"gold_gain":0,"player_choice":"Ignored","damage_taken":0,"max_hp_gain":0,"max_hp_loss":0,"event_name":"Shining Light","floor":7,"gold_loss":0},{"damage_healed":0,"gold_gain":0,"player_choice":"Left Gold","damage_taken":0,"max_hp_gain":0,"max_hp_loss":0,"event_name":"World of Goop","floor":14,"gold_loss":31},{"damage_healed":0,"gold_gain":100,"player_choice":"Pray","damage_taken":0,"max_hp_gain":0,"max_hp_loss":0,"event_name":"Golden Shrine","floor":20,"gold_loss":0},{"damage_healed":0,"gold_gain":0,"player_choice":"Opened","damage_taken":0,"relics_obtained":["Tiny Chest"],"max_hp_gain":0,"max_hp_loss":0,"event_name":"The Mausoleum","floor":22,"gold_loss":0},{"damage_healed":0,"gold_gain":0,"player_choice":"Became a Ghost","damage_taken":0,"max_hp_gain":0,"max_hp_loss":38,"event_name":"Ghosts","floor":28,"gold_loss":0,"cards_obtained":["Ghostly","Ghostly","Ghostly","Ghostly","Ghostly"]},{"damage_healed":0,"gold_gain":0,"player_choice":"Upgrade","damage_taken":0,"relics_obtained":["Mark of the Bloom"],"max_hp_gain":0,"max_hp_loss":0,"event_name":"MindBloom","floor":39,"gold_loss":0,"cards_upgraded":["Strike_B","Strike_B","Strike_B","Defend_B","Defend_B","Defend_B","Defend_B","Rebound","Sunder","Cold Snap","Doom and Gloom","Ghostly","Ghostly","Ghostly","Ghostly","Ghostly"]},{"damage_healed":0,"gold_gain":0,"player_choice":"Fight","damage_taken":0,"max_hp_gain":0,"max_hp_loss":0,"event_name":"Mysterious Sphere","floor":47,"gold_loss":0}],"is_beta":false,"boss_relics":[{"not_picked":["Runic Pyramid","Empty Cage"],"picked":"Ectoplasm"},{"not_picked":["Sozu","Tiny House"],"picked":"Black Star"}],"items_purged_floors":[12],"is_endless":false,"potions_floor_spawned":[1,13,21,29,31,33,42,46,48],"ascension_level":11}