{"gold_per_floor":[115,131,131,131,21,21,51,70,70,84,84,103,103,28,28,28],"floor_reached":16,"playtime":620,"items_purged":["Strike_G"],"score":135,"play_id":"d2683a0d-2c3e-4aff-90df-b15044ac7913","local_time":"20190104184920","is_ascension_mode":true,"campfire_choices":[{"data":"Footwork","floor":6.0,"key":"SMITH"},{"data":"Bouncing Flask","floor":11,"key":"SMITH"},{"floor":13,"key":"REST"},{"data":"Caltrops","floor":15,"key":"SMITH"}],"neow_cost":"NONE","seed_source_timestamp":239588951037896,"circlet_count":0,"master_deck":["Defend_G","Defend_G","Defend_G","Defend_G","Defend_G","Strike_G","Strike_G","Strike_G","Strike_G","Survivor","Neutralize+1","Deflect","Footwork+1","Predator","Deflect","Bouncing Flask+1","Caltrops+1"],"special_seed":0,"relics":["Ring of the Snake","Ginger","Torii"],"potions_floor_usage":[12,12,16,16],"damage_taken":[{"damage":4.0,"enemies":"Cultist","floor":1.0,"turns":4.0},{"damage":0.0,"enemies":"2 Louse","floor":2.0,"turns":3.0},{"damage":29.0,"enemies":"Gremlin Nob","floor":7.0,"turns":6.0},{"damage":0,"enemies":"Jaw Worm","floor":8,"turns":5},{"damage":1,"enemies":"Large Slime","floor":10,"turns":9},{"damage":9,"enemies":"Exordium Wildlife","floor":12,"turns":5},{"damage":61,"enemies":"Slime Boss","floor":16,"turns":11}],"seed_played":"6566782685754247455","potions_obtained":[{"floor":1.0,"key":"Explosive Potion"},{"floor":8,"key":"EntropicBrew"},{"floor":10,"key":"Strength Potion"}],"is_trial":false,"path_per_floor":["M","M","?","?","$","R","E","M","T","M","R","M","R","$","R","B"],"character_chosen":"THE_SILENT","items_purchased":["Footwork","Predator"],"campfire_rested":1,"item_purchase_floors":[5,5],"current_hp_per_floor":[59,59,70,70,70,70,41,41,41,40,40,31,52,52,52,0],"gold":28,"neow_bonus":"UPGRADE_CARD","is_prod":false,"is_daily":false,"chose_seed":false,"campfire_upgraded":3,"win_rate":0,"timestamp":1546624160,"path_taken":["M","M","?","?","$","R","E","M","T","M","R","M","R","?","R","BOSS"],"build_version":"2019-01-03v3","purchased_purges":1,"victory":false,"max_hp_per_floor":[70,70,70,70,70,70,70,70,70,70,70,70,70,70,70,70],"card_choices":[{"not_picked":["Accuracy","Reflex","Outmaneuver"],"picked":"SKIP","floor":1.0},{"not_picked":["Dagger Throw","Tactician"],"picked":"Deflect","floor":2.0},{"not_picked":["Slice","Calculated Gamble"],"picked":"Deflect","floor":7.0},{"not_picked":["Reflex","Quick Slash"],"picked":"Bouncing Flask","floor":8},{"not_picked":["Terror","Acrobatics"],"picked":"Caltrops","floor":10},{"not_picked":["Calculated Gamble","Blade Dance","Predator"],"picked":"SKIP","floor":12}],"player_experience":473647,"relics_obtained":[{"floor":7.0,"key":"Ginger"},{"floor":9,"key":"Torii"}],"event_choices":[{"damage_healed":23.0,"max_hp_gain":0.0,"max_hp_loss":0.0,"gold_gain":0.0,"event_name":"Big Fish","player_choice":"Banana","floor":3.0,"gold_loss":0.0,"damage_taken":0.0},{"damage_healed":0.0,"max_hp_gain":0.0,"max_hp_loss":0.0,"gold_gain":0.0,"event_name":"Liars Game","player_choice":"Ignored","floor":4.0,"gold_loss":0.0,"damage_taken":0.0}],"is_beta":false,"boss_relics":[],"items_purged_floors":[14],"is_endless":false,"potions_floor_spawned":[1,8,10],"killed_by":"Slime Boss","ascension_level":7}