{"gold_per_floor":[210,57,68,86,36,65,65,95,95,95,107,107,107,133,133,133],"floor_reached":16,"playtime":611,"items_purged":["Strike_R"],"score":108,"play_id":"a13adc5e-cacd-4997-91f4-75bbda39d3ba","local_time":"20181103134229","is_ascension_mode":false,"campfire_choices":[{"data":"Bash","floor":7,"key":"SMITH"},{"data":"Seeing Red","floor":10,"key":"SMITH"},{"data":"Clothesline","floor":12,"key":"SMITH"},{"data":"Inflame","floor":15,"key":"SMITH"}],"neow_cost":"NONE","seed_source_timestamp":1441075890220105,"circlet_count":0,"master_deck":["Strike_R","Strike_R","Strike_R","Defend_R","Defend_R","Defend_R","Defend_R","Bash+1","Seeing Red+1","Inflame+1","Warcry","Iron Wave","Anger","Clothesline+1","Anger","Immolate"],"relics":["Burning Blood","Shuriken","Odd Mushroom","Gambling Chip","Orichalcum"],"potions_floor_usage":[6,6,16],"damage_taken":[{"damage":6,"enemies":"Cultist","floor":1,"turns":4},{"damage":3,"enemies":"2 Louse","floor":3,"turns":4},{"damage":5,"enemies":"Small Slimes","floor":4,"turns":3},{"damage":26,"enemies":"Lagavulin","floor":6,"turns":8},{"damage":30,"enemies":"The Mushroom Lair","floor":8,"turns":4},{"damage":0,"enemies":"Looter","floor":11,"turns":2},{"damage":7,"enemies":"Gremlin Nob","floor":14,"turns":4},{"damage":43,"enemies":"The Guardian","floor":16,"turns":8}],"seed_played":"792587568059414289","potions_obtained":[{"floor":1,"key":"AttackPotion"},{"floor":3,"key":"SkillPotion"},{"floor":4,"key":"FearPotion"},{"floor":14,"key":"Dexterity Potion"}],"is_trial":false,"path_per_floor":["M","$","M","M","?","E","R","?","T","R","M","R","$","E","R","B"],"character_chosen":"IRONCLAD","items_purchased":["Inflame"],"campfire_rested":0,"item_purchase_floors":[2],"current_hp_per_floor":[80,80,80,80,80,60,60,36,36,36,42,42,42,41,41,0],"gold":133,"neow_bonus":"HUNDRED_GOLD","is_prod":false,"is_daily":false,"chose_seed":false,"campfire_upgraded":4,"win_rate":0,"timestamp":1541248949,"path_taken":["M","$","?","M","?","E","R","?","T","R","M","R","$","E","R","BOSS"],"build_version":"2018-11-01","purchased_purges":1,"victory":false,"max_hp_per_floor":[80,80,80,80,80,80,80,80,80,80,80,80,80,80,80,80],"card_choices":[{"not_picked":["Armaments","Anger"],"picked":"Seeing Red","floor":1},{"not_picked":["Dual Wield","Body Slam"],"picked":"Warcry","floor":3},{"not_picked":["Feel No Pain","Shrug It Off"],"picked":"Iron Wave","floor":4},{"not_picked":["Searing Blow","Carnage"],"picked":"Anger","floor":6},{"not_picked":["Sentinel","Perfected Strike"],"picked":"Clothesline","floor":8},{"not_picked":["Reckless Charge","Carnage"],"picked":"Anger","floor":11},{"not_picked":["Thunderclap","Twin Strike"],"picked":"Immolate","floor":14}],"player_experience":256665,"relics_obtained":[{"floor":6,"key":"Shuriken"},{"floor":8,"key":"Odd Mushroom"},{"floor":9,"key":"Gambling Chip"},{"floor":14,"key":"Orichalcum"}],"event_choices":[{"cards_removed":["Strike_R"],"damage_healed":0,"gold_gain":0,"player_choice":"Card Removal","damage_taken":0,"max_hp_gain":0,"max_hp_loss":0,"event_name":"The Cleric","floor":5,"gold_loss":50},{"damage_healed":0,"gold_gain":0,"player_choice":"Fought Mushrooms","damage_taken":0,"max_hp_gain":0,"max_hp_loss":0,"event_name":"Mushrooms","floor":8,"gold_loss":0}],"is_beta":false,"boss_relics":[],"items_purged_floors":[2],"is_endless":false,"potions_floor_spawned":[1,3,4,14],"killed_by":"The Guardian","ascension_level":0}