{"gold_per_floor":[212,12,28,42,58,89,108,121,121,121,152,202,228,246,246,320,320,340,340,357,21,36,47,73,3,3,3,22,47,47,47,47,122,122,140,140,155,9,9,9,44,44,114,114,114,14,14,26,26,26],"floor_reached":51,"playtime":2043,"items_purged":["Strike_R","Strike_R"],"score":1293,"play_id":"ac6b1d9b-4618-4ddd-a01c-dcc2a63a9a50","local_time":"20190304000703","is_ascension_mode":true,"campfire_choices":[{"data":"Armaments","floor":10.0,"key":"SMITH"},{"floor":15.0,"key":"REST"},{"floor":27.0,"key":"REST"},{"floor":30.0,"key":"REST"},{"floor":32.0,"key":"REST"},{"floor":40.0,"key":"REST"},{"floor":45.0,"key":"REST"},{"floor":47,"key":"REST"},{"floor":49,"key":"REST"}],"neow_cost":"NONE","seed_source_timestamp":163725385994955,"circlet_count":0,"master_deck":["AscendersBane","Defend_R","Defend_R","Defend_R","Defend_R","Bash","Carnage","Armaments+1","Shrug It Off","Spot Weakness","Cleave","Fiend Fire","Heavy Blade","Flame Barrier","Impervious","Ghostly Armor","Reaper","Thunderclap+1","Exhume","Apotheosis","True Grit+1","Demon Form","Heavy Blade+1","Rampage+1","Shrug It Off+1","Madness","Madness","Metallicize","Battle Trance+1"],"special_seed":0,"relics":["Burning Blood","Red Skull","Mercury Hourglass","Paper Frog","Lantern","Fusion Hammer","Anchor","StoneCalendar","Omamori","Bronze Scales","Astrolabe","Vajra","Incense Burner","Mummified Hand"],"potions_floor_usage":[50,50],"damage_taken":[{"damage":1.0,"enemies":"2 Louse","floor":1.0,"turns":3.0},{"damage":1.0,"enemies":"Cultist","floor":3.0,"turns":3.0},{"damage":10.0,"enemies":"Jaw Worm","floor":4.0,"turns":4.0},{"damage":9.0,"enemies":"2 Fungi Beasts","floor":5.0,"turns":4.0},{"damage":30.0,"enemies":"Lagavulin","floor":6.0,"turns":6.0},{"damage":8.0,"enemies":"Blue Slaver","floor":7.0,"turns":3.0},{"damage":6.0,"enemies":"Looter","floor":8.0,"turns":2.0},{"damage":15.0,"enemies":"3 Sentries","floor":11.0,"turns":4.0},{"damage":8.0,"enemies":"Gremlin Nob","floor":13.0,"turns":3.0},{"damage":0.0,"enemies":"Lots of Slimes","floor":14.0,"turns":2.0},{"damage":10.0,"enemies":"The Guardian","floor":16.0,"turns":15.0},{"damage":19.0,"enemies":"Chosen","floor":18.0,"turns":5.0},{"damage":6.0,"enemies":"3 Byrds","floor":20.0,"turns":2.0},{"damage":12.0,"enemies":"Centurion and Healer","floor":22.0,"turns":7.0},{"damage":50.0,"enemies":"Cultist and Chosen","floor":23.0,"turns":6.0},{"damage":7.0,"enemies":"Slavers","floor":24.0,"turns":3.0},{"damage":12.0,"enemies":"Snecko","floor":28.0,"turns":6.0},{"damage":21.0,"enemies":"Gremlin Leader","floor":29.0,"turns":7.0},{"damage":87.0,"enemies":"Automaton","floor":33.0,"turns":11.0},{"damage":10.0,"enemies":"Orb Walker","floor":35.0,"turns":6.0},{"damage":11.0,"enemies":"3 Shapes","floor":37.0,"turns":6.0},{"damage":81.0,"enemies":"Nemesis","floor":41.0,"turns":7.0},{"damage":16,"enemies":"Jaw Worm Horde","floor":48,"turns":5},{"damage":62,"enemies":"Time Eater","floor":50,"turns":10}],"seed_played":"-8661364373434570208","potions_obtained":[{"floor":1.0,"key":"AttackPotion"},{"floor":5.0,"key":"PowerPotion"},{"floor":8.0,"key":"GamblersBrew"},{"floor":11.0,"key":"Weak Potion"},{"floor":14.0,"key":"Explosive Potion"},{"floor":16.0,"key":"FearPotion"},{"floor":18.0,"key":"PowerPotion"},{"floor":23.0,"key":"Swift Potion"},{"floor":24.0,"key":"Fire Potion"},{"floor":33.0,"key":"SpeedPotion"},{"floor":41.0,"key":"Strength Potion"}],"is_trial":false,"path_per_floor":["M","$","M","M","M","E","M","M","T","R","E","?","E","M","R","B",null,"M","?","M","$","M","M","E","$","T","R","M","E","R","?","R","B",null,"M","?","M","$","?","R","E","?","T","?","R","$","R","M","R","B",null],"character_chosen":"IRONCLAD","items_purchased":["Carnage","Armaments","Apotheosis","Anchor","Metallicize","Vajra"],"campfire_rested":8,"item_purchase_floors":[2,2,21,21,25,38],"current_hp_per_floor":[73,73,75,71,68,44,42,42,42,42,33,33,31,37,59,55,70,57,57,57,57,65,45,52,52,52,74,75,60,75,54,78,18,65,61,61,61,61,47,71,17,17,17,17,41,41,65,55,79,44],"gold":26,"neow_bonus":"HUNDRED_GOLD","is_prod":false,"is_daily":false,"chose_seed":false,"campfire_upgraded":1,"win_rate":0,"timestamp":1551654423,"path_taken":["M","$","M","M","M","E","M","M","T","R","E","?","E","M","R","BOSS","M","?","M","$","M","M","E","$","T","R","M","E","R","?","R","BOSS","M","?","M","$","?","R","E","?","T","?","R","?","R","?","R","BOSS"],"build_version":"2019-01-23","purchased_purges":2,"victory":true,"max_hp_per_floor":[75,75,75,75,75,75,75,75,75,75,75,75,75,75,75,75,75,75,75,75,75,75,75,75,75,75,75,75,75,75,80,80,80,80,80,80,80,80,80,80,80,80,80,80,80,80,80,80,80,80],"card_choices":[{"not_picked":["Blood for Blood","Clash","Clothesline"],"picked":"SKIP","floor":1.0},{"not_picked":["Armaments","Flex"],"picked":"Shrug It Off","floor":3.0},{"not_picked":["Searing Blow","Limit Break"],"picked":"Spot Weakness","floor":4.0},{"not_picked":["Warcry","Blood for Blood","Flex"],"picked":"SKIP","floor":5.0},{"not_picked":["Flex","Pommel Strike"],"picked":"Cleave","floor":6.0},{"not_picked":["Warcry","Reckless Charge"],"picked":"Fiend Fire","floor":7.0},{"not_picked":["Dropkick","Body Slam"],"picked":"Heavy Blade","floor":8.0},{"not_picked":["Armaments","Dual Wield"],"picked":"Flame Barrier","floor":11.0},{"not_picked":["Combust","Headbutt"],"picked":"Impervious","floor":13.0},{"not_picked":["Pommel Strike","Twin Strike"],"picked":"Ghostly Armor","floor":14.0},{"not_picked":["Feed","Berserk"],"picked":"Reaper","floor":16.0},{"not_picked":["Ghostly Armor","Wild Strike"],"picked":"Thunderclap+1","floor":18.0},{"not_picked":["Pommel Strike","Cleave"],"picked":"Exhume","floor":20.0},{"not_picked":["Flex","Anger","Bloodletting"],"picked":"SKIP","floor":22.0},{"not_picked":["Perfected Strike","Carnage","Heavy Blade"],"picked":"SKIP","floor":23.0},{"not_picked":["Perfected Strike+1","Armaments"],"picked":"True Grit+1","floor":24.0},{"not_picked":["Perfected Strike","Evolve","Entrench"],"picked":"SKIP","floor":28.0},{"not_picked":["Iron Wave+1","Perfected Strike","Burning Pact"],"picked":"SKIP","floor":29.0},{"not_picked":["Offering","Reaper"],"picked":"Demon Form","floor":33.0},{"not_picked":["Sentinel","Blood for Blood","Havoc"],"picked":"SKIP","floor":35.0},{"not_picked":["Headbutt","Havoc","Clothesline"],"picked":"SKIP","floor":37.0},{"not_picked":["Hemokinesis","Thunderclap"],"picked":"Metallicize","floor":41.0},{"not_picked":["Sword Boomerang","Heavy Blade"],"picked":"Battle Trance+1","floor":48}],"player_experience":811475,"relics_obtained":[{"floor":6.0,"key":"Red Skull"},{"floor":9.0,"key":"Mercury Hourglass"},{"floor":11.0,"key":"Paper Frog"},{"floor":13.0,"key":"Lantern"},{"floor":24.0,"key":"StoneCalendar"},{"floor":26.0,"key":"Omamori"},{"floor":29.0,"key":"Bronze Scales"},{"floor":41.0,"key":"Incense Burner"},{"floor":43.0,"key":"Mummified Hand"}],"event_choices":[{"damage_healed":0.0,"max_hp_gain":0.0,"max_hp_loss":0.0,"gold_gain":50.0,"event_name":"Golden Shrine","player_choice":"Pray","floor":12.0,"gold_loss":0.0,"damage_taken":0.0},{"damage_healed":0.0,"max_hp_gain":0.0,"max_hp_loss":0.0,"gold_gain":0.0,"event_name":"Vampires","player_choice":"Ignored","floor":19.0,"gold_loss":0.0,"damage_taken":0.0},{"damage_healed":0.0,"max_hp_gain":5.0,"max_hp_loss":0.0,"gold_gain":0.0,"event_name":"Forgotten Altar","player_choice":"Shed Blood","floor":31.0,"gold_loss":0.0,"damage_taken":26.0},{"cards_removed":["Metallicize"],"damage_healed":0.0,"max_hp_gain":0.0,"max_hp_loss":0.0,"gold_gain":0.0,"event_name":"Falling","player_choice":"Removed Power","floor":36.0,"gold_loss":0.0,"damage_taken":0.0},{"damage_healed":0.0,"max_hp_gain":0.0,"max_hp_loss":0.0,"gold_gain":0.0,"event_name":"Winding Halls","player_choice":"Embrace Madness","floor":39.0,"gold_loss":0.0,"damage_taken":14.0,"cards_obtained":["Madness","Madness"]},{"damage_healed":0.0,"max_hp_gain":0.0,"max_hp_loss":0.0,"gold_gain":0.0,"event_name":"The Moai Head","player_choice":"Ignored","floor":42.0,"gold_loss":0.0,"damage_taken":0.0},{"damage_healed":0.0,"max_hp_gain":0.0,"max_hp_loss":0.0,"gold_gain":0.0,"event_name":"Mysterious Sphere","player_choice":"Ignored","floor":44.0,"gold_loss":0.0,"damage_taken":0.0}],"is_beta":false,"boss_relics":[{"not_picked":["Black Star","Coffee Dripper"],"picked":"Fusion Hammer"},{"not_picked":["White Beast Statue","Pandora\u0027s Box"],"picked":"Astrolabe"}],"items_purged_floors":[2,46],"is_endless":false,"potions_floor_spawned":[1,5,8,11,14,16,18,23,24,33,35,41],"ascension_level":15}