{"gold_per_floor":[114,114,114,64,80,137,154,166,218,47,62,62,87,121,121,216,216,228,228,72,83,60,85,85,115,115,115,192,204,204,204,204,305,305,325,325,325,55,74,74,109,119,142,142,160,192,207,221,221,221],"floor_reached":51,"playtime":3996,"items_purged":["Strike_B"],"score":1201,"play_id":"a87e6c95-a6df-45fb-ab78-31864b371d59","local_time":"20190210194415","is_ascension_mode":true,"campfire_choices":[{"data":"Genetic Algorithm","floor":12,"key":"SMITH"},{"data":"Go for the Eyes","floor":15,"key":"SMITH"},{"data":"Defragment","floor":24,"key":"SMITH"},{"data":"Zap","floor":27,"key":"SMITH"},{"data":"Gash","floor":30,"key":"SMITH"},{"data":"Dualcast","floor":32,"key":"SMITH"},{"data":"Apotheosis","floor":40,"key":"SMITH"},{"data":"Capacitor","floor":44,"key":"SMITH"},{"data":"Defragment","floor":49,"key":"SMITH"}],"neow_cost":"NONE","seed_source_timestamp":26978233452154,"circlet_count":0,"master_deck":["Defend_B","Defend_B","Defend_B","Defend_B","Zap+1","Dualcast+1","Go for the Eyes+1","Genetic Algorithm+1","Coolheaded","Sweeping Beam","Master of Strategy","All For One","Ball Lightning","Steam","Defragment+1","Gash+1","Hologram+1","Steam","Self Repair","Glacier","Undo","All For One","Steam+1","Buffer+1","Capacitor+1","Apotheosis+1","Defragment+1","Hologram+1","Reinforced Body+1","Gash+1","Loop"],"relics":["Cracked Core","NeowsBlessing","Sundial","Calipers","Tiny Chest","Oddly Smooth Stone","DataDisk","Bottled Lightning","Cursed Key","Blood Vial","Bronze Scales","Bottled Flame","Astrolabe","Omamori","Smiling Mask","Orichalcum"],"potions_floor_usage":[14,16,16,25,33,33,46],"damage_taken":[{"damage":0,"enemies":"Cultist","floor":1,"turns":1},{"damage":0,"enemies":"Small Slimes","floor":5,"turns":1},{"damage":0,"enemies":"3 Sentries","floor":6,"turns":1},{"damage":3,"enemies":"Jaw Worm","floor":7,"turns":3},{"damage":1,"enemies":"Blue Slaver","floor":8,"turns":5},{"damage":3,"enemies":"Large Slime","floor":11,"turns":6},{"damage":5,"enemies":"Gremlin Nob","floor":14,"turns":4},{"damage":20,"enemies":"Hexaghost","floor":16,"turns":15},{"damage":0,"enemies":"Shell Parasite","floor":18,"turns":8},{"damage":5,"enemies":"Spheric Guardian","floor":21,"turns":3},{"damage":0,"enemies":"Book of Stabbing","floor":23,"turns":6},{"damage":25,"enemies":"Gremlin Leader","floor":25,"turns":7},{"damage":4,"enemies":"Snecko","floor":29,"turns":5},{"damage":5,"enemies":"Colosseum Slavers","floor":31,"turns":5},{"damage":38,"enemies":"Automaton","floor":33,"turns":12},{"damage":1,"enemies":"Orb Walker","floor":35,"turns":4},{"damage":0,"enemies":"3 Shapes","floor":39,"turns":7},{"damage":0,"enemies":"Giant Head","floor":41,"turns":11},{"damage":0,"enemies":"Spire Growth","floor":42,"turns":6},{"damage":0,"enemies":"Writhing Mass","floor":45,"turns":8},{"damage":12,"enemies":"Reptomancer","floor":46,"turns":6},{"damage":0,"enemies":"3 Darklings","floor":47,"turns":6},{"damage":0,"enemies":"Spire Growth","floor":48,"turns":6},{"damage":0,"enemies":"Time Eater","floor":50,"turns":16}],"seed_played":"-1106684306640853182","potions_obtained":[{"floor":5,"key":"LiquidBronze"},{"floor":6,"key":"SkillPotion"},{"floor":7,"key":"FearPotion"},{"floor":8,"key":"EssenceOfSteel"},{"floor":16,"key":"Block Potion"},{"floor":18,"key":"Energy Potion"},{"floor":25,"key":"Energy Potion"},{"floor":29,"key":"Fire Potion"},{"floor":39,"key":"Energy Potion"},{"floor":45,"key":"SpeedPotion"},{"floor":47,"key":"AttackPotion"}],"is_trial":false,"path_per_floor":["T","?","?","$","T","?","$","T","?","?","?","M"],"character_chosen":"DEFECT","items_purchased":["Master of Strategy","Defragment","Gash","Steam","Capacitor","Apotheosis"],"campfire_rested":0,"item_purchase_floors":[10,20,20,22,38,38],"current_hp_per_floor":[68,68,61,61,61,61,58,57,57,57,54,54,54,49,49,29,64,64,64,64,59,59,59,59,43,43,43,43,48,48,52,52,23,62,70,70,70,70,75,75,75,75,75,75,75,70,75,75,75,75],"gold":221,"neow_bonus":"THREE_ENEMY_KILL","is_prod":false,"is_daily":false,"chose_seed":false,"campfire_upgraded":9,"win_rate":0,"timestamp":1549824255,"path_taken":["M","?","?","?","M","E","M","M","T","?","M","R","?","E","R","BOSS","M","?","$","M","?","E","R","E","T","R","?","M","R","?","R","BOSS","M","?","?","$","M","R","E","M","T","R","M","E","M","?","R","BOSS"],"build_version":"2019-01-23","purchased_purges":1,"victory":true,"max_hp_per_floor":[75,75,75,75,75,75,75,75,75,75,75,75,75,75,75,75,75,75,75,75,75,75,75,75,75,75,75,75,75,75,75,75,75,75,75,75,75,75,75,75,75,75,75,75,75,75,75,75,75,75],"card_choices":[{"not_picked":["Sweeping Beam","Rebound"],"picked":"Go for the Eyes","floor":1},{"not_picked":["Reprogram","Storm"],"picked":"Genetic Algorithm","floor":5},{"not_picked":["Barrage","Stack","Aggregate"],"picked":"SKIP","floor":6},{"not_picked":["Barrage","Stack","Aggregate"],"picked":"SKIP","floor":6},{"not_picked":["Consume","FTL"],"picked":"Coolheaded","floor":7},{"not_picked":["Storm","Go for the Eyes"],"picked":"Sweeping Beam","floor":8},{"not_picked":["Leap","Rip and Tear","Force Field"],"picked":"SKIP","floor":11},{"not_picked":["Heatsinks","Turbo","Coolheaded"],"picked":"SKIP","floor":14},{"not_picked":["Reboot","Hyperbeam"],"picked":"All For One","floor":16},{"not_picked":["Stack","Melter"],"picked":"Ball Lightning","floor":18},{"not_picked":["Force Field","Sweeping Beam"],"picked":"Hologram+1","floor":21},{"not_picked":["Reprogram+1","Hello World"],"picked":"Self Repair","floor":23},{"not_picked":["Aggregate","Reprogram"],"picked":"Glacier","floor":25},{"not_picked":["Sweeping Beam","Sunder+1"],"picked":"Undo","floor":29},{"not_picked":["Thunder Strike","Amplify"],"picked":"All For One","floor":33},{"not_picked":["Hologram","Rebound","Barrage+1"],"picked":"SKIP","floor":35},{"not_picked":["Lockon+1","Redo"],"picked":"Defragment","floor":39},{"not_picked":["Go for the Eyes+1","Turbo"],"picked":"Hologram+1","floor":41},{"not_picked":["Leap","Self Repair+1"],"picked":"Reinforced Body+1","floor":42},{"not_picked":["Barrage","Redo"],"picked":"Gash+1","floor":45},{"not_picked":["Gash+1","Hologram","Hyperbeam"],"picked":"SKIP","floor":46},{"not_picked":["Redo+1","Recycle","Rebound+1"],"picked":"SKIP","floor":47},{"not_picked":["Redo","Sunder"],"picked":"Loop","floor":48}],"player_experience":324699,"relics_obtained":[{"floor":2,"key":"Sundial"},{"floor":6,"key":"Tiny Chest"},{"floor":9,"key":"Oddly Smooth Stone"},{"floor":13,"key":"DataDisk"},{"floor":14,"key":"Bottled Lightning"},{"floor":23,"key":"Blood Vial"},{"floor":25,"key":"Bronze Scales"},{"floor":28,"key":"Bottled Flame"},{"floor":41,"key":"Omamori"},{"floor":43,"key":"Smiling Mask"},{"floor":46,"key":"Orichalcum"}],"event_choices":[{"damage_healed":0,"gold_gain":0,"player_choice":"Success","damage_taken":7,"relics_obtained":["Calipers"],"max_hp_gain":0,"max_hp_loss":0,"event_name":"Scrap Ooze","floor":3,"gold_loss":0},{"cards_removed":["Strike_B"],"damage_healed":0,"gold_gain":0,"player_choice":"Card Removal","damage_taken":0,"max_hp_gain":0,"max_hp_loss":0,"event_name":"The Cleric","floor":4,"gold_loss":50},{"damage_healed":0,"gold_gain":0,"player_choice":"Read","damage_taken":0,"max_hp_gain":0,"max_hp_loss":0,"event_name":"The Library","floor":19,"gold_loss":0,"cards_obtained":["Steam"]},{"damage_healed":0,"gold_gain":0,"player_choice":"Fight","damage_taken":0,"max_hp_gain":0,"max_hp_loss":0,"event_name":"Colosseum","floor":31,"gold_loss":0},{"damage_healed":0,"gold_gain":0,"player_choice":"Fled From Nobs","damage_taken":0,"max_hp_gain":0,"max_hp_loss":0,"event_name":"Colosseum","floor":31,"gold_loss":0},{"damage_healed":0,"gold_gain":0,"player_choice":"Ignored","damage_taken":0,"max_hp_gain":0,"max_hp_loss":0,"event_name":"Tomb of Lord Red Mask","floor":36,"gold_loss":0},{"cards_removed":["Regret"],"damage_healed":0,"gold_gain":0,"player_choice":"Purged","damage_taken":0,"max_hp_gain":0,"max_hp_loss":0,"event_name":"Purifier","floor":37,"gold_loss":0}],"is_beta":false,"boss_relics":[{"not_picked":["Runic Dome","Snecko Eye"],"picked":"Cursed Key"},{"not_picked":["Black Star","Velvet Choker"],"picked":"Astrolabe"}],"items_purged_floors":[20],"is_endless":false,"potions_floor_spawned":[5,6,7,8,16,18,25,29,31,39,45,47,48],"ascension_level":9}