{"path_per_floor":["M","M","?","M","$","R","M","R","T","M","M","M","R","E","R","B",null,"M","M","?","M","M","R","M","M","T","M","$","M","?","M","R"],"character_chosen":"THE_SILENT","items_purchased":["Poisoned Stab","Oddly Smooth Stone"],"gold_per_floor":[111,130,130,143,19,19,29,29,29,47,59,79,79,112,112,208,208,218,228,228,243,262,262,277,294,294,305,56,68,68,79,79],"floor_reached":33,"campfire_rested":2,"playtime":3745,"current_hp_per_floor":[68,68,75,75,75,75,65,65,79,70,66,66,66,45,73,33,94,94,90,71,70,67,67,60,42,42,35,35,16,16,12,41],"items_purged":["Strike_G","Strike_G"],"gold":79,"score":282,"play_id":"49f870a8-d40b-44ee-93c8-05e9a7168737","local_time":"20180302020318","is_prod":false,"is_daily":false,"is_ascension_mode":false,"campfire_upgraded":4,"timestamp":1519974198,"path_taken":["M","M","?","M","$","R","M","R","T","M","M","M","R","E","R","BOSS","M","M","?","M","M","R","M","M","T","M","$","?","?","M","R","BOSS"],"build_version":"2018-03-01-PROD1","purchased_purges":2,"victory":false,"master_deck":["Defend_G","Defend_G","Defend_G","Defend_G","Defend_G","Survivor","Neutralize","Noxious Fumes+1","Dodge and Roll","Bane+1","Poisoned Stab","Blur","Distraction+1","PiercingWail","Slice","Deflect","Corpse Explosion+1","Backstab+1","Catalyst+1","Bouncing Flask+1","Prepared","Escape Plan","Poisoned Stab","Malaise+1","Distraction","Deflect","Crippling Poison","Infinite Blades+1","Dash+1"],"max_hp_per_floor":[70,70,80,80,80,80,80,80,94,94,94,94,94,94,94,94,94,94,94,99,99,99,99,99,99,99,99,99,99,99,99,99],"relics":["Ring of the Snake","Pear","Mango","Letter Opener","Astrolabe","Bag of Marbles","Oddly Smooth Stone"],"card_choices":[{"not_picked":["Masterful Stab","Prepared"],"picked":"Noxious Fumes"},{"not_picked":["All Out Attack","Prepared"],"picked":"Dodge and Roll"},{"not_picked":["Quick Slash","Flying Knee"],"picked":"Bane"},{"not_picked":["Tools of the Trade","Flying Knee"],"picked":"Blur"},{"not_picked":["Masterful Stab","Outmaneuver"],"picked":"Distraction"},{"not_picked":["Choke","Deflect"],"picked":"PiercingWail"},{"not_picked":["Prepared","Blade Dance"],"picked":"Slice"},{"not_picked":["PiercingWail","Eviscerate"],"picked":"Deflect"},{"not_picked":["Envenom","Unload"],"picked":"Corpse Explosion"},{"not_picked":["Bouncing Flask","Acrobatics"],"picked":"Prepared"},{"not_picked":["Underhanded Strike","Outmaneuver"],"picked":"Escape Plan"},{"not_picked":["Predator","Outmaneuver"],"picked":"Poisoned Stab"},{"not_picked":["Endless Agony","Dash"],"picked":"Malaise"},{"not_picked":["Endless Agony","Blade Dance"],"picked":"Distraction"},{"not_picked":["Distraction","Underhanded Strike"],"picked":"Deflect"},{"not_picked":["Deflect","Acrobatics"],"picked":"Crippling Poison"},{"not_picked":["Choke","Poisoned Stab"],"picked":"Infinite Blades"},{"not_picked":["Deflect","Endless Agony"],"picked":"Dash"}],"player_experience":20925,"potions_floor_usage":[21,29,33],"damage_taken":[{"damage":2.0,"enemies":"Jaw Worm","floor":1.0,"turns":4.0},{"damage":0.0,"enemies":"Small Slimes","floor":2.0,"turns":3.0},{"damage":0.0,"enemies":"2 Louse","floor":4.0,"turns":1.0},{"damage":10.0,"enemies":"Looter","floor":7.0,"turns":3.0},{"damage":9.0,"enemies":"3 Louse","floor":10.0,"turns":4.0},{"damage":4.0,"enemies":"Red Slaver","floor":11.0,"turns":3.0},{"damage":0.0,"enemies":"Exordium Thugs","floor":12.0,"turns":5.0},{"damage":21.0,"enemies":"3 Sentries","floor":14.0,"turns":7.0},{"damage":40.0,"enemies":"Hexaghost","floor":16.0,"turns":10.0},{"damage":0.0,"enemies":"Chosen","floor":18.0,"turns":4.0},{"damage":4.0,"enemies":"3 Byrds","floor":19.0,"turns":5.0},{"damage":1,"enemies":"Centurion and Healer","floor":21,"turns":7},{"damage":3,"enemies":"Snake Plant","floor":22,"turns":2},{"damage":7,"enemies":"3 Cultists","floor":24,"turns":3},{"damage":18,"enemies":"Sentry and Sphere","floor":25,"turns":6},{"damage":7,"enemies":"Snecko","floor":27,"turns":5},{"damage":19,"enemies":"Slaver and Parasite","floor":29,"turns":7},{"damage":4,"enemies":"Snake Plant","floor":31,"turns":4},{"damage":42,"enemies":"Collector","floor":33,"turns":5}],"event_choices":[{"event_name":"Scrap Ooze","player_choice":"success","floor":3.0,"damage_taken":3.0},{"event_name":"Forgotten Altar","player_choice":"Shed Blood","floor":20,"damage_taken":0},{"event_name":"Vampires","player_choice":"Ignored","floor":30,"damage_taken":0}],"boss_relics":[],"potions_floor_spawned":[1,2,10,16,18,25,27],"seed_played":"-2626608763614186327","killed_by":"Collector","ascension_level":0,"is_trial":false}