{"path_per_floor":["M","M","?","M","M","E","R","E","T","R","M","R","$","M","R","B",null,"M","?","?","M","M","E","M","R","T","M","M","M","?","?","R"],"character_chosen":"DEFECT","items_purchased":["Loop","Coolheaded"],"gold_per_floor":[19,39,114,125,139,169,169,198,223,223,235,235,43,58,58,156,156,167,167,82,94,111,141,141,141,166,180,200,211,311,261,261,261],"floor_reached":33,"campfire_rested":4,"playtime":3692,"item_purchase_floors":[],"current_hp_per_floor":[66,57,46,46,37,36,58,43,43,43,38,38,38,30,52,44,75,63,49,49,51,50,5,4,28,28,21,10,9,9,9,33,0],"items_purged":["Strike_B"],"gold":261,"score":281,"play_id":"9e95a4e5-6d9f-4762-8e51-a1daaed69933","local_time":"20180602000634","is_prod":false,"is_daily":false,"chose_seed":false,"is_ascension_mode":false,"campfire_upgraded":2,"win_rate":0.0,"timestamp":1527912394,"campfire_choices":[{"floor":7.0,"key":"REST"},{"data":"Loop","floor":10.0,"key":"SMITH"},{"data":"Dualcast","floor":12.0,"key":"SMITH"},{"floor":15.0,"key":"REST"},{"floor":25.0,"key":"REST"},{"floor":32,"key":"REST"}],"path_taken":["M","M","?","?","M","E","R","E","T","R","?","R","$","M","R","BOSS","M","?","?","M","M","E","M","R","T","?","M","M","?","?","R","BOSS"],"build_version":"2018-05-31","seed_source_timestamp":0,"purchased_purges":1,"victory":false,"master_deck":["Strike_B","Defend_B","Defend_B","Defend_B","Defend_B","Zap","Dualcast+1","Melter","Coolheaded","Lockon","Glacier","Loop+1","Cold Snap","Go for the Eyes","Rainbow","Beam Cell","Loop","Coolheaded","Leap","Echo Form","Barrage","Static Discharge+1","Rip and Tear+1","Barrage","Lockon+1","Blizzard","Compile Driver"],"max_hp_per_floor":[75,75,75,75,75,75,75,75,75,75,75,75,75,75,75,75,75,75,80,80,80,80,80,80,80,80,80,80,80,80,80,80,80],"relics":["Cracked Core","Vajra","Art of War","Happy Flower","White Beast Statue","Ancient Tea Set","Boot","Blood Vial"],"card_choices":[{"not_picked":["Sweeping Beam","Streamline"],"picked":"Lockon","floor":1.0},{"not_picked":["Heatsinks","Rebound"],"picked":"Glacier","floor":2.0},{"not_picked":["Gash","Streamline"],"picked":"Loop","floor":4.0},{"not_picked":["Conserve Battery","Stack"],"picked":"Cold Snap","floor":5.0},{"not_picked":["Conserve Battery","Aggregate"],"picked":"Go for the Eyes","floor":6.0},{"not_picked":["Fusion","Gash"],"picked":"Rainbow","floor":8.0},{"not_picked":["Gash","Stack"],"picked":"Beam Cell","floor":11.0},{"not_picked":["Fusion","BootSequence"],"picked":"Leap","floor":14.0},{"not_picked":["Seek","Machine Learning"],"picked":"Echo Form","floor":16.0},{"not_picked":["Chaos","Rebound+1"],"picked":"Barrage","floor":18.0},{"not_picked":["Leap","Compile Driver"],"picked":"Static Discharge+1","floor":21.0},{"not_picked":["Streamline","Storm"],"picked":"Rip and Tear+1","floor":22.0},{"not_picked":["Static Discharge","Beam Cell"],"picked":"Barrage","floor":23.0},{"not_picked":["Hologram","Go for the Eyes"],"picked":"Lockon+1","floor":27.0},{"not_picked":["Cold Snap","Compile Driver"],"picked":"Blizzard","floor":28.0},{"not_picked":["Sweeping Beam","Undo"],"picked":"Compile Driver","floor":29.0}],"player_experience":365686,"potions_floor_usage":[33,33],"damage_taken":[{"damage":9.0,"enemies":"Small Slimes","floor":1.0,"turns":3.0},{"damage":9.0,"enemies":"Jaw Worm","floor":2.0,"turns":2.0},{"damage":0.0,"enemies":"Cultist","floor":4.0,"turns":2.0},{"damage":9.0,"enemies":"Lots of Slimes","floor":5.0,"turns":5.0},{"damage":1.0,"enemies":"Gremlin Nob","floor":6.0,"turns":4.0},{"damage":15.0,"enemies":"3 Sentries","floor":8.0,"turns":7.0},{"damage":5.0,"enemies":"Blue Slaver","floor":11.0,"turns":3.0},{"damage":8.0,"enemies":"2 Fungi Beasts","floor":14.0,"turns":3.0},{"damage":8.0,"enemies":"Slime Boss","floor":16.0,"turns":10.0},{"damage":12.0,"enemies":"Chosen","floor":18.0,"turns":5.0},{"damage":13.0,"enemies":"3 Byrds","floor":21.0,"turns":7.0},{"damage":1.0,"enemies":"Snecko","floor":22.0,"turns":4.0},{"damage":45.0,"enemies":"Slavers","floor":23.0,"turns":6.0},{"damage":1.0,"enemies":"Chosen and Byrds","floor":24.0,"turns":3.0},{"damage":9.0,"enemies":"Slaver and Parasite","floor":27.0,"turns":5.0},{"damage":13.0,"enemies":"Snake Plant","floor":28.0,"turns":4.0},{"damage":3.0,"enemies":"Chosen and Byrds","floor":29.0,"turns":3.0},{"damage":36,"enemies":"Automaton","floor":33,"turns":6}],"relics_obtained":[{"floor":6.0,"key":"Vajra"},{"floor":8.0,"key":"Art of War"},{"floor":9.0,"key":"Happy Flower"},{"floor":23.0,"key":"Boot"},{"floor":26.0,"key":"Blood Vial"}],"event_choices":[{"event_name":"World of Goop","player_choice":"Gather Gold","floor":3.0,"damage_taken":0.0},{"event_name":"Forgotten Altar","player_choice":"Shed Blood","floor":19.0,"damage_taken":0.0},{"event_name":"Addict","player_choice":"Obtained Relic","floor":20.0,"damage_taken":0.0},{"event_name":"Golden Shrine","player_choice":"Pray","floor":30.0,"damage_taken":0.0},{"event_name":"The Joust","player_choice":"Bet on Murderer","floor":31.0,"damage_taken":0.0}],"boss_relics":[],"items_purged_floors":[],"potions_floor_spawned":[1,4,5,14,18,21,22,23,24,27,28,29],"seed_played":"4549149894163893580","killed_by":"Automaton","ascension_level":0,"potions_obtained":[{"floor":1.0,"key":"SkillPotion"},{"floor":4.0,"key":"Energy Potion"},{"floor":5.0,"key":"Explosive Potion"},{"floor":14.0,"key":"Regen Potion"},{"floor":18.0,"key":"EssenceOfSteel"},{"floor":21.0,"key":"LiquidBronze"},{"floor":22.0,"key":"SmokeBomb"},{"floor":23.0,"key":"SteroidPotion"},{"floor":27.0,"key":"Explosive Potion"},{"floor":28.0,"key":"Swift Potion"},{"floor":29.0,"key":"Ancient Potion"}],"is_trial":false}