{"gold_per_floor":[117,128,128,138,138,138,26,41,41,58,91,102,102,102,114,221,283,314,326,350,362],"floor_reached":21,"playtime":1777,"items_purged":["Strike_B"],"score":190,"play_id":"fcfea599-748d-4a66-a281-362ea49b2dc2","local_time":"20180729114921","is_ascension_mode":true,"campfire_choices":[{"data":"Zap","floor":6,"key":"SMITH"},{"floor":13,"key":"REST"},{"data":"Fission","floor":15,"key":"SMITH"}],"neow_cost":"NONE","seed_source_timestamp":964894699145,"circlet_count":0,"master_deck":["Strike_B","Strike_B","Strike_B","Defend_B","Defend_B+1","Defend_B","Defend_B","Zap+1","Dualcast","Barrage","Coolheaded","Redo","Compile Driver","Darkness","Redo","Glacier","Fission+1","Steam","Echo Form","Barrage","Fusion","Compile Driver+1"],"relics":["Cracked Core","NlothsMask","The Courier","MawBank","Tiny House","Ginger"],"potions_floor_usage":[10,16,18],"damage_taken":[{"damage":0,"enemies":"Small Slimes","floor":1,"turns":3},{"damage":0,"enemies":"Cultist","floor":2,"turns":2},{"damage":8,"enemies":"Jaw Worm","floor":4,"turns":3},{"damage":14,"enemies":"3 Louse","floor":8,"turns":3},{"damage":14,"enemies":"Lots of Slimes","floor":10,"turns":2},{"damage":7,"enemies":"3 Sentries","floor":11,"turns":6},{"damage":1,"enemies":"2 Fungi Beasts","floor":12,"turns":6},{"damage":30,"enemies":"The Guardian","floor":16,"turns":13},{"damage":26,"enemies":"3 Byrds","floor":18,"turns":6},{"damage":26,"enemies":"Chosen","floor":20,"turns":7},{"damage":0,"enemies":"3 Cultists","floor":21,"turns":2}],"seed_played":"-7810751454496551651","potions_obtained":[{"floor":4,"key":"Explosive Potion"},{"floor":8,"key":"SpeedPotion"},{"floor":12,"key":"PowerPotion"},{"floor":16,"key":"Explosive Potion"},{"floor":17,"key":"FearPotion"}],"is_trial":false,"path_per_floor":["M","M","?","M","?","R","$","M","T","M","E","M","R","?","R","B",null,"M","?","M"],"character_chosen":"DEFECT","items_purchased":["Darkness"],"campfire_rested":1,"item_purchase_floors":[7],"current_hp_per_floor":[75,75,75,67,75,75,75,61,61,47,40,39,61,49,49,19,80,54,54,28,28],"gold":362,"neow_bonus":"THREE_CARDS","is_prod":false,"is_daily":false,"chose_seed":false,"campfire_upgraded":2,"win_rate":0.0,"timestamp":1532879361,"path_taken":["M","M","?","M","?","R","$","M","T","?","E","M","R","?","R","BOSS","M","?","M","M"],"build_version":"2018-07-26","purchased_purges":1,"victory":false,"max_hp_per_floor":[75,75,75,75,75,75,75,75,75,75,75,75,75,75,75,75,80,80,80,80,80],"card_choices":[{"not_picked":["Rebound","FTL"],"picked":"Barrage","floor":0},{"not_picked":["Lockon","Stack"],"picked":"Coolheaded","floor":1},{"not_picked":["Turbo","Tempest"],"picked":"Redo","floor":2},{"not_picked":["Gash","Streamline"],"picked":"Compile Driver","floor":4},{"not_picked":["Steam","Leap"],"picked":"Redo","floor":8},{"not_picked":["Steam","Ball Lightning"],"picked":"Glacier","floor":10},{"not_picked":["Loop","Cold Snap"],"picked":"Fission","floor":11},{"not_picked":["Melter","Redo"],"picked":"Steam","floor":12},{"not_picked":["Fission","Amplify"],"picked":"Echo Form","floor":16},{"not_picked":["Compile Driver","Genetic Algorithm"],"picked":"Barrage","floor":17},{"not_picked":["Go for the Eyes+1","Ball Lightning"],"picked":"Fusion","floor":18},{"not_picked":["Go for the Eyes","Coolheaded"],"picked":"Compile Driver+1","floor":20}],"player_experience":424358,"relics_obtained":[{"floor":11,"key":"The Courier"}],"event_choices":[{"event_name":"FaceTrader","player_choice":"Trade","floor":3,"damage_taken":0},{"event_name":"Wheel of Change","player_choice":"Full Heal","floor":5,"damage_taken":0},{"event_name":"Scrap Ooze","player_choice":"success","floor":14,"damage_taken":12},{"event_name":"The Mausoleum","player_choice":"Yes","floor":19,"damage_taken":0}],"is_beta":false,"boss_relics":[{"not_picked":["Velvet Choker","Eternal Feather"],"picked":"Tiny House"}],"items_purged_floors":[7],"is_endless":false,"potions_floor_spawned":[4,8,12,16],"killed_by":"3 Cultists","ascension_level":1}