{"path_per_floor":["M","M","?","M","?","E","R","M","T","R","M","M","M","E","R","B",null,"M","?","M","?","$","E","M","R","T","E","M","M","R","M","R","B",null,"M","M","$","?","M","E","R","M","T","M","E","R","M","M","R","B"],"character_chosen":"THE_SILENT","items_purchased":["Letter Opener","Ornamental Fan","Panache","Finesse"],"gold_per_floor":[113,123,123,142,92,120,120,139,139,139,159,170,190,215,215,318,318,329,329,344,344,19,46,57,57,357,384,398,413,413,423,423,520,520,539,550,24,70,81,108,108,121,147,167,194,194,205,220,220,220],"floor_reached":51,"campfire_rested":3,"playtime":6935,"current_hp_per_floor":[69,66,54,50,50,46,46,42,42,63,63,63,62,49,49,54,70,68,68,58,58,58,53,53,53,53,62,62,62,62,62,62,33,70,70,63,63,68,68,58,83,83,83,60,52,52,21,18,43,45],"items_purged":["Writhe"],"gold":220,"score":640,"play_id":"6062bbba-c399-4e5e-8de6-253120a6008b","local_time":"20180306050814","is_prod":false,"is_daily":false,"is_ascension_mode":false,"campfire_upgraded":6,"timestamp":1520330894,"path_taken":["M","M","?","M","?","E","R","M","T","R","?","M","M","E","R","BOSS","M","?","M","?","$","E","M","R","T","E","M","M","R","M","R","BOSS","M","M","$","?","M","E","R","M","T","M","E","R","M","M","R","BOSS"],"build_version":"2018-03-01-PROD1","purchased_purges":2,"victory":true,"master_deck":["Survivor","Neutralize+1","Quick Slash+1","Dagger Throw+1","Doppelganger+1","Caltrops+1","PiercingWail","Leg Sweep","Heel Hook","PiercingWail","Calculated Gamble","Dagger Spray","Terror+1","Glass Knife+1","Burst","PiercingWail","Flying Knee","Slice","Expertise","Poisoned Stab","Well Laid Plans","Dagger Throw+1","Underhanded Strike","Eviscerate+1","Leg Sweep","Prepared","Malaise+1","Caltrops+1","Backflip","Doppelganger+1","Slice+1","Panache","Finesse","Backflip+1","Skewer+1","Distraction+1","Eviscerate+1","Caltrops+1","Flying Knee+1","Cloak And Dagger+1","Choke+1"],"max_hp_per_floor":[70,70,70,70,70,70,70,70,70,70,70,70,70,70,70,70,70,70,70,70,70,70,70,70,70,70,70,70,70,70,70,70,70,70,70,70,70,84,84,84,84,84,84,84,84,84,84,84,84,84],"relics":["Astrolabe","Anchor","Paper Crane","Ginger","Pantograph","Pandora\u0027s Box","Lantern","Letter Opener","Dream Catcher","Old Coin","Orichalcum","Black Star","Ornamental Fan","Mango","Frozen Egg 2","Tough Bandages","Prayer Wheel","Toxic Egg 2","Bottled Flame"],"card_choices":[{"not_picked":["Dagger Throw","Heel Hook"],"picked":"Caltrops"},{"not_picked":["Predator","Deadly Poison"],"picked":"PiercingWail"},{"not_picked":["Slice","Outmaneuver"],"picked":"Leg Sweep"},{"not_picked":["Doppelganger","Storm of Steel"],"picked":"Heel Hook"},{"not_picked":["Bane","Dagger Throw"],"picked":"PiercingWail"},{"not_picked":["Deadly Poison","Flechettes"],"picked":"Calculated Gamble"},{"not_picked":["Quick Slash","Poisoned Stab"],"picked":"Dagger Spray"},{"not_picked":["Unload","Cloak And Dagger"],"picked":"Terror"},{"not_picked":["Bane","Slice"],"picked":"Glass Knife"},{"not_picked":["Adrenaline","Storm of Steel"],"picked":"Burst"},{"not_picked":["Blade Dance","Bane"],"picked":"Dagger Throw"},{"not_picked":["PiercingWail","Dagger Spray"],"picked":"Eviscerate"},{"not_picked":["Terror","Quick Slash"],"picked":"Leg Sweep"},{"not_picked":["Flying Knee","PiercingWail"],"picked":"Prepared"},{"not_picked":["Endless Agony","Deadly Poison"],"picked":"Malaise"},{"not_picked":["Eviscerate","Deadly Poison"],"picked":"Caltrops"},{"not_picked":["Poisoned Stab","Prepared"],"picked":"Backflip"},{"not_picked":["Glass Knife","Phantasmal Killer"],"picked":"Doppelganger"},{"not_picked":["Deadly Poison","Crippling Poison"],"picked":"Slice"},{"not_picked":["Sucker Punch","Acrobatics"],"picked":"Backflip"},{"not_picked":["Cloak And Dagger","Dagger Throw"],"picked":"Skewer"},{"not_picked":["Acrobatics","Sucker Punch"],"picked":"Distraction"},{"not_picked":["Cloak And Dagger","Bullet Time"],"picked":"Eviscerate"},{"not_picked":["Dagger Spray","Slice"],"picked":"Caltrops"},{"not_picked":["Dagger Spray","Sucker Punch"],"picked":"Flying Knee"},{"not_picked":["Sucker Punch","Phantasmal Killer"],"picked":"Cloak And Dagger"},{"not_picked":["All Out Attack","Infinite Blades"],"picked":"Choke"}],"player_experience":124987,"potions_floor_usage":[20,23,27,33,38,40,40,44,45,47],"damage_taken":[{"damage":1.0,"enemies":"Jaw Worm","floor":1.0,"turns":3.0},{"damage":3.0,"enemies":"Small Slimes","floor":2.0,"turns":3.0},{"damage":4.0,"enemies":"Cultist","floor":4.0,"turns":3.0},{"damage":4.0,"enemies":"Lagavulin","floor":6.0,"turns":5.0},{"damage":4.0,"enemies":"2 Fungi Beasts","floor":8.0,"turns":3.0},{"damage":0.0,"enemies":"3 Louse","floor":11.0,"turns":3.0},{"damage":0.0,"enemies":"Looter","floor":12.0,"turns":2.0},{"damage":1.0,"enemies":"Blue Slaver","floor":13.0,"turns":3.0},{"damage":13.0,"enemies":"3 Sentries","floor":14.0,"turns":6.0},{"damage":16.0,"enemies":"Slime Boss","floor":16.0,"turns":9.0},{"damage":2,"enemies":"Chosen","floor":18,"turns":4},{"damage":10,"enemies":"2 Thieves","floor":20,"turns":4},{"damage":17,"enemies":"Book of Stabbing","floor":23,"turns":5},{"damage":0,"enemies":"Snake Plant","floor":24,"turns":3},{"damage":0,"enemies":"Gremlin Leader","floor":27,"turns":5},{"damage":0,"enemies":"Chosen and Byrds","floor":28,"turns":5},{"damage":0,"enemies":"Cultist and Chosen","floor":29,"turns":6},{"damage":0,"enemies":"Snake Plant","floor":31,"turns":4},{"damage":37,"enemies":"Champ","floor":33,"turns":11},{"damage":0,"enemies":"Orb Walker","floor":35,"turns":3},{"damage":7,"enemies":"3 Shapes","floor":36,"turns":4},{"damage":9,"enemies":"Mysterious Sphere","floor":38,"turns":4},{"damage":0,"enemies":"Maw","floor":39,"turns":6},{"damage":10,"enemies":"Nemesis","floor":40,"turns":7},{"damage":0,"enemies":"3 Darklings","floor":42,"turns":4},{"damage":23,"enemies":"4 Shapes","floor":44,"turns":4},{"damage":8,"enemies":"Giant Head","floor":45,"turns":8},{"damage":31,"enemies":"Sphere and 2 Shapes","floor":47,"turns":6},{"damage":3,"enemies":"3 Darklings","floor":48,"turns":4},{"damage":23,"enemies":"Time Eater","floor":50,"turns":11}],"event_choices":[{"event_name":"Scrap Ooze","player_choice":"success","floor":3.0,"damage_taken":12.0},{"event_name":"The Cleric","player_choice":"Card Removal","floor":5.0,"damage_taken":0.0},{"event_name":"The Library","player_choice":"Read","floor":19,"damage_taken":0},{"event_name":"The Mausoleum","player_choice":"Yes","floor":21,"damage_taken":0},{"event_name":"Mysterious Sphere","player_choice":"Fight","floor":38,"damage_taken":0}],"boss_relics":[{"not_picked":["Philosopher\u0027s Stone","Eternal Feather"],"picked":"Pandora\u0027s Box"},{"not_picked":["Snecko Eye","Cursed Key"],"picked":"Black Star"}],"potions_floor_spawned":[4,6,12,13,18,24,27,31,33,36,38,44,45,48],"seed_played":"8335188543495362879","ascension_level":0,"is_trial":false}