{"gold_per_floor":[111,111,111,111,61,97,97,112,112,128,141,175,175,194,194,322,322,343,367,15,15,15,46,46,72,144,163,195,38,52,72,72,177,177,194,494,511,611,611,611,624,652,678,678,678,17,17,47,47,47],"floor_reached":51,"playtime":4548,"items_purged":["Strike_B","Strike_B"],"score":726,"play_id":"604c63e1-39d6-4ac5-abb8-f55328042108","local_time":"20181210173925","is_ascension_mode":false,"campfire_choices":[{"data":"Zap","floor":7,"key":"SMITH"},{"data":"Fusion","floor":13,"key":"SMITH"},{"data":"Conserve Battery","floor":15,"key":"SMITH"},{"data":"Go for the Eyes","floor":32,"key":"SMITH"},{"data":"Coolheaded","floor":40,"key":"SMITH"},{"data":"Dark Shackles","floor":44,"key":"SMITH"},{"data":"Thunder Strike","floor":49,"key":"SMITH"}],"neow_cost":"NONE","seed_source_timestamp":2294116465292365,"circlet_count":0,"master_deck":["Strike_B","Defend_B","Defend_B","Defend_B","Defend_B","Zap+1","Dualcast","Conserve Battery+1","Self Repair+1","Storm+1","Cold Snap","Fusion+1","Machine Learning+1","Ball Lightning","Machine Learning+1","Leap+1","Go for the Eyes+1","Ball Lightning+1","Dark Shackles+1","Reprogram+1","Echo Form+1","Creative AI+1","Coolheaded+1","Storm+1","Mayhem+1","Magnetism+1","Bandage Up","Beam Cell+1","Madness","Madness","Thunder Strike+1"],"relics":["Cracked Core","Strawberry","Juzu Bracelet","Bloody Idol","Frozen Egg 2","Pocketwatch","Bird Faced Urn","Sozu","Medical Kit","Bronze Scales","Bottled Tornado","Orichalcum","Mummified Hand","Red Mask","Nuclear Battery","Ginger","Calipers","Happy Flower","Pantograph","Oddly Smooth Stone","Anchor","Vajra"],"potions_floor_usage":[6,8],"damage_taken":[{"damage":1,"enemies":"Cultist","floor":1,"turns":4},{"damage":45,"enemies":"Gremlin Nob","floor":6,"turns":5},{"damage":0,"enemies":"Jaw Worm","floor":8,"turns":3},{"damage":0,"enemies":"2 Louse","floor":10,"turns":2},{"damage":0,"enemies":"Exordium Wildlife","floor":11,"turns":3},{"damage":28,"enemies":"3 Sentries","floor":12,"turns":9},{"damage":13,"enemies":"3 Louse","floor":14,"turns":4},{"damage":11,"enemies":"The Guardian","floor":16,"turns":12},{"damage":26,"enemies":"2 Thieves","floor":18,"turns":4},{"damage":6,"enemies":"Spheric Guardian","floor":19,"turns":4},{"damage":46,"enemies":"Gremlin Leader","floor":23,"turns":9},{"damage":28,"enemies":"Slavers","floor":25,"turns":5},{"damage":21,"enemies":"Snake Plant","floor":27,"turns":2},{"damage":14,"enemies":"Masked Bandits","floor":28,"turns":4},{"damage":1,"enemies":"Chosen and Byrds","floor":30,"turns":5},{"damage":0,"enemies":"Centurion and Healer","floor":31,"turns":7},{"damage":24,"enemies":"Collector","floor":33,"turns":10},{"damage":2,"enemies":"Orb Walker","floor":35,"turns":4},{"damage":20,"enemies":"3 Darklings","floor":37,"turns":5},{"damage":0,"enemies":"Mind Bloom Boss Battle","floor":38,"turns":5},{"damage":0,"enemies":"Maw","floor":41,"turns":5},{"damage":13,"enemies":"Giant Head","floor":42,"turns":6},{"damage":12,"enemies":"Reptomancer","floor":48,"turns":4},{"damage":50,"enemies":"Donu and Deca","floor":50,"turns":5}],"seed_played":"3452453915913394857","potions_obtained":[{"floor":1,"key":"PowerPotion"},{"floor":6,"key":"GamblersBrew"},{"floor":10,"key":"FairyPotion"},{"floor":14,"key":"GamblersBrew"}],"is_trial":false,"path_per_floor":["M","T","?","?","?","E","R","M","T","M","M","E","R","M","R","B",null,"M","M","$","?","?","E","?","E","T","M","?","$","M","M","R","B",null,"M","?","M","?","?","R","M","E","T","R","?","$","T","E","R","B",null],"character_chosen":"DEFECT","items_purchased":["Medical Kit","Bronze Scales","Dark Shackles","Pantograph","Oddly Smooth Stone","Thunder Strike"],"campfire_rested":0,"item_purchase_floors":[20,20,29,46,46,46],"current_hp_per_floor":[81,81,61,61,61,16,16,26,26,36,46,28,28,31,31,36,82,68,80,80,80,80,53,53,48,53,55,64,64,82,82,82,75,82,82,82,82,82,72,72,82,82,82,82,72,72,72,82,82,62],"gold":47,"neow_bonus":"RANDOM_COMMON_RELIC","is_prod":false,"is_daily":false,"chose_seed":false,"campfire_upgraded":7,"win_rate":0.0,"timestamp":1544485165,"path_taken":["M","?","?","?","?","E","R","M","T","M","M","E","R","M","R","BOSS","M","M","$","?","?","E","?","E","T","M","?","?","M","M","R","BOSS","M","?","M","?","?","R","M","E","T","R","?","$","?","E","R","BOSS"],"build_version":"2018-12-06","purchased_purges":2,"victory":true,"max_hp_per_floor":[82,82,82,82,82,82,82,82,82,82,82,82,82,82,82,82,82,82,82,82,82,82,82,82,82,82,82,82,82,82,82,82,82,82,82,82,82,82,82,82,82,82,82,82,82,82,82,82,82,82],"card_choices":[{"not_picked":["BootSequence","Hello World"],"picked":"Conserve Battery","floor":1},{"not_picked":["Conserve Battery","Sweeping Beam"],"picked":"Self Repair","floor":6},{"not_picked":["Self Repair+1","Cold Snap"],"picked":"Storm+1","floor":8},{"not_picked":["FTL","Compile Driver"],"picked":"Cold Snap","floor":10},{"not_picked":["Rebound","Undo"],"picked":"Fusion","floor":11},{"not_picked":["Lockon","Static Discharge+1"],"picked":"Machine Learning+1","floor":12},{"not_picked":["Steam","Blizzard"],"picked":"Ball Lightning","floor":14},{"not_picked":["All For One","Reboot"],"picked":"Machine Learning+1","floor":16},{"not_picked":["Barrage","Sweeping Beam+1"],"picked":"Leap+1","floor":18},{"not_picked":["Tempest+1","Blizzard","Gash"],"picked":"SKIP","floor":19},{"not_picked":["Tempest+1","Hello World+1","Steam"],"picked":"SKIP","floor":23},{"not_picked":["Static Discharge+1","Stack"],"picked":"Ball Lightning+1","floor":25},{"not_picked":["Double Energy","Hologram","Rebound"],"picked":"SKIP","floor":27},{"not_picked":["Coolheaded","Steam"],"picked":"Reprogram+1","floor":30},{"not_picked":["Chill+1","Steam"],"picked":"Echo Form+1","floor":31},{"not_picked":["Machine Learning+1","Amplify"],"picked":"Creative AI+1","floor":33},{"not_picked":["Steam","Force Field+1"],"picked":"Coolheaded","floor":35},{"not_picked":["Double Energy","Loop+1"],"picked":"Storm+1","floor":37},{"not_picked":["Dark Shackles","Finesse"],"picked":"Mayhem+1","floor":39},{"not_picked":["Flash of Steel","Swift Strike"],"picked":"Magnetism+1","floor":39},{"not_picked":["Enlightenment","The Bomb"],"picked":"Bandage Up","floor":39},{"not_picked":["Rip and Tear","Stack+1"],"picked":"Beam Cell+1","floor":41},{"not_picked":["Reinforced Body","Barrage+1","Stack+1"],"picked":"SKIP","floor":42},{"not_picked":["Rainbow","BootSequence+1","Hello World+1"],"picked":"SKIP","floor":48}],"player_experience":57490,"relics_obtained":[{"floor":2,"key":"Juzu Bracelet"},{"floor":6,"key":"Frozen Egg 2"},{"floor":9,"key":"Pocketwatch"},{"floor":12,"key":"Bird Faced Urn"},{"floor":23,"key":"Bottled Tornado"},{"floor":25,"key":"Orichalcum"},{"floor":26,"key":"Mummified Hand"},{"floor":28,"key":"Red Mask"},{"floor":38,"key":"Ginger"},{"floor":42,"key":"Calipers"},{"floor":43,"key":"Happy Flower"},{"floor":47,"key":"Anchor"},{"floor":48,"key":"Vajra"}],"event_choices":[{"damage_healed":0,"gold_gain":0,"player_choice":"Take Damage","damage_taken":20,"relics_obtained":["Golden Idol"],"max_hp_gain":0,"max_hp_loss":0,"event_name":"Golden Idol","floor":3,"gold_loss":0},{"damage_healed":0,"gold_gain":0,"player_choice":"Ignored","damage_taken":0,"max_hp_gain":0,"max_hp_loss":0,"event_name":"Liars Game","floor":4,"gold_loss":0},{"cards_removed":["Strike_B"],"damage_healed":0,"gold_gain":0,"player_choice":"Card Removal","damage_taken":0,"max_hp_gain":0,"max_hp_loss":0,"event_name":"The Cleric","floor":5,"gold_loss":50},{"damage_healed":0,"gold_gain":0,"player_choice":"Gave Idol","damage_taken":0,"relics_obtained":["Bloody Idol"],"max_hp_gain":0,"max_hp_loss":0,"event_name":"Forgotten Altar","floor":21,"relics_lost":["Golden Idol"],"gold_loss":0},{"damage_healed":0,"gold_gain":0,"player_choice":"Read","damage_taken":0,"max_hp_gain":0,"max_hp_loss":0,"event_name":"The Library","floor":22,"gold_loss":0,"cards_obtained":["Go for the Eyes"]},{"damage_healed":0,"gold_gain":0,"player_choice":"Fought Bandits","damage_taken":0,"max_hp_gain":0,"max_hp_loss":0,"event_name":"Masked Bandits","floor":28,"gold_loss":0},{"damage_healed":0,"gold_gain":300,"player_choice":"Gold","damage_taken":0,"max_hp_gain":0,"max_hp_loss":0,"event_name":"Wheel of Change","floor":36,"gold_loss":0},{"damage_healed":0,"gold_gain":0,"player_choice":"Fight","damage_taken":0,"max_hp_gain":0,"max_hp_loss":0,"event_name":"MindBloom","floor":38,"gold_loss":0},{"damage_healed":0,"gold_gain":0,"player_choice":"Memory 3","damage_taken":10,"max_hp_gain":0,"max_hp_loss":0,"event_name":"SensoryStone","floor":39,"gold_loss":0},{"damage_healed":0,"gold_gain":0,"player_choice":"Embrace Madness","damage_taken":10,"max_hp_gain":0,"max_hp_loss":0,"event_name":"Winding Halls","floor":45,"gold_loss":0,"cards_obtained":["Madness","Madness"]}],"is_beta":false,"boss_relics":[{"not_picked":["Velvet Choker","Fusion Hammer"],"picked":"Sozu"},{"not_picked":["Eternal Feather","Snecko Eye"],"picked":"Nuclear Battery"}],"items_purged_floors":[29,46],"is_endless":false,"potions_floor_spawned":[1,6,10,14,19,27,30,33,35,37,42],"ascension_level":0}