{"gold_per_floor":[112,37,51,70,70,105,120,120,120,147,147,147,165,179,179,179],"floor_reached":16,"playtime":549,"items_purged":["Injury"],"score":185,"play_id":"d84dbb4b-a94d-4131-9da1-acee036b18e6","local_time":"20190205043335","is_ascension_mode":true,"campfire_choices":[{"floor":8.0,"key":"REST"},{"data":"Zap","floor":11.0,"key":"SMITH"},{"data":"Consume","floor":15.0,"key":"SMITH"}],"neow_cost":"CURSE","seed_source_timestamp":1811577129811749,"circlet_count":0,"master_deck":["AscendersBane","Strike_B","Strike_B","Strike_B","Defend_B","Defend_B","Defend_B","Defend_B","Zap+1","Dualcast+1","Echo Form","Leap","Streamline","BootSequence+1","Go for the Eyes","Genetic Algorithm","FTL","Consume+1"],"special_seed":0,"relics":["Cracked Core","Bottled Lightning","Singing Bowl","War Paint"],"potions_floor_usage":[16,16],"damage_taken":[{"damage":9.0,"enemies":"Jaw Worm","floor":1.0,"turns":5.0},{"damage":4.0,"enemies":"Small Slimes","floor":3.0,"turns":5.0},{"damage":1.0,"enemies":"Cultist","floor":4.0,"turns":3.0},{"damage":7.0,"enemies":"Lagavulin","floor":6.0,"turns":7.0},{"damage":8.0,"enemies":"Exordium Wildlife","floor":7.0,"turns":4.0},{"damage":28.0,"enemies":"Gremlin Nob","floor":10.0,"turns":5.0},{"damage":0.0,"enemies":"Red Slaver","floor":13.0,"turns":2.0},{"damage":9.0,"enemies":"3 Louse","floor":14.0,"turns":4.0},{"damage":42,"enemies":"Slime Boss","floor":16,"turns":6}],"seed_played":"-1294994133309434795","potions_obtained":[{"floor":6.0,"key":"Explosive Potion"},{"floor":13.0,"key":"Regen Potion"},{"floor":14.0,"key":"FearPotion"}],"is_trial":false,"path_per_floor":["M","$","M","M","?","E","M","R","T","E","R","?","M","M","R","B"],"character_chosen":"DEFECT","items_purchased":[],"campfire_rested":1,"item_purchase_floors":[],"current_hp_per_floor":[59,59,55,54,54,47,39,61,61,33,33,33,35,26,26,0],"gold":179,"neow_bonus":"THREE_RARE_CARDS","is_prod":false,"is_daily":false,"chose_seed":false,"campfire_upgraded":2,"win_rate":0,"timestamp":1549362815,"path_taken":["M","$","M","M","?","E","M","R","T","E","R","?","?","M","R","BOSS"],"build_version":"2019-01-23","purchased_purges":1,"victory":false,"max_hp_per_floor":[75,75,75,75,75,75,75,75,75,75,75,75,77,77,77,77],"card_choices":[{"not_picked":["Core Surge","Machine Learning"],"picked":"Echo Form","floor":0.0},{"not_picked":["Beam Cell","Skim"],"picked":"Leap","floor":1.0},{"not_picked":["Fusion","Coolheaded"],"picked":"Streamline","floor":3.0},{"not_picked":["Stack","Streamline"],"picked":"BootSequence","floor":4.0},{"not_picked":["Cold Snap","Meteor Strike"],"picked":"Go for the Eyes","floor":6.0},{"not_picked":["Barrage","Turbo"],"picked":"Genetic Algorithm","floor":7.0},{"not_picked":["Lockon","Stack"],"picked":"FTL","floor":10.0},{"not_picked":["Redo","Sweeping Beam","Beam Cell"],"picked":"Singing Bowl","floor":13.0},{"not_picked":["Ball Lightning","Steam Power"],"picked":"Consume","floor":14.0}],"player_experience":965261,"relics_obtained":[{"floor":6.0,"key":"Bottled Lightning"},{"floor":9.0,"key":"Singing Bowl"},{"floor":10.0,"key":"War Paint"}],"event_choices":[{"damage_healed":0.0,"max_hp_gain":0.0,"max_hp_loss":0.0,"gold_gain":0.0,"event_name":"Liars Game","player_choice":"Ignored","floor":5.0,"gold_loss":0.0,"damage_taken":0.0},{"cards_removed":["Strike_B"],"damage_healed":0.0,"max_hp_gain":0.0,"max_hp_loss":0.0,"gold_gain":0.0,"event_name":"Bonfire Elementals","player_choice":"Offered Basic","floor":12.0,"gold_loss":0.0,"damage_taken":0.0}],"is_beta":false,"boss_relics":[],"items_purged_floors":[2],"is_endless":false,"potions_floor_spawned":[6,13,14],"killed_by":"Slime Boss","ascension_level":13}