{"gold_per_floor":[114,133,58,69,85,85,104,104,104,104,134,99,69,81,81,176,176,187,200,54,54,72,72,104,104,174,174],"floor_reached":27,"playtime":1673,"items_purged":["Defend_G","Strike_G"],"score":291,"play_id":"9cfb9261-d6da-4c33-bf14-5248f5d46b73","local_time":"20181221192606","is_ascension_mode":true,"campfire_choices":[{"data":"Neutralize","floor":6.0,"key":"SMITH"},{"data":"Malaise","floor":8.0,"key":"SMITH"},{"floor":10.0,"key":"REST"},{"data":"Backflip","floor":15.0,"key":"SMITH"},{"data":"Envenom","floor":23.0,"key":"SMITH"},{"floor":25.0,"key":"REST"}],"neow_cost":"NONE","seed_source_timestamp":0,"circlet_count":0,"master_deck":["Defend_G","Defend_G","Defend_G","Strike_G","Strike_G","Survivor","Neutralize+1","Deflect","Tactician","Backflip+1","Malaise+1","Escape Plan+1","Escape Plan+1","Predator","Envenom+1","Heel Hook+1","Wraith Form v2+1","Expertise+1","Deadly Poison+1","PiercingWail+1","Poisoned Stab+1","Acrobatics+1"],"special_seed":0,"relics":["Ring of the Snake","Snake Skull","Toxic Egg 2","Centennial Puzzle","Astrolabe","Nunchaku","Blue Candle"],"potions_floor_usage":[],"damage_taken":[{"damage":1.0,"enemies":"Jaw Worm","floor":1.0,"turns":5.0},{"damage":0.0,"enemies":"2 Louse","floor":2.0,"turns":2.0},{"damage":7.0,"enemies":"Small Slimes","floor":4.0,"turns":5.0},{"damage":9.0,"enemies":"Exordium Wildlife","floor":5.0,"turns":10.0},{"damage":23.0,"enemies":"Large Slime","floor":7.0,"turns":11.0},{"damage":19.0,"enemies":"Gremlin Nob","floor":11.0,"turns":8.0},{"damage":0.0,"enemies":"Looter","floor":13.0,"turns":4.0},{"damage":0.0,"enemies":"2 Fungi Beasts","floor":14.0,"turns":5.0},{"damage":1.0,"enemies":"The Guardian","floor":16.0,"turns":18.0},{"damage":3.0,"enemies":"Chosen","floor":18.0,"turns":5.0},{"damage":18.0,"enemies":"Spheric Guardian","floor":19.0,"turns":5.0},{"damage":5.0,"enemies":"Cultist and Chosen","floor":22.0,"turns":8.0},{"damage":6.0,"enemies":"Slavers","floor":24.0,"turns":9.0},{"damage":56,"enemies":"Gremlin Leader","floor":27,"turns":4}],"seed_played":"-1949836851442143911","potions_obtained":[{"floor":1.0,"key":"PowerPotion"},{"floor":5.0,"key":"Energy Potion"},{"floor":7.0,"key":"EssenceOfSteel"},{"floor":14.0,"key":"Strength Potion"},{"floor":18.0,"key":"PowerPotion"},{"floor":19.0,"key":"Weak Potion"},{"floor":24.0,"key":"Explosive Potion"}],"is_trial":false,"path_per_floor":["M","M","$","M","M","R","M","R","T","R","E","?","M","M","R","B",null,"M","M","$","?","M","R","E","R","T","E"],"character_chosen":"THE_SILENT","items_purchased":["PiercingWail+1"],"campfire_rested":2,"item_purchase_floors":[20],"current_hp_per_floor":[69,69,69,62,53,53,30,30,30,51,32,49,49,49,49,48,65,62,44,44,44,39,39,33,54,54,0],"gold":174,"neow_bonus":"RANDOM_COMMON_RELIC","is_prod":false,"is_daily":false,"chose_seed":false,"campfire_upgraded":4,"win_rate":0,"timestamp":1545416766,"path_taken":["M","M","$","M","M","R","M","R","T","R","E","?","M","M","R","BOSS","M","M","$","?","M","R","E","R","T","E"],"build_version":"2018-12-20","purchased_purges":2,"victory":false,"max_hp_per_floor":[70,70,70,70,70,70,70,70,70,70,70,70,70,70,70,70,70,70,70,70,70,70,70,70,70,70,70],"card_choices":[{"not_picked":["Reflex","Quick Slash"],"picked":"Deflect","floor":1.0},{"not_picked":["Dodge and Roll","Underhanded Strike"],"picked":"Tactician","floor":2.0},{"not_picked":["Bane","Heel Hook","Outmaneuver"],"picked":"SKIP","floor":4.0},{"not_picked":["Terror","Skewer"],"picked":"Backflip","floor":5.0},{"not_picked":["Poisoned Stab","Prepared"],"picked":"Malaise","floor":7.0},{"not_picked":["PiercingWail+1","Infinite Blades"],"picked":"Escape Plan+1","floor":11.0},{"not_picked":["Slice","Sucker Punch"],"picked":"Escape Plan+1","floor":13.0},{"not_picked":["Slice","Backflip+1"],"picked":"Predator","floor":14.0},{"not_picked":["Bullet Time+1","Malaise+1"],"picked":"Envenom","floor":16.0},{"not_picked":["Concentrate+1","Tactician+1"],"picked":"Deadly Poison+1","floor":18.0},{"not_picked":["Dagger Throw","Underhanded Strike+1","Quick Slash"],"picked":"SKIP","floor":19.0},{"not_picked":["Blade Dance+1","Dagger Throw"],"picked":"Poisoned Stab+1","floor":22.0},{"not_picked":["A Thousand Cuts","Infinite Blades+1"],"picked":"Acrobatics+1","floor":24.0}],"player_experience":429976,"relics_obtained":[{"floor":9.0,"key":"Toxic Egg 2"},{"floor":11.0,"key":"Centennial Puzzle"},{"floor":24.0,"key":"Nunchaku"},{"floor":26,"key":"Blue Candle"}],"event_choices":[{"damage_healed":17.0,"max_hp_gain":0.0,"max_hp_loss":0.0,"gold_gain":0.0,"event_name":"The Cleric","player_choice":"Healed","floor":12.0,"gold_loss":35.0,"damage_taken":0.0}],"is_beta":false,"boss_relics":[{"not_picked":["Snecko Eye","Coffee Dripper"],"picked":"Astrolabe"}],"items_purged_floors":[3,20],"is_endless":false,"potions_floor_spawned":[1,5,7,14,18,19,24],"killed_by":"Gremlin Leader","ascension_level":5}