{"gold_per_floor":[119,89,106,126,11,36,36,49,74,74,101,116,142,154,154,255,255,272,16,32,32,32,66,81,81],"floor_reached":25,"playtime":1845,"items_purged":["Defend_B"],"score":335,"play_id":"dd43ff7a-b9ee-44ec-8b58-b7301a0ece06","local_time":"20190105182608","is_ascension_mode":true,"campfire_choices":[{"data":"Zap","floor":7.0,"key":"SMITH"},{"data":"Chaos","floor":15.0,"key":"SMITH"}],"neow_cost":"PERCENT_DAMAGE","seed_source_timestamp":1200191239796454,"circlet_count":0,"master_deck":["Strike_B","Defend_B","Defend_B","Defend_B+1","Zap+1","Dualcast","Leap+1","White Noise","FTL","Capacitor","Compile Driver","Ball Lightning","Auto Shields","Chaos+1","Cold Snap+1","Amplify","Go for the Eyes+1","Hologram","Conserve Battery","FTL+1"],"special_seed":0,"relics":["Cracked Core","Orichalcum","War Paint","Ancient Tea Set","Molten Egg 2","Coffee Dripper","Cables","Meat on the Bone","Strawberry"],"potions_floor_usage":[],"damage_taken":[{"damage":2.0,"enemies":"Jaw Worm","floor":1.0,"turns":3.0},{"damage":0.0,"enemies":"Cultist","floor":3.0,"turns":3.0},{"damage":0.0,"enemies":"Small Slimes","floor":4.0,"turns":4.0},{"damage":11.0,"enemies":"3 Sentries","floor":6.0,"turns":6.0},{"damage":13.0,"enemies":"Exordium Thugs","floor":8.0,"turns":4.0},{"damage":0.0,"enemies":"Lagavulin","floor":11.0,"turns":6.0},{"damage":0.0,"enemies":"Large Slime","floor":12.0,"turns":5.0},{"damage":11.0,"enemies":"3 Sentries","floor":13.0,"turns":6.0},{"damage":0.0,"enemies":"Looter","floor":14.0,"turns":3.0},{"damage":1.0,"enemies":"Slime Boss","floor":16.0,"turns":6.0},{"damage":1.0,"enemies":"Shell Parasite","floor":18.0,"turns":4.0},{"damage":0.0,"enemies":"3 Byrds","floor":20.0,"turns":2.0},{"damage":30.0,"enemies":"Book of Stabbing","floor":23.0,"turns":5.0},{"damage":22.0,"enemies":"Snake Plant","floor":24.0,"turns":6.0},{"damage":45,"enemies":"Slavers","floor":25,"turns":3}],"seed_played":"-5857516689737273482","potions_obtained":[{"floor":1.0,"key":"Block Potion"},{"floor":2.0,"key":"Weak Potion"},{"floor":2.0,"key":"PowerPotion"},{"floor":12.0,"key":"EssenceOfSteel"},{"floor":14.0,"key":"Poison Potion"},{"floor":16.0,"key":"Energy Potion"}],"is_trial":false,"path_per_floor":["M","?","M","M","$","E","R","M","T","?","E","M","E","M","R","B",null,"M","$","M","?","$","E","M","E"],"character_chosen":"DEFECT","items_purchased":["Capacitor","Cables"],"campfire_rested":0,"item_purchase_floors":[5,19],"current_hp_per_floor":[52,52,52,52,52,41,41,28,28,28,28,28,17,17,17,16,60,59,59,59,59,59,48,38,0],"gold":81,"neow_bonus":"REMOVE_TWO","is_prod":false,"is_daily":false,"chose_seed":false,"campfire_upgraded":2,"win_rate":0,"timestamp":1546734368,"path_taken":["M","?","M","M","?","E","R","M","T","?","E","M","E","?","R","BOSS","M","$","M","?","?","E","M","E"],"build_version":"2019-01-03v4","purchased_purges":1,"victory":false,"max_hp_per_floor":[75,75,75,75,75,75,75,75,75,75,75,75,75,75,75,75,75,75,75,75,75,75,82,82,82],"card_choices":[{"not_picked":["Blizzard","Sweeping Beam"],"picked":"Leap","floor":1.0},{"not_picked":["Ball Lightning","Go for the Eyes"],"picked":"White Noise","floor":3.0},{"not_picked":["Compile Driver","Skim"],"picked":"FTL","floor":4.0},{"not_picked":["Steam","Hello World"],"picked":"Compile Driver","floor":6.0},{"not_picked":["Stack","Hologram"],"picked":"Ball Lightning","floor":8.0},{"not_picked":["Beam Cell","Chill"],"picked":"Auto Shields","floor":11.0},{"not_picked":["Skim","Leap"],"picked":"Chaos","floor":12.0},{"not_picked":["Stack","Blizzard"],"picked":"Cold Snap","floor":13.0},{"not_picked":["Gash+1","Barrage+1","Static Discharge"],"picked":"SKIP","floor":14.0},{"not_picked":["Thunder Strike+1","Fission"],"picked":"Amplify","floor":16.0},{"not_picked":["Hologram","Turbo+1"],"picked":"Go for the Eyes+1","floor":18.0},{"not_picked":["Ball Lightning+1","Sweeping Beam+1"],"picked":"Hologram","floor":20.0},{"not_picked":["Steam+1","Capacitor+1"],"picked":"Conserve Battery","floor":23.0},{"not_picked":["Barrage+1","Beam Cell+1"],"picked":"FTL+1","floor":24.0}],"player_experience":477092,"relics_obtained":[{"floor":6.0,"key":"Orichalcum"},{"floor":9.0,"key":"War Paint"},{"floor":11.0,"key":"Ancient Tea Set"},{"floor":13.0,"key":"Molten Egg 2"},{"floor":21.0,"key":"Meat on the Bone"},{"floor":23.0,"key":"Strawberry"}],"event_choices":[{"damage_healed":0.0,"max_hp_gain":0.0,"max_hp_loss":0.0,"gold_gain":0.0,"event_name":"The Woman in Blue","player_choice":"Bought 2 Potions","floor":2.0,"gold_loss":0.0,"damage_taken":0.0},{"cards_removed":["Strike_B"],"damage_healed":0.0,"max_hp_gain":0.0,"max_hp_loss":0.0,"gold_gain":0.0,"event_name":"Purifier","player_choice":"Purged","floor":10.0,"gold_loss":0.0,"damage_taken":0.0},{"damage_healed":0.0,"max_hp_gain":0.0,"max_hp_loss":0.0,"gold_gain":0.0,"event_name":"Wheel of Change","player_choice":"Relic","floor":21.0,"gold_loss":0.0,"damage_taken":0.0}],"is_beta":false,"boss_relics":[{"not_picked":["Tiny House","Sozu"],"picked":"Coffee Dripper"}],"items_purged_floors":[5],"is_endless":false,"potions_floor_spawned":[1,3,12,14,16],"killed_by":"Slavers","ascension_level":5}