{"gold_per_floor":[111,127,52,65,81,81,111,111,111,144,156,31,31,31,31,103,103,114,64,78,92,111,111,127,127],"floor_reached":25,"playtime":1220,"items_purged":["Strike_G","Strike_G","Strike_G"],"score":408,"play_id":"6adef945-b5a0-4639-93d8-926a5ae7188d","local_time":"20190302183341","is_ascension_mode":true,"campfire_choices":[{"data":"Neutralize","floor":6,"key":"SMITH"},{"floor":8,"key":"REST"},{"data":"Footwork","floor":13,"key":"SMITH"},{"floor":15,"key":"REST"},{"floor":23,"key":"REST"}],"neow_cost":"NONE","seed_source_timestamp":58188705510826,"circlet_count":0,"master_deck":["AscendersBane","Defend_G","Defend_G","Defend_G","Defend_G","Defend_G","Strike_G","Strike_G","Survivor","Neutralize+1","Night Terror","All Out Attack","Corpse Explosion+1","Footwork+1","Deadly Poison","Burst"],"relics":["Ring of the Snake","Molten Egg 2","Matryoshka","Smiling Mask","Philosopher\u0027s Stone"],"potions_floor_usage":[7,10,16,16,21,22],"damage_taken":[{"damage":11,"enemies":"Cultist","floor":1,"turns":6},{"damage":3,"enemies":"Jaw Worm","floor":2,"turns":5},{"damage":0,"enemies":"2 Louse","floor":4,"turns":2},{"damage":5,"enemies":"Blue Slaver","floor":5,"turns":5},{"damage":25,"enemies":"Gremlin Nob","floor":7,"turns":5},{"damage":27,"enemies":"3 Sentries","floor":10,"turns":6},{"damage":0,"enemies":"Looter","floor":11,"turns":5},{"damage":46,"enemies":"Slime Boss","floor":16,"turns":13},{"damage":18,"enemies":"Spheric Guardian","floor":18,"turns":5},{"damage":9,"enemies":"Shell Parasite","floor":20,"turns":7},{"damage":22,"enemies":"Snecko","floor":21,"turns":8},{"damage":0,"enemies":"Centurion and Healer","floor":22,"turns":6},{"damage":26,"enemies":"Chosen and Byrds","floor":24,"turns":8},{"damage":18,"enemies":"Sentry and Sphere","floor":25,"turns":4}],"seed_played":"-3592448921932318708","potions_obtained":[{"floor":2,"key":"Dexterity Potion"},{"floor":4,"key":"FearPotion"},{"floor":10,"key":"Ancient Potion"},{"floor":11,"key":"Regen Potion"},{"floor":18,"key":"Energy Potion"},{"floor":21,"key":"Regen Potion"}],"is_trial":false,"path_per_floor":["M","M","$","M","M","R","E","R","T","E","M","$","R","?","R","B",null,"M","$","M","M","M","R","M","M"],"character_chosen":"THE_SILENT","items_purchased":["Regen Potion"],"campfire_rested":3,"item_purchase_floors":[12],"current_hp_per_floor":[48,45,45,45,40,40,15,34,34,7,7,7,7,7,26,35,58,40,40,31,9,24,43,17,0],"gold":127,"neow_bonus":"ONE_RANDOM_RARE_CARD","is_prod":false,"is_daily":false,"chose_seed":false,"campfire_upgraded":2,"win_rate":0,"timestamp":1551548021,"path_taken":["M","M","$","?","M","R","E","R","T","E","M","$","R","?","R","BOSS","M","$","M","?","M","R","M","M"],"build_version":"2019-01-23","purchased_purges":3,"victory":false,"max_hp_per_floor":[66,66,66,66,66,66,66,66,66,66,66,66,66,66,66,66,66,66,66,66,66,66,66,66,66],"card_choices":[{"not_picked":["Underhanded Strike","Accuracy","Tactician"],"picked":"SKIP","floor":1},{"not_picked":["Expertise","Underhanded Strike"],"picked":"All Out Attack","floor":2},{"not_picked":["Distraction","All Out Attack","Flying Knee"],"picked":"SKIP","floor":4},{"not_picked":["Eviscerate","Dagger Spray","Blur"],"picked":"SKIP","floor":5},{"not_picked":["Prepared","Crippling Poison"],"picked":"Corpse Explosion","floor":7},{"not_picked":["Quick Slash+1","Leg Sweep"],"picked":"Footwork","floor":10},{"not_picked":["PiercingWail","Dodge and Roll"],"picked":"Deadly Poison","floor":11},{"not_picked":["A Thousand Cuts","Wraith Form v2"],"picked":"Burst","floor":16},{"not_picked":["Calculated Gamble","Acrobatics","Infinite Blades"],"picked":"SKIP","floor":18},{"not_picked":["Dodge and Roll","Finisher+1","Prepared+1"],"picked":"SKIP","floor":20},{"not_picked":["Flechettes+1","All Out Attack+1","Dagger Spray+1"],"picked":"SKIP","floor":21},{"not_picked":["Cloak And Dagger","Expertise","Eviscerate+1"],"picked":"SKIP","floor":22},{"not_picked":["Sucker Punch+1","Cloak And Dagger","Deadly Poison"],"picked":"SKIP","floor":24}],"player_experience":721962,"relics_obtained":[{"floor":7,"key":"Molten Egg 2"},{"floor":9,"key":"Matryoshka"},{"floor":10,"key":"Smiling Mask"}],"event_choices":[{"damage_healed":0,"gold_gain":0,"player_choice":"Forge","damage_taken":0,"max_hp_gain":0,"max_hp_loss":0,"event_name":"Accursed Blacksmith","floor":14,"gold_loss":0,"cards_upgraded":["Corpse Explosion"]}],"is_beta":false,"boss_relics":[{"not_picked":["Ring of the Serpent","White Beast Statue"],"picked":"Philosopher\u0027s Stone"}],"items_purged_floors":[3,12,19],"is_endless":false,"potions_floor_spawned":[2,4,10,11,18,21],"killed_by":"Sentry and Sphere","ascension_level":14}