{"gold_per_floor":[218,218,233,246,246,246,278,291,291,291,311,187,187,115,115,216,216,226,226,239,239,259,259,277,277,277,277,290,308,308,328,328,328],"floor_reached":33,"playtime":1126,"items_purged":["Defend_R"],"score":248,"play_id":"05d7716a-bf02-4ad5-b118-2887338f6051","local_time":"20181006015157","is_ascension_mode":false,"campfire_choices":[{"data":"Bash","floor":6,"key":"SMITH"},{"data":"Flame Barrier","floor":10,"key":"SMITH"},{"data":"Perfected Strike","floor":13,"key":"SMITH"},{"data":"Perfected Strike","floor":15,"key":"SMITH"},{"data":"Demon Form","floor":23,"key":"SMITH"},{"data":"Infernal Blade","floor":25,"key":"SMITH"},{"floor":30,"key":"REST"},{"floor":32,"key":"REST"}],"neow_cost":"NONE","seed_source_timestamp":317027109833136,"circlet_count":0,"master_deck":["Strike_R","Strike_R","Strike_R","Strike_R","Strike_R","Defend_R","Defend_R","Defend_R","Bash+1","Thunderclap","Cleave","Shrug It Off","Flame Barrier+1","Perfected Strike+1","Perfected Strike+1","Demon Form+1","Dual Wield","Infernal Blade+1","Clash","Pummel","Flex","Flex"],"relics":["Burning Blood","Pantograph","Spirit Poop","FossilizedHelix","Magic Flower","Mark of Pain","Paper Frog","Juzu Bracelet"],"potions_floor_usage":[7,22,28,29,29,29],"damage_taken":[{"damage":3,"enemies":"2 Louse","floor":1,"turns":3},{"damage":8,"enemies":"Jaw Worm","floor":3,"turns":3},{"damage":7,"enemies":"Small Slimes","floor":4,"turns":3},{"damage":43,"enemies":"Gremlin Nob","floor":7,"turns":5},{"damage":14,"enemies":"Gremlin Gang","floor":8,"turns":5},{"damage":0,"enemies":"3 Louse","floor":11,"turns":4},{"damage":34,"enemies":"Slime Boss","floor":16,"turns":11},{"damage":10,"enemies":"3 Byrds","floor":18,"turns":4},{"damage":0,"enemies":"Spheric Guardian","floor":20,"turns":3},{"damage":19,"enemies":"Snake Plant","floor":22,"turns":3},{"damage":42,"enemies":"Shelled Parasite and Fungi","floor":24,"turns":5},{"damage":17,"enemies":"Snecko","floor":28,"turns":4},{"damage":38,"enemies":"Centurion and Healer","floor":29,"turns":5},{"damage":18,"enemies":"3 Cultists","floor":31,"turns":5},{"damage":91,"enemies":"Champ","floor":33,"turns":10}],"seed_played":"-1890128916581087539","potions_obtained":[{"floor":4,"key":"Poison Potion"},{"floor":11,"key":"PowerPotion"},{"floor":16,"key":"Regen Potion"},{"floor":22,"key":"Weak Potion"},{"floor":28,"key":"Dexterity Potion"}],"is_trial":false,"path_per_floor":["M","?","M","M","?","R","E","M","T","R","M","$","R","$","R","B",null,"M","?","M","?","M","R","M","R","T","?","M","M","R","M","R"],"character_chosen":"IRONCLAD","items_purchased":["Perfected Strike","Regen Potion"],"campfire_rested":2,"item_purchase_floors":[12,14],"current_hp_per_floor":[80,80,78,77,77,77,40,32,32,32,41,41,41,41,41,54,80,79,79,80,80,70,70,37,37,37,37,51,41,65,56,80,0],"gold":328,"neow_bonus":"HUNDRED_GOLD","is_prod":false,"is_daily":false,"chose_seed":false,"campfire_upgraded":6,"win_rate":0,"timestamp":1538783517,"path_taken":["M","?","?","M","?","R","E","M","T","R","M","$","R","$","R","BOSS","M","?","M","?","?","R","M","R","T","?","M","M","R","M","R","BOSS"],"build_version":"2018-10-04","purchased_purges":1,"victory":false,"max_hp_per_floor":[80,80,80,80,80,80,80,80,80,80,80,80,80,80,80,80,80,80,80,80,80,80,80,80,80,80,80,80,80,80,80,80,80],"card_choices":[{"not_picked":["Body Slam","Warcry"],"picked":"Thunderclap","floor":1},{"not_picked":["Twin Strike","Body Slam"],"picked":"Cleave","floor":3},{"not_picked":["Clash","Pommel Strike","Armaments"],"picked":"SKIP","floor":4},{"not_picked":["Cleave","Warcry"],"picked":"Shrug It Off","floor":7},{"not_picked":["Heavy Blade","Inflame"],"picked":"Flame Barrier","floor":8},{"not_picked":["Twin Strike","Rupture"],"picked":"Perfected Strike","floor":11},{"not_picked":["Fiend Fire","Feed"],"picked":"Demon Form","floor":16},{"not_picked":["Feel No Pain","Thunderclap"],"picked":"Dual Wield","floor":18},{"not_picked":["Warcry+1","Ghostly Armor"],"picked":"Infernal Blade","floor":20},{"not_picked":["Body Slam","Hemokinesis"],"picked":"Clash","floor":22},{"not_picked":["Entrench","Sword Boomerang","Thunderclap"],"picked":"SKIP","floor":24},{"not_picked":["Shrug It Off","Pommel Strike"],"picked":"Pummel","floor":28},{"not_picked":["Warcry","Hemokinesis+1"],"picked":"Flex","floor":29},{"not_picked":["Cleave+1","Sentinel"],"picked":"Flex","floor":31}],"player_experience":183085,"relics_obtained":[{"floor":7,"key":"FossilizedHelix"},{"floor":9,"key":"Magic Flower"},{"floor":26,"key":"Juzu Bracelet"}],"event_choices":[{"event_name":"Big Fish","player_choice":"Box","floor":2,"damage_taken":0},{"event_name":"Bonfire Elementals","player_choice":"CURSE","floor":5,"damage_taken":0},{"event_name":"Vampires","player_choice":"Ignored","floor":19,"damage_taken":0},{"event_name":"The Mausoleum","player_choice":"Yes","floor":21,"damage_taken":0},{"event_name":"Ghosts","player_choice":"Ignored","floor":27,"damage_taken":0}],"is_beta":false,"boss_relics":[{"not_picked":["Snecko Eye","Orrery"],"picked":"Mark of Pain"}],"items_purged_floors":[12],"is_endless":false,"potions_floor_spawned":[4,11,16,22,24,28],"killed_by":"Champ","ascension_level":0}