{"gold_per_floor":[210,19,19,19,38,38,0,0,24,24],"floor_reached":10,"playtime":171,"items_purged":[],"score":84,"play_id":"9ce2cc5d-170e-4abc-8f3c-9e9cb01995d1","local_time":"20190201231506","is_ascension_mode":true,"campfire_choices":[{"data":"Footwork","floor":6,"key":"SMITH"}],"neow_cost":"NONE","seed_source_timestamp":1042013717813134,"circlet_count":0,"master_deck":["AscendersBane","Defend_G","Defend_G","Defend_G","Defend_G","Defend_G","Strike_G","Strike_G","Strike_G","Strike_G","Survivor","Neutralize","Flechettes","Footwork+1","Blur","Flying Knee","Flying Knee","Dash"],"relics":["Ring of the Snake","Art of War","Bronze Scales"],"potions_floor_usage":[10],"damage_taken":[{"damage":0,"enemies":"Cultist","floor":1,"turns":6},{"damage":2,"enemies":"Jaw Worm","floor":5,"turns":5},{"damage":56,"enemies":"Gremlin Nob","floor":10,"turns":5}],"seed_played":"1329575626768642860","potions_obtained":[{"floor":5,"key":"Swift Potion"}],"is_trial":false,"path_per_floor":["M","$","?","?","M","R","$","?","T","E"],"character_chosen":"THE_SILENT","items_purchased":["Footwork","Blur","Flying Knee","Dash"],"campfire_rested":0,"item_purchase_floors":[2,2,2,7],"current_hp_per_floor":[63,63,63,56,54,54,54,54,54,0],"gold":24,"neow_bonus":"HUNDRED_GOLD","is_prod":false,"is_daily":false,"chose_seed":false,"campfire_upgraded":1,"win_rate":0,"timestamp":1549059306,"path_taken":["M","$","?","?","?","R","$","?","T","E"],"build_version":"2019-01-23","purchased_purges":0,"victory":false,"max_hp_per_floor":[70,70,70,70,70,70,70,70,70,70],"card_choices":[{"not_picked":["Deadly Poison","Accuracy"],"picked":"Flechettes","floor":1},{"not_picked":["Setup","Reflex"],"picked":"Flying Knee","floor":5}],"player_experience":570639,"relics_obtained":[{"floor":9,"key":"Bronze Scales"}],"event_choices":[{"damage_healed":0,"gold_gain":0,"player_choice":"Leave","damage_taken":0,"max_hp_gain":0,"max_hp_loss":0,"event_name":"The Cleric","floor":3,"gold_loss":0},{"cards_removed":["Strike_G"],"damage_healed":0,"gold_gain":0,"player_choice":"Card Removal","damage_taken":7,"max_hp_gain":0,"max_hp_loss":0,"event_name":"Golden Wing","floor":4,"gold_loss":0},{"damage_healed":0,"gold_gain":0,"player_choice":"Searched \u00271\u0027 times","damage_taken":0,"relics_obtained":["Art of War"],"max_hp_gain":0,"max_hp_loss":0,"event_name":"Dead Adventurer","floor":8,"gold_loss":0}],"is_beta":false,"boss_relics":[],"items_purged_floors":[],"is_endless":false,"potions_floor_spawned":[5],"killed_by":"Gremlin Nob","ascension_level":11}