{"gold_per_floor":[15,15,15,25,37,68,85,85,85,104,117,148,161,191,191,191],"floor_reached":16,"playtime":820,"items_purged":[],"score":180,"play_id":"7782fc0f-b609-4573-85cf-053c03b227d3","local_time":"20190116125046","is_ascension_mode":true,"campfire_choices":[{"data":"Loop","floor":8,"key":"SMITH"},{"data":"Doom and Gloom","floor":15,"key":"SMITH"}],"neow_cost":"NO_GOLD","seed_source_timestamp":113217737754513,"circlet_count":0,"master_deck":["Strike_B","Strike_B","Defend_B","Defend_B+1","Defend_B+1","Defend_B","Zap+1","Dualcast","Doom and Gloom+1","Coolheaded","Rip and Tear","Compile Driver","FTL","Loop+1","Genetic Algorithm","White Noise","Chill"],"relics":["Cracked Core","War Paint","Mummified Hand","Mango","Bird Faced Urn"],"potions_floor_usage":[11,14,14,16],"damage_taken":[{"damage":0,"enemies":"Cultist","floor":1,"turns":3},{"damage":0,"enemies":"Jaw Worm","floor":4,"turns":3},{"damage":0,"enemies":"Small Slimes","floor":5,"turns":2},{"damage":24,"enemies":"3 Sentries","floor":6,"turns":6},{"damage":2,"enemies":"2 Fungi Beasts","floor":7,"turns":3},{"damage":10,"enemies":"Blue Slaver","floor":10,"turns":3},{"damage":0,"enemies":"Lots of Slimes","floor":11,"turns":2},{"damage":11,"enemies":"Lagavulin","floor":12,"turns":6},{"damage":1,"enemies":"Looter","floor":13,"turns":2},{"damage":15,"enemies":"Gremlin Nob","floor":14,"turns":4},{"damage":24,"enemies":"Slime Boss","floor":16,"turns":6}],"seed_played":"5372946813842951284","potions_obtained":[{"floor":1,"key":"Weak Potion"},{"floor":6,"key":"GamblersBrew"},{"floor":10,"key":"AttackPotion"},{"floor":11,"key":"Block Potion"}],"is_trial":false,"path_per_floor":["M","?","?","M","M","E","M","R","T","M","M","E","M","E","R","B"],"character_chosen":"DEFECT","items_purchased":[],"campfire_rested":0,"item_purchase_floors":[],"current_hp_per_floor":[68,68,68,68,68,44,42,42,42,32,32,35,34,19,19,0],"gold":191,"neow_bonus":"TRANSFORM_TWO_CARDS","is_prod":false,"is_daily":false,"chose_seed":false,"campfire_upgraded":2,"win_rate":0,"timestamp":1547664646,"path_taken":["M","?","?","M","M","E","M","R","T","M","M","E","M","E","R","BOSS"],"build_version":"2019-01-10","purchased_purges":0,"victory":false,"max_hp_per_floor":[75,75,75,75,75,75,75,75,75,75,75,89,89,89,89,89],"card_choices":[{"not_picked":["Turbo","Ball Lightning"],"picked":"Rip and Tear","floor":1},{"not_picked":["Gash","Streamline"],"picked":"Compile Driver","floor":4},{"not_picked":["Hologram","Doom and Gloom"],"picked":"FTL","floor":5},{"not_picked":["Go for the Eyes","Cold Snap"],"picked":"Loop","floor":6},{"not_picked":["Darkness","Compile Driver"],"picked":"Genetic Algorithm","floor":7},{"not_picked":["Turbo","Ball Lightning"],"picked":"White Noise","floor":10},{"not_picked":["Barrage","Aggregate","Fusion"],"picked":"SKIP","floor":11},{"not_picked":["Sweeping Beam","Hologram","Barrage"],"picked":"SKIP","floor":12},{"not_picked":["Rainbow","Lockon"],"picked":"Chill","floor":13},{"not_picked":["Coolheaded","Turbo","FTL"],"picked":"SKIP","floor":14}],"player_experience":656058,"relics_obtained":[{"floor":6,"key":"War Paint"},{"floor":9,"key":"Mummified Hand"},{"floor":12,"key":"Mango"},{"floor":14,"key":"Bird Faced Urn"}],"event_choices":[{"damage_healed":0,"gold_gain":0,"player_choice":"Leave","damage_taken":0,"max_hp_gain":0,"max_hp_loss":0,"event_name":"The Cleric","floor":2,"gold_loss":0},{"damage_healed":0,"gold_gain":0,"player_choice":"Forge","damage_taken":0,"max_hp_gain":0,"max_hp_loss":0,"event_name":"Accursed Blacksmith","floor":3,"gold_loss":0,"cards_upgraded":["Zap"]}],"is_beta":false,"boss_relics":[],"items_purged_floors":[],"is_endless":false,"potions_floor_spawned":[1,6,10,11,13],"killed_by":"Slime Boss","ascension_level":9}