{"path_per_floor":["M","M","M","M","M","E","R","M","T","M","M","M","R","$","R","B",null,"M","?","M","M"],"character_chosen":"IRONCLAD","items_purchased":["Oddly Smooth Stone"],"gold_per_floor":[109,128,141,154,164,197,197,210,237,247,264,276,276,51,51,156,156,173,173,158,178,178],"floor_reached":22,"campfire_rested":0,"playtime":2763,"current_hp_per_floor":[79,79,80,80,80,65,65,64,64,58,62,63,63,63,63,37,92,54,54,44,43,0],"items_purged":["Strike_R"],"gold":178,"score":204,"play_id":"d671d412-a4ce-4583-9ef2-7966c7791ab6","local_time":"20180413021747","is_prod":false,"is_daily":false,"chose_seed":false,"is_ascension_mode":true,"campfire_upgraded":3,"timestamp":1523600267,"path_taken":["M","M","M","?","M","E","R","M","T","?","M","M","R","$","R","BOSS","M","?","M","M","M"],"build_version":"2018-04-12","seed_source_timestamp":51900988152022,"purchased_purges":1,"victory":false,"master_deck":["Strike_R+1","Strike_R+1","Strike_R+1","Strike_R+1","Defend_R+1","Defend_R+1","Defend_R+1","Defend_R+1","Bash","Decay","Juggernaut+1","Power Through","Shrug It Off","Feed","Flame Barrier+1","Flex","Fire Breathing+1","Bludgeon","Armaments","Reckless Charge","Headbutt","Barricade","Bloodletting","Havoc","Armaments+1"],"max_hp_per_floor":[80,80,80,80,80,80,80,83,83,86,86,89,89,89,89,92,92,92,92,92,92,92],"relics":["Burning Blood","Anchor","Prayer Wheel","Oddly Smooth Stone","Sozu"],"card_choices":[{"not_picked":["Fiend Fire","Double Tap"],"picked":"Juggernaut","floor":0},{"not_picked":["Perfected Strike","Headbutt"],"picked":"Power Through","floor":1},{"not_picked":["Havoc","Power Through"],"picked":"Shrug It Off","floor":2},{"not_picked":["Thunderclap","Feel No Pain"],"picked":"Feed","floor":3},{"not_picked":["Iron Wave","True Grit"],"picked":"Flame Barrier","floor":4},{"not_picked":["Cleave","Heavy Blade"],"picked":"Flex","floor":5},{"not_picked":["Clothesline","True Grit"],"picked":"Fire Breathing","floor":6},{"not_picked":["Flex","Second Wind"],"picked":"Bludgeon","floor":8},{"not_picked":["Thunderclap","True Grit"],"picked":"Armaments","floor":10},{"not_picked":["Infernal Blade","Warcry"],"picked":"Reckless Charge","floor":11},{"not_picked":["Armaments","Wild Strike"],"picked":"Headbutt","floor":12},{"not_picked":["Fiend Fire","Bludgeon"],"picked":"Barricade","floor":16},{"not_picked":["Twin Strike","Sword Boomerang"],"picked":"Bloodletting","floor":18},{"not_picked":["Hemokinesis","Ghostly Armor"],"picked":"Havoc","floor":20},{"not_picked":["Ghostly Armor","True Grit"],"picked":"Armaments","floor":21}],"player_experience":234441,"potions_floor_usage":[5,6,10,16,18,18],"damage_taken":[{"damage":7,"enemies":"Cultist","floor":1,"turns":4},{"damage":6,"enemies":"Jaw Worm","floor":2,"turns":4},{"damage":4,"enemies":"Small Slimes","floor":3,"turns":4},{"damage":5,"enemies":"Red Slaver","floor":4,"turns":5},{"damage":2,"enemies":"Looter","floor":5,"turns":4},{"damage":21,"enemies":"3 Sentries","floor":6,"turns":11},{"damage":10,"enemies":"Lots of Slimes","floor":8,"turns":4},{"damage":15,"enemies":"Gremlin Gang","floor":10,"turns":6},{"damage":2,"enemies":"Looter","floor":11,"turns":2},{"damage":8,"enemies":"Large Slime","floor":12,"turns":6},{"damage":35,"enemies":"The Guardian","floor":16,"turns":13},{"damage":44,"enemies":"Chosen","floor":18,"turns":6},{"damage":16,"enemies":"2 Thieves","floor":20,"turns":4},{"damage":7,"enemies":"Snake Plant","floor":21,"turns":5},{"damage":49,"enemies":"Slaver and Parasite","floor":22,"turns":5}],"event_choices":[{"event_name":"Back to Basics","player_choice":"Simplicity","floor":19,"damage_taken":0}],"boss_relics":[{"not_picked":["Black Blood","Calling Bell"],"picked":"Sozu"}],"potions_floor_spawned":[1,4,5,10,12,16,21],"seed_played":"4711831888848187833","killed_by":"Slaver and Parasite","ascension_level":1,"is_trial":false}