{"gold_per_floor":[110,35,48,48,62,93,109,136,217,217,217,248,264,294,294,398,398,417,430,54,69,20,49,148,148,173,217,229,261,303,335,347,455,467,496,525,637,649,672,717,739,764,776,820,832,873,885,912,924,936],"floor_reached":51,"playtime":7609,"items_purged":["Clumsy","Strike_B"],"score":1017,"play_id":"2df6a1dd-28e8-495f-8aae-60d0500c14ba","local_time":"20190303004204","is_ascension_mode":true,"campfire_choices":[{"floor":10,"key":"REST"},{"floor":15,"key":"REST"},{"data":"Defragment","floor":25,"key":"SMITH"},{"floor":32,"key":"REST"},{"data":"Glacier","floor":47,"key":"SMITH"},{"data":"Zap","floor":49,"key":"SMITH"}],"neow_cost":"CURSE","seed_source_timestamp":374151245670135,"circlet_count":0,"master_deck":["Strike_B","Strike_B","Strike_B+1","Defend_B","Defend_B","Defend_B","Defend_B","Zap+1","Dualcast","Echo Form","Defragment+1","Defragment+1","Conserve Battery","Glacier+1","Leap","Biased Cognition","Ball Lightning+1","Ball Lightning","Machine Learning","Self Repair","Storm+1","Static Discharge+1","Cold Snap","Go for the Eyes","Biased Cognition+1","Storm+1","Steam+1","Ball Lightning+1","Defragment+1","Cold Snap+1"],"relics":["Cracked Core","Pen Nib","Mango","Cables","Whetstone","Art of War","Nuclear Battery","Frozen Egg 2","Oddly Smooth Stone","MawBank","Vajra","Mercury Hourglass","Juzu Bracelet","Runic Dome","Ice Cream","Potion Belt","Anchor","Bird Faced Urn","Letter Opener"],"potions_floor_usage":[6,7,16,27,30,30,31,33,33,50,50,50],"damage_taken":[{"damage":1,"enemies":"2 Louse","floor":1,"turns":3},{"damage":1,"enemies":"Cultist","floor":3,"turns":3},{"damage":2,"enemies":"Jaw Worm","floor":5,"turns":3},{"damage":20,"enemies":"Gremlin Nob","floor":6,"turns":5},{"damage":11,"enemies":"3 Louse","floor":7,"turns":6},{"damage":34,"enemies":"3 Sentries","floor":8,"turns":9},{"damage":0,"enemies":"Lagavulin","floor":12,"turns":6},{"damage":0,"enemies":"Exordium Wildlife","floor":13,"turns":4},{"damage":9,"enemies":"3 Sentries","floor":14,"turns":7},{"damage":0,"enemies":"Slime Boss","floor":16,"turns":3},{"damage":7,"enemies":"Spheric Guardian","floor":18,"turns":5},{"damage":7,"enemies":"Chosen","floor":19,"turns":3},{"damage":13,"enemies":"Snake Plant","floor":21,"turns":3},{"damage":14,"enemies":"Slavers","floor":23,"turns":3},{"damage":27,"enemies":"Gremlin Leader","floor":27,"turns":4},{"damage":25,"enemies":"Shelled Parasite and Fungi","floor":29,"turns":4},{"damage":14,"enemies":"Slavers","floor":30,"turns":3},{"damage":6,"enemies":"Centurion and Healer","floor":31,"turns":4},{"damage":12,"enemies":"Collector","floor":33,"turns":5},{"damage":0,"enemies":"3 Shapes","floor":35,"turns":3},{"damage":1,"enemies":"Orb Walker","floor":36,"turns":2},{"damage":19,"enemies":"Mind Bloom Boss Battle","floor":37,"turns":3},{"damage":15,"enemies":"4 Shapes","floor":39,"turns":2},{"damage":0,"enemies":"Reptomancer","floor":40,"turns":3},{"damage":0,"enemies":"Transient","floor":41,"turns":5},{"damage":0,"enemies":"Sphere and 2 Shapes","floor":42,"turns":4},{"damage":48,"enemies":"Nemesis","floor":44,"turns":5},{"damage":0,"enemies":"Giant Head","floor":46,"turns":5},{"damage":0,"enemies":"Spire Growth","floor":48,"turns":3},{"damage":39,"enemies":"Awakened One","floor":50,"turns":5}],"seed_played":"5605459908864929656","potions_obtained":[{"floor":1,"key":"PowerPotion"},{"floor":6,"key":"AttackPotion"},{"floor":12,"key":"Explosive Potion"},{"floor":14,"key":"PowerPotion"},{"floor":16,"key":"SneckoOil"},{"floor":19,"key":"Strength Potion"},{"floor":27,"key":"LiquidBronze"},{"floor":30,"key":"PowerPotion"},{"floor":31,"key":"FocusPotion"},{"floor":37,"key":"Dexterity Potion"},{"floor":39,"key":"Fire Potion"},{"floor":41,"key":"FearPotion"},{"floor":42,"key":"Strength Potion"},{"floor":46,"key":"Fire Potion"}],"is_trial":false,"path_per_floor":["M","$","M","?","M","E","M","E","T","R","?","E","M","E","R","B",null,"M","M","$","M","$","E","?","R","T","E","?","M","E","M","R","B",null,"M","M","?","?","M","E","M","M","T","E","?","E","R","M","R","B",null],"character_chosen":"DEFECT","items_purchased":["Frozen Egg 2","Storm+1","Cold Snap"],"campfire_rested":3,"item_purchase_floors":[20,20,22],"current_hp_per_floor":[74,74,73,73,71,51,40,20,20,46,46,46,46,37,63,63,89,82,75,75,62,62,55,55,55,55,35,35,17,17,18,44,39,89,89,88,76,76,61,61,68,75,75,34,34,70,70,89,89,68],"gold":948,"neow_bonus":"THREE_RARE_CARDS","is_prod":false,"is_daily":false,"chose_seed":false,"campfire_upgraded":3,"win_rate":0,"timestamp":1551591724,"path_taken":["M","$","M","?","M","E","?","E","T","R","?","E","M","E","R","BOSS","M","M","$","M","$","E","?","R","T","E","?","M","E","M","R","BOSS","M","M","?","?","M","E","M","M","T","E","?","E","R","M","R","BOSS"],"build_version":"2019-01-23","purchased_purges":2,"victory":true,"max_hp_per_floor":[75,75,75,75,75,75,75,89,89,89,89,89,89,89,89,89,89,89,89,89,89,89,89,89,89,89,89,89,89,89,89,89,89,89,89,89,89,89,89,89,89,89,89,89,89,89,89,89,89,89],"card_choices":[{"not_picked":["Reboot","Amplify"],"picked":"Echo Form","floor":0},{"not_picked":["Streamline","Go for the Eyes"],"picked":"Defragment","floor":1},{"not_picked":["Redo","Streamline"],"picked":"Defragment","floor":3},{"not_picked":["Hologram","Blizzard"],"picked":"Conserve Battery","floor":5},{"not_picked":["Sweeping Beam","Capacitor"],"picked":"Glacier","floor":6},{"not_picked":["Stack","Capacitor"],"picked":"Leap","floor":7},{"not_picked":["Conserve Battery","Tempest"],"picked":"Biased Cognition","floor":8},{"not_picked":["Gash","Force Field"],"picked":"Ball Lightning","floor":12},{"not_picked":["Auto Shields","Genetic Algorithm"],"picked":"Ball Lightning","floor":13},{"not_picked":["Reprogram","Recycle","Barrage"],"picked":"SKIP","floor":14},{"not_picked":["Echo Form","Core Surge"],"picked":"Machine Learning","floor":16},{"not_picked":["Sweeping Beam","Conserve Battery"],"picked":"Self Repair","floor":18},{"not_picked":["Barrage","Rebound","Reinforced Body"],"picked":"SKIP","floor":19},{"not_picked":["Redo","Go for the Eyes"],"picked":"Static Discharge+1","floor":21},{"not_picked":["Sweeping Beam","Steam Power","Hyperbeam"],"picked":"SKIP","floor":23},{"not_picked":["Beam Cell","Steam"],"picked":"Go for the Eyes","floor":27},{"not_picked":["Blizzard","Tempest","Sweeping Beam+1"],"picked":"SKIP","floor":29},{"not_picked":["Reprogram","Tempest","Rebound"],"picked":"SKIP","floor":30},{"not_picked":["Streamline","Compile Driver+1","Coolheaded"],"picked":"SKIP","floor":31},{"not_picked":["Buffer+1","All For One"],"picked":"Biased Cognition+1","floor":33},{"not_picked":["Stack+1","Go for the Eyes+1","Beam Cell+1"],"picked":"SKIP","floor":35},{"not_picked":["Conserve Battery","Double Energy+1","Hologram"],"picked":"SKIP","floor":36},{"not_picked":["Darkness","Sunder+1"],"picked":"Storm+1","floor":37},{"not_picked":["Go for the Eyes","Turbo"],"picked":"Steam+1","floor":39},{"not_picked":["Consume","Steam Power"],"picked":"Ball Lightning+1","floor":40},{"not_picked":["Barrage","Streamline"],"picked":"Defragment+1","floor":41},{"not_picked":["Echo Form+1","Rebound+1","Coolheaded+1"],"picked":"SKIP","floor":42},{"not_picked":["Leap+1","Skim"],"picked":"Cold Snap+1","floor":44},{"not_picked":["Blizzard","Conserve Battery+1","Gash+1"],"picked":"SKIP","floor":46},{"not_picked":["Rebound","Redo+1","Turbo+1"],"picked":"SKIP","floor":48}],"player_experience":250241,"relics_obtained":[{"floor":6,"key":"Pen Nib"},{"floor":8,"key":"Mango"},{"floor":9,"key":"Cables"},{"floor":12,"key":"Whetstone"},{"floor":14,"key":"Art of War"},{"floor":23,"key":"Oddly Smooth Stone"},{"floor":26,"key":"MawBank"},{"floor":27,"key":"Vajra"},{"floor":30,"key":"Juzu Bracelet"},{"floor":37,"key":"Ice Cream"},{"floor":40,"key":"Potion Belt"},{"floor":43,"key":"Anchor"},{"floor":44,"key":"Bird Faced Urn"},{"floor":46,"key":"Letter Opener"}],"event_choices":[{"damage_healed":0,"gold_gain":0,"player_choice":"Upgraded","damage_taken":0,"max_hp_gain":0,"max_hp_loss":0,"event_name":"Upgrade Shrine","floor":4,"gold_loss":0,"cards_upgraded":["Defragment"]},{"damage_healed":0,"gold_gain":0,"player_choice":"Ignored","damage_taken":0,"max_hp_gain":0,"max_hp_loss":0,"event_name":"Liars Game","floor":11,"gold_loss":0},{"damage_healed":0,"gold_gain":99,"player_choice":"Stole From Cult","damage_taken":0,"max_hp_gain":0,"max_hp_loss":0,"event_name":"Nest","floor":24,"gold_loss":0},{"damage_healed":0,"gold_gain":0,"player_choice":"Opened","damage_taken":0,"relics_obtained":["Mercury Hourglass"],"max_hp_gain":0,"max_hp_loss":0,"event_name":"The Mausoleum","floor":28,"gold_loss":0},{"damage_healed":0,"gold_gain":0,"player_choice":"Fight","damage_taken":0,"max_hp_gain":0,"max_hp_loss":0,"event_name":"MindBloom","floor":37,"gold_loss":0},{"damage_healed":0,"gold_gain":0,"player_choice":"Ignored","damage_taken":0,"max_hp_gain":0,"max_hp_loss":0,"event_name":"Tomb of Lord Red Mask","floor":38,"gold_loss":0},{"damage_healed":0,"gold_gain":0,"player_choice":"Memory 1","damage_taken":0,"max_hp_gain":0,"max_hp_loss":0,"event_name":"SensoryStone","floor":45,"gold_loss":0}],"is_beta":false,"boss_relics":[{"not_picked":["Coffee Dripper","Tiny House"],"picked":"Nuclear Battery"},{"not_picked":["Lizard Tail","FrozenCore"],"picked":"Runic Dome"}],"items_purged_floors":[2,20],"is_endless":false,"potions_floor_spawned":[1,6,12,14,16,19,27,29,30,31,37,39,41,42,46],"ascension_level":2}