{"gold_per_floor":[117,137,154,53,53,82,82,82,107,120,138,138,151,151,151,151],"floor_reached":16,"playtime":999,"items_purged":["Defend_G"],"score":127,"play_id":"8dd85524-0c81-4d3c-82c4-23e1b0783525","local_time":"20180724193002","is_ascension_mode":false,"campfire_choices":[{"data":"Acrobatics","floor":7,"key":"SMITH"},{"data":"Backflip","floor":15,"key":"SMITH"}],"neow_cost":"NONE","seed_source_timestamp":958049008464773,"circlet_count":0,"master_deck":["Defend_G","Defend_G","Defend_G","Strike_G","Strike_G","Strike_G","Strike_G","Survivor","Neutralize+1","Dodge and Roll","Bullet Time","Acrobatics+1","Deflect","Backflip","Finisher","Backflip+1","Deflect","Decay"],"relics":["Ring of the Snake","Orichalcum","Boot","NlothsMask"],"potions_floor_usage":[6,6],"damage_taken":[{"damage":0,"enemies":"Jaw Worm","floor":1,"turns":3},{"damage":0,"enemies":"Cultist","floor":2,"turns":5},{"damage":0,"enemies":"2 Louse","floor":3,"turns":4},{"damage":0,"enemies":"Gremlin Nob","floor":6,"turns":5},{"damage":0,"enemies":"Large Slime","floor":10,"turns":8},{"damage":5,"enemies":"2 Fungi Beasts","floor":11,"turns":6},{"damage":6,"enemies":"Looter","floor":13,"turns":3},{"damage":53,"enemies":"Hexaghost","floor":16,"turns":13}],"seed_played":"4465169966870739381","potions_obtained":[{"floor":1,"key":"Poison Potion"},{"floor":3,"key":"PowerPotion"},{"floor":11,"key":"Dexterity Potion"}],"is_trial":false,"path_per_floor":["M","M","M","$","?","E","R","?","T","M","M","?","M","?","R"],"character_chosen":"THE_SILENT","items_purchased":["Acrobatics"],"campfire_rested":0,"item_purchase_floors":[4],"current_hp_per_floor":[70,70,70,70,70,70,70,63,63,63,58,58,52,52,52,0],"gold":151,"neow_bonus":"UPGRADE_CARD","is_prod":false,"is_daily":false,"chose_seed":false,"campfire_upgraded":2,"win_rate":0.0,"timestamp":1532453402,"path_taken":["M","M","M","$","?","E","R","?","T","M","?","?","M","?","R","BOSS"],"build_version":"2018-07-19v2","purchased_purges":1,"victory":false,"max_hp_per_floor":[70,70,70,70,70,70,70,70,70,70,70,70,70,70,70,70],"card_choices":[{"not_picked":["Crippling Poison","Flechettes"],"picked":"Dodge and Roll","floor":1},{"not_picked":["Expertise","Underhanded Strike","Tactician"],"picked":"SKIP","floor":2},{"not_picked":["Flying Knee","Poisoned Stab"],"picked":"Bullet Time","floor":3},{"not_picked":["Outmaneuver","Quick Slash"],"picked":"Deflect","floor":6},{"not_picked":["All Out Attack","Heel Hook"],"picked":"Backflip","floor":10},{"not_picked":["Dagger Throw","Blade Dance"],"picked":"Finisher","floor":11},{"not_picked":["Flying Knee","Underhanded Strike"],"picked":"Backflip","floor":13}],"player_experience":17617,"relics_obtained":[{"floor":6,"key":"Orichalcum"},{"floor":9,"key":"Boot"}],"event_choices":[{"event_name":"Bonfire Elementals","player_choice":"BASIC","floor":5,"damage_taken":0},{"event_name":"Golden Wing","player_choice":"Card Removal","floor":8,"damage_taken":0},{"event_name":"FaceTrader","player_choice":"Trade","floor":12,"damage_taken":0},{"event_name":"Match and Keep!","player_choice":"2 cards matched","floor":14,"damage_taken":0}],"is_beta":false,"boss_relics":[],"items_purged_floors":[4],"is_endless":false,"potions_floor_spawned":[1,3,11],"killed_by":"Hexaghost","ascension_level":0}