{"path_per_floor":["M","$","M","M","M","R","E","M","T","R","?","M","M","M","R","B",null,"M","M","M","?","M","R","M"],"character_chosen":"THE_SILENT","items_purchased":["Terror","Well Laid Plans"],"gold_per_floor":[111,2,16,29,44,44,74,94,141,141,141,157,176,194,194,299,299,314,334,344,344,360,360,377],"floor_reached":25,"campfire_rested":1,"playtime":2934,"current_hp_per_floor":[60,60,60,60,53,53,48,48,48,48,70,70,70,70,70,36,70,60,51,37,37,20,41,4],"items_purged":[],"gold":377,"score":211,"play_id":"61666dd8-1211-44c0-b115-bf4db4358ada","is_prod":false,"is_daily":false,"is_ascension_mode":false,"campfire_upgraded":3,"path_taken":["M","$","?","M","M","R","E","M","T","R","?","M","M","M","R","BOSS","M","M","M","?","M","R","M","?"],"build_version":"2018-02-22-PROD2","purchased_purges":0,"victory":false,"master_deck":["Defend_G","Defend_G","Defend_G","Defend_G","Strike_G","Strike_G","Strike_G","Strike_G","Strike_G","Survivor","Neutralize+1","Flying Knee","Terror+1","Well Laid Plans","Backstab+1","Dagger Throw","Underhanded Strike","Deflect","Acrobatics","Finisher","Escape Plan","Acrobatics","Tools of the Trade","Footwork","Poisoned Stab","PiercingWail","Backflip","Deflect","Quick Slash","Flying Knee","Deflect","Dash+1","Infinite Blades","Writhe"],"max_hp_per_floor":[70,70,70,70,70,70,70,70,70,70,70,70,70,70,70,70,70,70,70,70,70,70,70,70],"relics":["Ring of the Snake","Lantern","Vajra","Orrery","Dream Catcher"],"card_choices":[{"not_picked":["Outmaneuver","Distraction"],"picked":"Flying Knee"},{"not_picked":["Tactician","Reflex"],"picked":"Backstab"},{"not_picked":["Slice","Flechettes"],"picked":"Dagger Throw"},{"not_picked":["Infinite Blades","Quick Slash"],"picked":"Underhanded Strike"},{"not_picked":["Dodge and Roll","Expertise"],"picked":"Deflect"},{"not_picked":["Leg Sweep","Dodge and Roll"],"picked":"Acrobatics"},{"not_picked":["Caltrops","Heel Hook"],"picked":"Finisher"},{"not_picked":["Sucker Punch","Backflip"],"picked":"Escape Plan"},{"not_picked":["Dagger Spray","Flying Knee"],"picked":"Acrobatics"},{"not_picked":["Venomology","Night Terror"],"picked":"Tools of the Trade"},{"not_picked":["Malaise","Deadly Poison"],"picked":"Footwork"},{"not_picked":["Skewer","Riddle With Holes"],"picked":"Poisoned Stab"},{"not_picked":["Terror","Skewer"],"picked":"PiercingWail"},{"not_picked":["Caltrops","Distraction"],"picked":"Backflip"},{"not_picked":["Poisoned Stab","Backflip"],"picked":"Deflect"},{"not_picked":["Crippling Poison","Acrobatics"],"picked":"Quick Slash"},{"not_picked":["Finisher","Endless Agony"],"picked":"Flying Knee"},{"not_picked":["Skewer","Acrobatics"],"picked":"Deflect"},{"not_picked":["Quick Slash","Wraith Form"],"picked":"Dash"},{"not_picked":["PiercingWail","Backflip"],"picked":"Infinite Blades"}],"player_experience":2978,"potions_floor_usage":[8,18,20],"damage_taken":[{"damage":10,"enemies":"Cultist","floor":1,"turns":5},{"damage":0,"enemies":"Jaw Worm","floor":3,"turns":4},{"damage":0,"enemies":"Small Slimes","floor":4,"turns":3},{"damage":7,"enemies":"Blue Slaver","floor":5,"turns":2},{"damage":5,"enemies":"Gremlin Nob","floor":7,"turns":3},{"damage":0,"enemies":"Lots of Slimes","floor":8,"turns":1},{"damage":0,"enemies":"Exordium Wildlife","floor":12,"turns":2},{"damage":0,"enemies":"2 Fungi Beasts","floor":13,"turns":1},{"damage":0,"enemies":"Large Slime","floor":14,"turns":4},{"damage":34,"enemies":"Hexaghost","floor":16,"turns":7},{"damage":10,"enemies":"2 Thieves","floor":18,"turns":4},{"damage":9,"enemies":"Shell Parasite","floor":19,"turns":4},{"damage":14,"enemies":"Sentry and Sphere","floor":20,"turns":7},{"damage":17,"enemies":"Chosen and Byrds","floor":22,"turns":5},{"damage":37,"enemies":"Cultist and Chosen","floor":24,"turns":6}],"event_choices":[{"event_name":"Big Fish","player_choice":"Banana","floor":11,"damage_taken":0},{"event_name":"Purifier","player_choice":"One Purge","floor":21,"damage_taken":0},{"event_name":"The Mausoleum","player_choice":"Yes","floor":25,"damage_taken":0}],"boss_relics":[{"not_picked":["The Specimen","Tiny House"],"picked":"Orrery"}],"potions_floor_spawned":[3,4,5,12,13,18,20,22,24],"seed_played":"3379492957925836468","ascension_level":0,"is_trial":false}