{"gold_per_floor":[114,114,129,144,163,163,196,210,210,239,239,268,268,300,300,403,403,418,434,434,434,40,40,40],"floor_reached":24,"playtime":783,"items_purged":[],"score":291,"play_id":"a66d33f9-c161-4f0a-9a9a-ca09fd45cfdc","local_time":"20190222201324","is_ascension_mode":true,"campfire_choices":[{"data":"Armaments","floor":6,"key":"SMITH"},{"floor":11,"key":"REST"},{"floor":15,"key":"REST"},{"floor":23,"key":"REST"}],"neow_cost":"NONE","seed_source_timestamp":440225703019928,"circlet_count":0,"master_deck":["Strike_R","Strike_R","Strike_R","Strike_R","Strike_R","Defend_R","Defend_R","Defend_R+1","Defend_R","Bash","Perfected Strike","Armaments+1","Wild Strike","Pommel Strike","Battle Trance","Spot Weakness+1","Pummel","Entrench+1","Disarm+1","Immolate","Heavy Blade+1","Seeing Red+1"],"relics":["Burning Blood","NeowsBlessing","Bird Faced Urn","Toxic Egg 2","War Paint","Champion Belt","Orichalcum","Black Star","Omamori","Letter Opener"],"potions_floor_usage":[5,14,14,18,19,19,21],"damage_taken":[{"damage":0,"enemies":"2 Louse","floor":1,"turns":1},{"damage":0,"enemies":"Small Slimes","floor":3,"turns":1},{"damage":0,"enemies":"Cultist","floor":4,"turns":1},{"damage":17,"enemies":"Red Slaver","floor":5,"turns":4},{"damage":25,"enemies":"3 Sentries","floor":7,"turns":7},{"damage":9,"enemies":"2 Fungi Beasts","floor":8,"turns":3},{"damage":36,"enemies":"Gremlin Nob","floor":10,"turns":4},{"damage":25,"enemies":"3 Sentries","floor":12,"turns":6},{"damage":13,"enemies":"Gremlin Nob","floor":14,"turns":3},{"damage":6,"enemies":"The Guardian","floor":16,"turns":17},{"damage":42,"enemies":"Spheric Guardian","floor":18,"turns":7},{"damage":0,"enemies":"Chosen","floor":19,"turns":4},{"damage":33,"enemies":"Colosseum Slavers","floor":21,"turns":5},{"damage":57,"enemies":"Slavers","floor":24,"turns":4}],"seed_played":"-1662292888091434880","potions_obtained":[{"floor":3,"key":"LiquidBronze"},{"floor":5,"key":"Fruit Juice"},{"floor":8,"key":"Swift Potion"},{"floor":14,"key":"SpeedPotion"},{"floor":16,"key":"Regen Potion"},{"floor":18,"key":"Swift Potion"},{"floor":19,"key":"EssenceOfSteel"}],"is_trial":false,"path_per_floor":["M","?","M","M","M","R","E","M","T","E","R","E","?","E","R","B",null,"M","M","?","?","$","R","E"],"character_chosen":"IRONCLAD","items_purchased":["Omamori","Letter Opener"],"campfire_rested":3,"item_purchase_floors":[22,22],"current_hp_per_floor":[78,78,80,80,74,74,55,52,52,22,47,28,28,21,46,46,75,48,54,54,27,27,52,0],"gold":40,"neow_bonus":"THREE_ENEMY_KILL","is_prod":false,"is_daily":false,"chose_seed":false,"campfire_upgraded":1,"win_rate":0,"timestamp":1550862804,"path_taken":["M","?","M","M","M","R","E","M","T","E","R","E","?","E","R","BOSS","M","M","?","?","$","R","E"],"build_version":"2019-01-23","purchased_purges":0,"victory":false,"max_hp_per_floor":[80,80,80,80,85,85,85,85,85,85,85,85,85,85,85,85,85,85,85,85,85,85,85,85],"card_choices":[{"not_picked":["Clash","Dual Wield"],"picked":"Perfected Strike","floor":1},{"not_picked":["Clash","Headbutt"],"picked":"Armaments","floor":3},{"not_picked":["Reaper","Warcry"],"picked":"Wild Strike","floor":4},{"not_picked":["Iron Wave","Clothesline"],"picked":"Pommel Strike","floor":5},{"not_picked":["Anger","Body Slam"],"picked":"Battle Trance","floor":7},{"not_picked":["Hemokinesis","Bloodletting"],"picked":"Spot Weakness","floor":8},{"not_picked":["Thunderclap","Heavy Blade"],"picked":"Pummel","floor":10},{"not_picked":["Headbutt","Clothesline"],"picked":"Entrench+1","floor":12},{"not_picked":["Wild Strike","Sword Boomerang"],"picked":"Disarm+1","floor":14},{"not_picked":["Dark Embrace","Feed"],"picked":"Immolate","floor":16},{"not_picked":["Iron Wave","Wild Strike"],"picked":"Heavy Blade+1","floor":18},{"not_picked":["Clothesline","Thunderclap","Clash"],"picked":"SKIP","floor":19}],"player_experience":723265,"relics_obtained":[{"floor":7,"key":"Bird Faced Urn"},{"floor":9,"key":"Toxic Egg 2"},{"floor":10,"key":"War Paint"},{"floor":12,"key":"Champion Belt"},{"floor":14,"key":"Orichalcum"}],"event_choices":[{"damage_healed":0,"gold_gain":0,"player_choice":"Ignored","damage_taken":0,"max_hp_gain":0,"max_hp_loss":0,"event_name":"Liars Game","floor":2,"gold_loss":0},{"damage_healed":0,"gold_gain":0,"player_choice":"Fled","damage_taken":0,"max_hp_gain":0,"max_hp_loss":0,"event_name":"Scrap Ooze","floor":13,"gold_loss":0},{"damage_healed":0,"gold_gain":0,"player_choice":"Read","damage_taken":0,"max_hp_gain":0,"max_hp_loss":0,"event_name":"The Library","floor":20,"gold_loss":0,"cards_obtained":["Seeing Red"]},{"damage_healed":0,"gold_gain":0,"player_choice":"Fight","damage_taken":0,"max_hp_gain":0,"max_hp_loss":0,"event_name":"Colosseum","floor":21,"gold_loss":0},{"damage_healed":0,"gold_gain":0,"player_choice":"Fled From Nobs","damage_taken":0,"max_hp_gain":0,"max_hp_loss":0,"event_name":"Colosseum","floor":21,"gold_loss":0}],"is_beta":false,"boss_relics":[{"not_picked":["Runic Cube","White Beast Statue"],"picked":"Black Star"}],"items_purged_floors":[],"is_endless":false,"potions_floor_spawned":[3,5,8,14,16,18,19,21],"killed_by":"Slavers","ascension_level":6}