{"gold_per_floor":[219,219,239,250,267,267,281,309,382,392,418,418,368,69,69,167,167,178,103,121,137,137,165,165,191,217,217,235,248,275,275,275,378,378,392,392,332,351,366,398,398,427,450,462,226,226,104,115,115,115],"floor_reached":51,"playtime":6969,"items_purged":["Strike_G"],"score":1021,"play_id":"714513ee-288e-4b04-afa5-9fa4d3185b79","local_time":"20190228130607","is_ascension_mode":true,"campfire_choices":[{"data":"PiercingWail","floor":6,"key":"SMITH"},{"floor":15,"key":"REST"},{"data":"Footwork","floor":24,"key":"SMITH"},{"floor":27,"key":"REST"},{"data":"Noxious Fumes","floor":32,"key":"SMITH"},{"data":"1","floor":41,"key":"LIFT"},{"data":"2","floor":49,"key":"LIFT"}],"neow_cost":"NONE","seed_source_timestamp":322863220581512,"circlet_count":0,"master_deck":["Defend_G+1","Defend_G+1","Defend_G+1","Defend_G+1","Survivor+1","Neutralize+1","PiercingWail+1","Endless Agony+1","Calculated Gamble+1","Flying Knee+1","Caltrops+1","Cloak And Dagger+1","Footwork+1","Noxious Fumes+1","Burst+1","Well Laid Plans+1","Dodge and Roll+1","Die Die Die+1","Terror+1","Escape Plan+1","Deflect+1","Backflip+1","Backstab+1","Blade Dance+1","Purity"],"relics":["Ring of the Snake","Letter Opener","The Courier","StoneCalendar","Bronze Scales","WristBlade","MutagenicStrength","Art of War","Blood Vial","Bag of Marbles","Shuriken","Girya","Empty Cage","Mark of the Bloom","Regal Pillow","Ancient Tea Set","Lantern","Anchor","Happy Flower","Bag of Preparation"],"potions_floor_usage":[8,8,11,28,28,30,33,42,50],"damage_taken":[{"damage":0,"enemies":"Cultist","floor":1,"turns":6},{"damage":0,"enemies":"2 Louse","floor":3,"turns":3},{"damage":1,"enemies":"Jaw Worm","floor":4,"turns":5},{"damage":0,"enemies":"Large Slime","floor":5,"turns":8},{"damage":0,"enemies":"3 Louse","floor":7,"turns":3},{"damage":12,"enemies":"Lagavulin","floor":8,"turns":6},{"damage":3,"enemies":"Exordium Wildlife","floor":10,"turns":4},{"damage":26,"enemies":"Gremlin Nob","floor":11,"turns":5},{"damage":0,"enemies":"Hexaghost","floor":16,"turns":9},{"damage":2,"enemies":"Spheric Guardian","floor":18,"turns":6},{"damage":0,"enemies":"Chosen","floor":20,"turns":6},{"damage":3,"enemies":"3 Cultists","floor":21,"turns":6},{"damage":34,"enemies":"Slavers","floor":23,"turns":6},{"damage":7,"enemies":"Gremlin Leader","floor":25,"turns":6},{"damage":0,"enemies":"Sentry and Sphere","floor":28,"turns":6},{"damage":1,"enemies":"Snake Plant","floor":29,"turns":4},{"damage":19,"enemies":"Slavers","floor":30,"turns":5},{"damage":0,"enemies":"Automaton","floor":33,"turns":10},{"damage":6,"enemies":"3 Darklings","floor":35,"turns":5},{"damage":0,"enemies":"3 Shapes","floor":38,"turns":4},{"damage":1,"enemies":"Jaw Worm Horde","floor":39,"turns":3},{"damage":0,"enemies":"Nemesis","floor":40,"turns":5},{"damage":0,"enemies":"Giant Head","floor":42,"turns":7},{"damage":0,"enemies":"4 Shapes","floor":44,"turns":3},{"damage":2,"enemies":"Writhing Mass","floor":48,"turns":3},{"damage":13,"enemies":"Awakened One","floor":50,"turns":11}],"seed_played":"-8970735657449830216","potions_obtained":[{"floor":1,"key":"Strength Potion"},{"floor":4,"key":"Regen Potion"},{"floor":5,"key":"Swift Potion"},{"floor":7,"key":"Fire Potion"},{"floor":18,"key":"GamblersBrew"},{"floor":25,"key":"Block Potion"},{"floor":29,"key":"Explosive Potion"},{"floor":30,"key":"Strength Potion"},{"floor":38,"key":"SpeedPotion"},{"floor":39,"key":"GamblersBrew"},{"floor":40,"key":"Poison Potion"},{"floor":42,"key":"Explosive Potion"}],"is_trial":false,"path_per_floor":["M","?","M","M","M","R","M","E","T","M","E","?","?","$","R","B",null,"M","?","M","M","?","E","R","E","T","R","M","M","E","?","R","B",null,"M","?","?","M","M","E","R","E","T","M","$","?","$","M","R","B",null],"character_chosen":"THE_SILENT","items_purchased":["Footwork","Noxious Fumes","Bronze Scales","Anchor","Happy Flower","Bag of Preparation"],"campfire_rested":2,"item_purchase_floors":[14,14,14,45,45,47],"current_hp_per_floor":[70,70,70,69,69,69,69,57,57,54,42,35,35,35,56,56,70,68,68,68,65,65,31,31,24,24,45,47,48,31,31,31,33,70,64,64,64,64,63,63,63,63,63,63,63,63,63,61,61,48],"gold":115,"neow_bonus":"HUNDRED_GOLD","is_prod":false,"is_daily":false,"chose_seed":false,"campfire_upgraded":3,"win_rate":0,"timestamp":1551377167,"path_taken":["M","?","M","?","M","R","M","E","T","M","E","?","?","$","R","BOSS","M","?","M","M","?","E","R","E","T","R","M","M","E","?","R","BOSS","M","?","?","?","?","E","R","E","T","M","$","?","$","M","R","BOSS"],"build_version":"2019-01-23","purchased_purges":1,"victory":true,"max_hp_per_floor":[70,70,70,70,70,70,70,70,70,70,70,70,70,70,70,70,70,70,70,70,70,70,70,70,70,70,70,70,70,70,70,70,70,70,70,70,70,70,70,70,70,70,70,70,70,70,70,70,70,70],"card_choices":[{"not_picked":["Eviscerate","Prepared","Tactician"],"picked":"SKIP","floor":1},{"not_picked":["Distraction","Concentrate"],"picked":"PiercingWail","floor":3},{"not_picked":["Distraction","Catalyst"],"picked":"Endless Agony","floor":4},{"not_picked":["Bouncing Flask","Flying Knee"],"picked":"Calculated Gamble","floor":5},{"not_picked":["All Out Attack","Setup"],"picked":"Flying Knee","floor":7},{"not_picked":["Choke","Quick Slash"],"picked":"Caltrops","floor":8},{"not_picked":["Dagger Spray","Reflex"],"picked":"Cloak And Dagger","floor":10},{"not_picked":["Poisoned Stab","Flying Knee","Sucker Punch"],"picked":"SKIP","floor":11},{"not_picked":["Glass Knife","Doppelganger"],"picked":"Burst","floor":16},{"not_picked":["Outmaneuver","Choke"],"picked":"Well Laid Plans","floor":18},{"not_picked":["Underhanded Strike","All Out Attack"],"picked":"Dodge and Roll","floor":20},{"not_picked":["Underhanded Strike","Quick Slash+1"],"picked":"Die Die Die","floor":21},{"not_picked":["Concentrate","Quick Slash+1"],"picked":"Terror","floor":23},{"not_picked":["Terror+1","Finisher"],"picked":"Escape Plan","floor":25},{"not_picked":["Flying Knee","Dagger Throw","Bane"],"picked":"SKIP","floor":28},{"not_picked":["PiercingWail","A Thousand Cuts"],"picked":"Deflect","floor":29},{"not_picked":["Outmaneuver","Flying Knee"],"picked":"Backflip+1","floor":30},{"not_picked":["Reflex","Outmaneuver"],"picked":"Backstab","floor":35},{"not_picked":["Slice+1","Deadly Poison"],"picked":"Blade Dance+1","floor":38},{"not_picked":["Bouncing Flask+1","Endless Agony","Masterful Stab+1"],"picked":"SKIP","floor":39},{"not_picked":["Doppelganger","Prepared+1","Slice+1"],"picked":"SKIP","floor":40},{"not_picked":["Flying Knee+1","Choke+1","Envenom"],"picked":"SKIP","floor":42},{"not_picked":["Underhanded Strike","Poisoned Stab","Reflex"],"picked":"SKIP","floor":44},{"not_picked":["Secret Weapon","Madness"],"picked":"Purity","floor":46},{"not_picked":["Dagger Throw","Infinite Blades","Outmaneuver"],"picked":"SKIP","floor":48}],"player_experience":231809,"relics_obtained":[{"floor":8,"key":"Letter Opener"},{"floor":9,"key":"The Courier"},{"floor":11,"key":"StoneCalendar"},{"floor":23,"key":"Art of War"},{"floor":25,"key":"Blood Vial"},{"floor":26,"key":"Bag of Marbles"},{"floor":30,"key":"Shuriken"},{"floor":40,"key":"Regal Pillow"},{"floor":42,"key":"Ancient Tea Set"},{"floor":43,"key":"Lantern"}],"event_choices":[{"damage_healed":0,"gold_gain":0,"player_choice":"Forge","damage_taken":0,"max_hp_gain":0,"max_hp_loss":0,"event_name":"Accursed Blacksmith","floor":2,"gold_loss":0,"cards_upgraded":["Neutralize"]},{"cards_removed":["Strike_G"],"damage_healed":0,"gold_gain":0,"player_choice":"Card Removal","damage_taken":7,"max_hp_gain":0,"max_hp_loss":0,"event_name":"Golden Wing","floor":12,"gold_loss":0},{"cards_removed":["Strike_G"],"damage_healed":0,"gold_gain":0,"player_choice":"Card Removal","damage_taken":0,"max_hp_gain":0,"max_hp_loss":0,"event_name":"The Cleric","floor":13,"gold_loss":50},{"cards_removed":["Strike_G"],"damage_healed":0,"gold_gain":0,"player_choice":"Gave Gold","damage_taken":0,"max_hp_gain":0,"max_hp_loss":0,"event_name":"Beggar","floor":19,"gold_loss":75},{"damage_healed":0,"gold_gain":0,"player_choice":"Inject Mutagens","damage_taken":0,"relics_obtained":["MutagenicStrength"],"max_hp_gain":0,"max_hp_loss":0,"event_name":"Drug Dealer","floor":22,"gold_loss":0},{"damage_healed":0,"gold_gain":0,"player_choice":"Opened","damage_taken":0,"relics_obtained":["Girya"],"max_hp_gain":0,"max_hp_loss":0,"event_name":"The Mausoleum","floor":31,"gold_loss":0,"cards_obtained":["Writhe"]},{"damage_healed":0,"gold_gain":0,"player_choice":"Upgrade","damage_taken":0,"relics_obtained":["Mark of the Bloom"],"max_hp_gain":0,"max_hp_loss":0,"event_name":"MindBloom","floor":36,"gold_loss":0,"cards_upgraded":["Defend_G","Defend_G","Defend_G","Defend_G","Survivor","Endless Agony","Calculated Gamble","Flying Knee","Caltrops","Cloak And Dagger","Burst","Well Laid Plans","Dodge and Roll","Die Die Die","Terror","Escape Plan","Deflect","Backstab"]},{"cards_removed":["Writhe"],"damage_healed":0,"gold_gain":0,"player_choice":"Single Remove","damage_taken":0,"max_hp_gain":0,"max_hp_loss":0,"event_name":"Designer","floor":37,"gold_loss":60},{"damage_healed":0,"gold_gain":0,"player_choice":"Memory 1","damage_taken":0,"max_hp_gain":0,"max_hp_loss":0,"event_name":"SensoryStone","floor":46,"gold_loss":0}],"is_beta":false,"boss_relics":[{"not_picked":["Pandora\u0027s Box","Calling Bell"],"picked":"WristBlade"},{"not_picked":["White Beast Statue","Runic Dome"],"picked":"Empty Cage"}],"items_purged_floors":[14],"is_endless":false,"potions_floor_spawned":[1,4,5,7,18,25,29,30,38,39,40,42],"ascension_level":1}