{"gold_per_floor":[20,20,37,51,66,66,101,121,121,121,136,156,172,183,183,288,288,307,282,296,312,59,59,85,85,135,135,149,149,159,159,159,256,256,269,269,269],"floor_reached":37,"playtime":1943,"items_purged":["Strike_B"],"score":635,"play_id":"fa56ff80-c84d-41c0-8cc1-1e009c26c0c7","local_time":"20190128035758","is_ascension_mode":true,"campfire_choices":[{"data":"Zap","floor":6,"key":"SMITH"},{"data":"Streamline","floor":10,"key":"SMITH"},{"data":"Coolheaded","floor":15,"key":"SMITH"},{"data":"Self Repair","floor":23,"key":"SMITH"},{"data":"Loop","floor":32,"key":"SMITH"}],"neow_cost":"NO_GOLD","seed_source_timestamp":1116996074353237,"circlet_count":0,"master_deck":["AscendersBane","Strike_B+1","Strike_B+1","Strike_B+1","Defend_B+1","Defend_B+1","Defend_B+1","Zap+1","Dualcast","Streamline+1","Coolheaded+1","Melter","Glacier","Auto Shields","Self Repair+1","Core Surge","Core Surge","FTL","Loop+1","Echo Form","Reboot"],"relics":["FrozenCore","Thread and Needle","The Courier","Blood Vial","Sozu","Gremlin Horn","Bag of Marbles","Regal Pillow"],"potions_floor_usage":[],"damage_taken":[{"damage":0,"enemies":"Cultist","floor":1,"turns":3},{"damage":0,"enemies":"Jaw Worm","floor":3,"turns":3},{"damage":0,"enemies":"Small Slimes","floor":4,"turns":3},{"damage":0,"enemies":"2 Fungi Beasts","floor":5,"turns":3},{"damage":18,"enemies":"Lagavulin","floor":7,"turns":7},{"damage":2,"enemies":"Exordium Wildlife","floor":8,"turns":3},{"damage":0,"enemies":"Blue Slaver","floor":11,"turns":4},{"damage":0,"enemies":"3 Louse","floor":12,"turns":3},{"damage":0,"enemies":"2 Fungi Beasts","floor":13,"turns":4},{"damage":0,"enemies":"Exordium Wildlife","floor":14,"turns":2},{"damage":17,"enemies":"The Guardian","floor":16,"turns":16},{"damage":0,"enemies":"Chosen","floor":18,"turns":4},{"damage":17,"enemies":"2 Thieves","floor":19,"turns":5},{"damage":9,"enemies":"Snecko","floor":20,"turns":8},{"damage":3,"enemies":"Chosen and Byrds","floor":21,"turns":8},{"damage":47,"enemies":"Gremlin Leader","floor":24,"turns":7},{"damage":0,"enemies":"Cultist and Chosen","floor":28,"turns":5},{"damage":2,"enemies":"Snecko","floor":30,"turns":7},{"damage":33,"enemies":"Champ","floor":33,"turns":13},{"damage":4,"enemies":"3 Darklings","floor":35,"turns":8},{"damage":84,"enemies":"2 Orb Walkers","floor":37,"turns":4}],"seed_played":"-415897140863585743","potions_obtained":[{"floor":3,"key":"Weak Potion"},{"floor":7,"key":"Poison Potion"},{"floor":12,"key":"Regen Potion"}],"is_trial":false,"path_per_floor":["M","$","M","M","M","R","E","M","T","R","M","M","M","M","R","B",null,"M","M","M","M","$","R","E","?","T","?","M","?","M","?","R","B",null,"M","?","?"],"character_chosen":"DEFECT","items_purchased":["Gremlin Horn"],"campfire_rested":0,"item_purchase_floors":[22],"current_hp_per_floor":[68,68,68,68,68,68,50,48,48,48,57,66,75,75,75,65,73,75,65,65,71,71,71,36,22,22,22,34,34,44,70,70,49,72,80,80,0],"gold":269,"neow_bonus":"ONE_RARE_RELIC","is_prod":false,"is_daily":false,"chose_seed":false,"campfire_upgraded":5,"win_rate":0,"timestamp":1548669478,"path_taken":["M","$","M","M","M","R","E","M","T","R","M","?","M","M","R","BOSS","M","M","M","M","$","R","E","?","T","?","M","?","?","?","R","BOSS","M","?","?"],"build_version":"2019-01-23","purchased_purges":1,"victory":false,"max_hp_per_floor":[75,75,75,75,75,75,75,75,75,75,75,75,75,75,75,75,75,75,75,75,75,75,75,75,80,80,80,80,80,80,80,80,80,80,80,80,80],"card_choices":[{"not_picked":["Cold Snap","Rebound"],"picked":"Streamline","floor":1},{"not_picked":["Rebound","Beam Cell"],"picked":"Coolheaded","floor":3},{"not_picked":["Turbo","Beam Cell"],"picked":"Melter","floor":4},{"not_picked":["Tempest","Redo"],"picked":"Glacier","floor":5},{"not_picked":["FTL","Leap"],"picked":"Auto Shields","floor":7},{"not_picked":["Stack","Steam"],"picked":"Self Repair","floor":8},{"not_picked":["Double Energy","Barrage","Cold Snap"],"picked":"SKIP","floor":11},{"not_picked":["Lockon","Stack"],"picked":"Core Surge","floor":12},{"not_picked":["Coolheaded","Steam","Gash"],"picked":"SKIP","floor":13},{"not_picked":["Turbo","Storm","Lockon"],"picked":"SKIP","floor":14},{"not_picked":["Meteor Strike","Hyperbeam"],"picked":"Core Surge","floor":16},{"not_picked":["Beam Cell+1","Reinforced Body","Stack"],"picked":"SKIP","floor":18},{"not_picked":["Streamline","Rebound","Reprogram"],"picked":"SKIP","floor":19},{"not_picked":["Gash","Leap","Double Energy"],"picked":"SKIP","floor":20},{"not_picked":["Go for the Eyes","Sweeping Beam","Stack"],"picked":"SKIP","floor":21},{"not_picked":["Doom and Gloom","Aggregate+1"],"picked":"FTL","floor":24},{"not_picked":["Turbo+1","Consume"],"picked":"Loop","floor":28},{"not_picked":["Coolheaded+1","Sweeping Beam"],"picked":"Echo Form","floor":30},{"not_picked":["Creative AI","All For One"],"picked":"Reboot","floor":33},{"not_picked":["Stack","Recycle","Turbo"],"picked":"SKIP","floor":35}],"player_experience":906706,"relics_obtained":[{"floor":7,"key":"The Courier"},{"floor":9,"key":"Blood Vial"},{"floor":24,"key":"Bag of Marbles"},{"floor":26,"key":"Regal Pillow"}],"event_choices":[{"damage_healed":0,"gold_gain":0,"player_choice":"Shed Blood","damage_taken":19,"max_hp_gain":5,"max_hp_loss":0,"event_name":"Forgotten Altar","floor":25,"gold_loss":0},{"damage_healed":0,"gold_gain":0,"player_choice":"Simplicity","damage_taken":0,"max_hp_gain":0,"max_hp_loss":0,"event_name":"Back to Basics","floor":27,"gold_loss":0,"cards_upgraded":["Strike_B","Strike_B","Strike_B","Defend_B","Defend_B","Defend_B","Defend_B"]},{"damage_healed":0,"gold_gain":0,"player_choice":"Ignored","damage_taken":0,"max_hp_gain":0,"max_hp_loss":0,"event_name":"Vampires","floor":29,"gold_loss":0},{"damage_healed":26,"gold_gain":0,"player_choice":"Heal","damage_taken":0,"max_hp_gain":0,"max_hp_loss":0,"event_name":"The Library","floor":31,"gold_loss":0},{"cards_removed":["Defend_B"],"damage_healed":0,"gold_gain":0,"player_choice":"Removed Skill","damage_taken":0,"max_hp_gain":0,"max_hp_loss":0,"event_name":"Falling","floor":36,"gold_loss":0},{"damage_healed":0,"gold_gain":0,"player_choice":"Fight","damage_taken":0,"max_hp_gain":0,"max_hp_loss":0,"event_name":"Mysterious Sphere","floor":37,"gold_loss":0}],"is_beta":false,"boss_relics":[{"not_picked":["Philosopher\u0027s Stone","Inserter"],"picked":"Sozu"},{"not_picked":["Runic Dome","Velvet Choker"],"picked":"FrozenCore"}],"items_purged_floors":[22],"is_endless":false,"potions_floor_spawned":[3,7,12,13,19,28],"killed_by":"2 Orb Walkers","ascension_level":12}