{"path_per_floor":["M","?","M","M","M","E","R","?","T","E","?","R","M","?","R"],"character_chosen":"DEFECT","items_purchased":[],"gold_per_floor":[114,64,77,93,111,146,146,221,221,248,248,248,260,260,260,260],"floor_reached":16,"campfire_rested":1,"playtime":2077,"item_purchase_floors":[],"current_hp_per_floor":[75,75,69,62,59,30,52,41,41,29,29,29,29,54,54,0],"items_purged":[],"gold":260,"score":110,"play_id":"2626d6b9-7749-4e36-ac28-a58a949657d5","local_time":"20180601052327","is_prod":false,"is_daily":false,"chose_seed":false,"is_ascension_mode":false,"campfire_upgraded":2,"win_rate":0.0,"timestamp":1527845007,"campfire_choices":[{"floor":7,"key":"REST"},{"data":"Reprogram","floor":12,"key":"SMITH"},{"data":"Dualcast","floor":15,"key":"SMITH"}],"path_taken":["M","?","M","M","M","E","R","?","T","E","?","R","M","?","R","BOSS"],"build_version":"2018-05-31","seed_source_timestamp":49400465798655,"purchased_purges":0,"victory":false,"master_deck":["Strike_B","Strike_B","Defend_B","Defend_B","Defend_B","Defend_B","Zap+1","Dualcast+1","Reprogram+1","Coolheaded","Coolheaded","Compile Driver","Genetic Algorithm","Skim+1","Rip and Tear"],"max_hp_per_floor":[75,75,75,75,75,75,75,75,75,75,75,75,75,75,75,75],"relics":["Cracked Core","Pen Nib","Potion Belt","Toxic Egg 2"],"card_choices":[{"not_picked":["Beam Cell","Blizzard"],"picked":"Reprogram","floor":1},{"not_picked":["Ball Lightning","Glacier"],"picked":"Coolheaded","floor":3},{"not_picked":["Streamline","Beam Cell"],"picked":"Coolheaded","floor":4},{"not_picked":["Force Field","Lockon"],"picked":"Compile Driver","floor":5},{"not_picked":["Stack","Cold Snap"],"picked":"Genetic Algorithm","floor":6},{"not_picked":["Go for the Eyes","Genetic Algorithm"],"picked":"Skim","floor":10},{"not_picked":["Coolheaded+1","BootSequence+1"],"picked":"Rip and Tear","floor":13}],"player_experience":361232,"potions_floor_usage":[5,6,16],"damage_taken":[{"damage":0,"enemies":"Small Slimes","floor":1,"turns":3},{"damage":6,"enemies":"2 Louse","floor":3,"turns":2},{"damage":7,"enemies":"Cultist","floor":4,"turns":4},{"damage":3,"enemies":"3 Louse","floor":5,"turns":2},{"damage":29,"enemies":"Lagavulin","floor":6,"turns":10},{"damage":12,"enemies":"3 Sentries","floor":10,"turns":10},{"damage":0,"enemies":"Large Slime","floor":13,"turns":5},{"damage":56,"enemies":"Slime Boss","floor":16,"turns":14}],"relics_obtained":[{"floor":6,"key":"Pen Nib"},{"floor":9,"key":"Potion Belt"},{"floor":10,"key":"Toxic Egg 2"}],"event_choices":[{"event_name":"The Cleric","player_choice":"Card Removal","floor":2,"damage_taken":0},{"event_name":"World of Goop","player_choice":"Gather Gold","floor":8,"damage_taken":0},{"event_name":"Living Wall","player_choice":"Grow","floor":11,"damage_taken":0},{"event_name":"Big Fish","player_choice":"Banana","floor":14,"damage_taken":0}],"boss_relics":[],"items_purged_floors":[],"potions_floor_spawned":[4,5,13],"seed_played":"-7217714092657816997","killed_by":"Slime Boss","ascension_level":0,"potions_obtained":[{"floor":4,"key":"Explosive Potion"},{"floor":5,"key":"PowerPotion"},{"floor":13,"key":"AttackPotion"}],"is_trial":false}