{"gold_per_floor":[111,36,36,51,68,68,85,85,138,152,71,71,71,83,83,186,186,200,200,125,25,37,37],"floor_reached":23,"playtime":1456,"items_purged":["Strike_G","Defend_G"],"score":183,"play_id":"2607458b-2e01-425d-b543-31a561473d48","local_time":"20180918190540","is_ascension_mode":false,"campfire_choices":[{"data":"Footwork","floor":6,"key":"SMITH"},{"data":"Neutralize","floor":13,"key":"SMITH"},{"data":"Noxious Fumes","floor":15,"key":"SMITH"}],"neow_cost":"NONE","seed_source_timestamp":268598243005033,"circlet_count":0,"master_deck":["Defend_G","Defend_G","Defend_G","Defend_G","Strike_G","Strike_G","Strike_G","Survivor","Neutralize+1","Tactician","Footwork+1","Footwork","Backflip","Backstab","Noxious Fumes+1","Escape Plan","Tools of the Trade","Reflex","Underhanded Strike"],"relics":["Ring of the Snake","Tiny Chest","Sozu"],"potions_floor_usage":[1,8,23],"damage_taken":[{"damage":0,"enemies":"Cultist","floor":1,"turns":4},{"damage":3,"enemies":"Small Slimes","floor":4,"turns":6},{"damage":0,"enemies":"2 Louse","floor":5,"turns":5},{"damage":2,"enemies":"2 Fungi Beasts","floor":7,"turns":7},{"damage":0,"enemies":"Exordium Thugs","floor":8,"turns":2},{"damage":8,"enemies":"Large Slime","floor":10,"turns":16},{"damage":4,"enemies":"Gremlin Gang","floor":14,"turns":7},{"damage":12,"enemies":"Slime Boss","floor":16,"turns":17},{"damage":2,"enemies":"3 Byrds","floor":18,"turns":5},{"damage":5,"enemies":"2 Thieves","floor":20,"turns":5},{"damage":15,"enemies":"Chosen and Byrds","floor":22,"turns":8},{"damage":50,"enemies":"Gremlin Leader","floor":23,"turns":8}],"seed_played":"-861997832763007217","potions_obtained":[{"floor":0,"key":"FairyPotion"},{"floor":0,"key":"SmokeBomb"},{"floor":0,"key":"Weak Potion"},{"floor":1,"key":"Dexterity Potion"},{"floor":10,"key":"SpeedPotion"},{"floor":12,"key":"EntropicBrew"}],"is_trial":false,"path_per_floor":["M","$","?","M","M","R","M","M","T","M","$","?","R","M","R","B",null,"M","?","M","$","M"],"character_chosen":"THE_SILENT","items_purchased":["Noxious Fumes"],"campfire_rested":0,"item_purchase_floors":[11],"current_hp_per_floor":[70,70,70,67,67,67,65,65,65,57,57,57,57,53,53,41,70,68,68,63,63,48,0],"gold":37,"neow_bonus":"THREE_SMALL_POTIONS","is_prod":false,"is_daily":false,"chose_seed":false,"campfire_upgraded":3,"win_rate":0,"timestamp":1537290340,"path_taken":["M","?","?","M","?","R","M","M","T","M","?","?","R","M","R","BOSS","M","?","M","$","M","E"],"build_version":"2018-09-06","purchased_purges":2,"victory":false,"max_hp_per_floor":[70,70,70,70,70,70,70,70,70,70,70,70,70,70,70,70,70,70,70,70,70,70,70],"card_choices":[{"not_picked":["Flechettes","Deflect"],"picked":"Tactician","floor":1},{"not_picked":["Grand Finale","PiercingWail"],"picked":"Footwork","floor":4},{"not_picked":["Cloak And Dagger","Eviscerate"],"picked":"Footwork","floor":5},{"not_picked":["Masterful Stab","Dagger Throw"],"picked":"Backflip","floor":7},{"not_picked":["Bane","Blade Dance"],"picked":"Backstab","floor":10},{"not_picked":["Flechettes","Crippling Poison"],"picked":"Escape Plan","floor":14},{"not_picked":["Bullet Time","After Image"],"picked":"Tools of the Trade","floor":16},{"not_picked":["Backflip","Poisoned Stab"],"picked":"Reflex","floor":18},{"not_picked":["Finisher","Masterful Stab","Poisoned Stab"],"picked":"SKIP","floor":20},{"not_picked":["PiercingWail","Choke"],"picked":"Underhanded Strike","floor":22}],"player_experience":165351,"relics_obtained":[{"floor":9,"key":"Tiny Chest"}],"event_choices":[{"event_name":"Shining Light","player_choice":"Ignored","floor":3,"damage_taken":0},{"event_name":"The Lab","player_choice":"Got Potions","floor":12,"damage_taken":0},{"event_name":"Back to Basics","player_choice":"Elegance","floor":19,"damage_taken":0}],"is_beta":false,"boss_relics":[{"not_picked":["Empty Cage","Orrery"],"picked":"Sozu"}],"items_purged_floors":[2,21],"is_endless":false,"potions_floor_spawned":[1,5,10,16,22],"killed_by":"Gremlin Leader","ascension_level":0}