{"gold_per_floor":[109,120,120,120,40,75,75,94,94,108,132,147,147,177,177,253,253,266,266,284,298,315,315,121,146,146,146,146,21,21,51,51,128,128,148,148,200,212,114,114,114,114],"floor_reached":42,"playtime":3360,"items_purged":[],"score":853,"play_id":"e73ac6d7-9b03-4f0d-b4e7-a3bc0d882b47","local_time":"20190120124045","is_ascension_mode":true,"campfire_choices":[{"data":"Glass Knife","floor":7,"key":"SMITH"},{"data":"Terror","floor":13,"key":"SMITH"},{"floor":15,"key":"REST"},{"floor":23,"key":"REST"},{"floor":28,"key":"REST"},{"data":"Footwork","floor":30,"key":"SMITH"},{"data":"Well Laid Plans","floor":32,"key":"SMITH"},{"floor":40,"key":"REST"}],"neow_cost":"NONE","seed_source_timestamp":845784675800486,"circlet_count":0,"master_deck":["AscendersBane","Defend_G","Defend_G+1","Defend_G","Defend_G","Defend_G+1","Strike_G","Survivor","Neutralize+1","All Out Attack","Glass Knife+1","Well Laid Plans+1","PiercingWail","Terror+1","Finisher+1","Corpse Explosion","Cloak And Dagger","Escape Plan","Backstab+1","PiercingWail","Mind Blast+1","Footwork+1","Glass Knife+1","Sucker Punch+1","Predator+1","Storm of Steel+1","Backstab+1","Backstab+1","Dodge and Roll","Pain"],"relics":["Ring of the Snake","NeowsBlessing","Dead Branch","Molten Egg 2","Odd Mushroom","Snake Skull","Eternal Feather","Lee\u0027s Waffle","Du-Vu Doll","Pantograph","Art of War","Letter Opener","Astrolabe","Gambling Chip","WarpedTongs"],"potions_floor_usage":[11,12,20,21,22,31,37,42],"damage_taken":[{"damage":0,"enemies":"Small Slimes","floor":1,"turns":1},{"damage":0,"enemies":"2 Louse","floor":2,"turns":1},{"damage":0,"enemies":"Gremlin Nob","floor":6,"turns":1},{"damage":0,"enemies":"Cultist","floor":8,"turns":2},{"damage":0,"enemies":"2 Fungi Beasts","floor":10,"turns":2},{"damage":4,"enemies":"The Mushroom Lair","floor":11,"turns":3},{"damage":0,"enemies":"Large Slime","floor":12,"turns":4},{"damage":16,"enemies":"3 Sentries","floor":14,"turns":6},{"damage":5,"enemies":"Hexaghost","floor":16,"turns":9},{"damage":12,"enemies":"Shell Parasite","floor":18,"turns":5},{"damage":11,"enemies":"2 Thieves","floor":20,"turns":3},{"damage":14,"enemies":"Shelled Parasite and Fungi","floor":21,"turns":5},{"damage":6,"enemies":"Centurion and Healer","floor":22,"turns":6},{"damage":70,"enemies":"Gremlin Leader","floor":25,"turns":8},{"damage":0,"enemies":"Slavers","floor":31,"turns":1},{"damage":70,"enemies":"Automaton","floor":33,"turns":10},{"damage":9,"enemies":"3 Shapes","floor":35,"turns":4},{"damage":37,"enemies":"2 Orb Walkers","floor":37,"turns":4},{"damage":2,"enemies":"3 Darklings","floor":38,"turns":7},{"damage":51,"enemies":"Nemesis","floor":42,"turns":3}],"seed_played":"8647582583587465549","potions_obtained":[{"floor":2,"key":"Explosive Potion"},{"floor":6,"key":"FearPotion"},{"floor":14,"key":"Swift Potion"},{"floor":20,"key":"SteroidPotion"},{"floor":21,"key":"GhostInAJar"},{"floor":25,"key":"SkillPotion"},{"floor":33,"key":"EssenceOfSteel"},{"floor":35,"key":"LiquidBronze"}],"is_trial":false,"path_per_floor":["M","M","?","?","$","E","R","M","T","M","?","M","R","E","R","B",null,"M","?","M","M","M","R","$","E","T","T","R","$","R","E","R","B",null,"M","?","?","M","$","R","?","E"],"character_chosen":"THE_SILENT","items_purchased":["Glass Knife","Lee\u0027s Waffle","Mind Blast+1","Footwork","Strength Potion","Dodge and Roll"],"campfire_rested":4,"item_purchase_floors":[5,24,29,29,39,39],"current_hp_per_floor":[63,63,49,49,49,49,49,49,49,49,45,45,45,29,50,45,64,52,52,41,27,21,54,77,7,7,7,42,42,57,57,72,7,60,51,51,14,12,12,50,50,0],"gold":114,"neow_bonus":"THREE_ENEMY_KILL","is_prod":false,"is_daily":false,"chose_seed":false,"campfire_upgraded":4,"win_rate":0,"timestamp":1548006045,"path_taken":["M","M","?","?","$","E","R","M","T","?","?","M","R","E","R","BOSS","M","?","M","?","M","R","$","E","T","?","R","$","R","E","R","BOSS","M","?","?","M","$","R","?","E"],"build_version":"2019-01-17v2","purchased_purges":0,"victory":false,"max_hp_per_floor":[70,70,70,70,70,70,70,70,70,70,70,70,70,70,70,70,70,70,70,70,70,70,70,77,77,77,77,77,77,77,77,77,77,77,77,77,77,77,77,77,77,77],"card_choices":[{"not_picked":["Poisoned Stab","Flying Knee"],"picked":"All Out Attack","floor":1},{"not_picked":["Backflip","Blur","Flechettes"],"picked":"SKIP","floor":2},{"not_picked":["Poisoned Stab","Flying Knee"],"picked":"Well Laid Plans","floor":6},{"not_picked":["Poisoned Stab","Flying Knee"],"picked":"PiercingWail","floor":8},{"not_picked":["Calculated Gamble","Prepared"],"picked":"Terror","floor":10},{"not_picked":["Reflex","Prepared"],"picked":"Finisher+1","floor":11},{"not_picked":["Outmaneuver","Eviscerate+1","Catalyst"],"picked":"SKIP","floor":12},{"not_picked":["Predator+1","Flechettes+1","Reflex"],"picked":"SKIP","floor":14},{"not_picked":["Die Die Die+1","Burst"],"picked":"Corpse Explosion","floor":16},{"not_picked":["Distraction","Dagger Throw+1","Quick Slash+1"],"picked":"SKIP","floor":18},{"not_picked":["Deflect","Sucker Punch+1"],"picked":"Cloak And Dagger","floor":20},{"not_picked":["Bane+1","Expertise"],"picked":"Escape Plan","floor":21},{"not_picked":["PiercingWail","Escape Plan"],"picked":"Backstab+1","floor":22},{"not_picked":["Infinite Blades","Poisoned Stab+1"],"picked":"PiercingWail","floor":25},{"not_picked":["Distraction","PiercingWail"],"picked":"Glass Knife+1","floor":31},{"not_picked":["Poisoned Stab+1","Cloak And Dagger"],"picked":"Backstab+1","floor":35},{"not_picked":["Bane+1","Skewer+1"],"picked":"Backstab+1","floor":37},{"not_picked":["Skewer+1","Poisoned Stab+1","Concentrate"],"picked":"SKIP","floor":38}],"player_experience":457616,"relics_obtained":[{"floor":6,"key":"Dead Branch"},{"floor":9,"key":"Molten Egg 2"},{"floor":11,"key":"Odd Mushroom"},{"floor":14,"key":"Snake Skull"},{"floor":25,"key":"Du-Vu Doll"},{"floor":26,"key":"Pantograph"},{"floor":27,"key":"Art of War"},{"floor":31,"key":"Letter Opener"},{"floor":37,"key":"Gambling Chip"}],"event_choices":[{"damage_healed":0,"gold_gain":0,"player_choice":"Entered Light","damage_taken":14,"max_hp_gain":0,"max_hp_loss":0,"event_name":"Shining Light","floor":3,"gold_loss":0,"cards_upgraded":["Defend_G","Defend_G"]},{"damage_healed":0,"gold_gain":0,"player_choice":"Upgraded","damage_taken":0,"max_hp_gain":0,"max_hp_loss":0,"event_name":"Upgrade Shrine","floor":4,"gold_loss":0,"cards_upgraded":["Neutralize"]},{"damage_healed":0,"gold_gain":0,"player_choice":"Fought Mushrooms","damage_taken":0,"max_hp_gain":0,"max_hp_loss":0,"event_name":"Mushrooms","floor":11,"gold_loss":0},{"damage_healed":0,"gold_gain":0,"cards_transformed":["Strike_G"],"player_choice":"Transformed","damage_taken":0,"max_hp_gain":0,"max_hp_loss":0,"event_name":"Transmorgrifier","floor":19,"gold_loss":0,"cards_obtained":["Underhanded Strike"]},{"cards_removed":["Underhanded Strike"],"damage_healed":0,"gold_gain":0,"player_choice":"Removed Attack","damage_taken":0,"max_hp_gain":0,"max_hp_loss":0,"event_name":"Falling","floor":36,"gold_loss":0},{"damage_healed":0,"gold_gain":0,"player_choice":"Fight","damage_taken":0,"max_hp_gain":0,"max_hp_loss":0,"event_name":"Mysterious Sphere","floor":37,"gold_loss":0},{"damage_healed":0,"gold_gain":0,"player_choice":"Rummage","damage_taken":0,"relics_obtained":["WarpedTongs"],"max_hp_gain":0,"max_hp_loss":0,"event_name":"Accursed Blacksmith","floor":41,"gold_loss":0,"cards_obtained":["Pain"]}],"is_beta":false,"boss_relics":[{"not_picked":["Calling Bell","Runic Pyramid"],"picked":"Eternal Feather"},{"not_picked":["HoveringKite","Pandora\u0027s Box"],"picked":"Astrolabe"}],"items_purged_floors":[],"is_endless":false,"potions_floor_spawned":[2,6,10,14,20,21,25,33,35],"killed_by":"Nemesis","ascension_level":13}