{"gold_per_floor":[111,61,11,11,22,80,80,97,97,123,123,154,154,174,174,174],"floor_reached":16,"playtime":749,"items_purged":[],"score":201,"play_id":"20e6c4c5-9771-485b-b349-b824193e7eed","local_time":"20190304192907","is_ascension_mode":true,"campfire_choices":[{"data":"Feed","floor":7,"key":"SMITH"},{"data":"Shockwave","floor":11,"key":"SMITH"},{"floor":15,"key":"REST"}],"neow_cost":"CURSE","seed_source_timestamp":13534818362284,"circlet_count":0,"master_deck":["AscendersBane","Strike_R","Strike_R","Strike_R","Strike_R","Strike_R","Defend_R","Defend_R+1","Defend_R+1","Defend_R","Bash+1","Impervious","Anger","Pommel Strike","Cleave","Feed+1","Clothesline","Shockwave+1","Ghostly Armor"],"relics":["Burning Blood","Tiny Chest","War Paint","Strawberry","Dodecahedron"],"potions_floor_usage":[10,12,16],"damage_taken":[{"damage":3,"enemies":"2 Louse","floor":1,"turns":5},{"damage":0,"enemies":"Small Slimes","floor":5,"turns":3},{"damage":20,"enemies":"Lagavulin","floor":6,"turns":6},{"damage":7,"enemies":"Jaw Worm","floor":8,"turns":5},{"damage":18,"enemies":"Gremlin Nob","floor":10,"turns":4},{"damage":30,"enemies":"Lagavulin","floor":12,"turns":6},{"damage":2,"enemies":"Exordium Thugs","floor":14,"turns":4},{"damage":77,"enemies":"The Guardian","floor":16,"turns":13}],"seed_played":"-3611424053930908968","potions_obtained":[{"floor":8,"key":"Ancient Potion"},{"floor":10,"key":"AttackPotion"},{"floor":12,"key":"LiquidBronze"}],"is_trial":false,"path_per_floor":["?","?","T"],"character_chosen":"IRONCLAD","items_purchased":["Pommel Strike"],"campfire_rested":1,"item_purchase_floors":[3],"current_hp_per_floor":[71,71,71,71,75,61,61,64,64,56,56,39,39,47,75,0],"gold":174,"neow_bonus":"THREE_RARE_CARDS","is_prod":false,"is_daily":false,"chose_seed":false,"campfire_upgraded":2,"win_rate":0,"timestamp":1551724147,"path_taken":["M","?","$","?","M","E","R","M","T","E","R","E","?","M","R","BOSS"],"build_version":"2019-01-23","purchased_purges":0,"victory":false,"max_hp_per_floor":[75,75,75,75,75,75,75,79,79,83,83,90,90,94,94,94],"card_choices":[{"not_picked":["Exhume","Bludgeon"],"picked":"Impervious","floor":0},{"not_picked":["Warcry","Ghostly Armor"],"picked":"Anger","floor":1},{"not_picked":["Rampage","Perfected Strike"],"picked":"Cleave","floor":5},{"not_picked":["Fire Breathing","Pommel Strike"],"picked":"Feed","floor":6},{"not_picked":["Heavy Blade","Anger"],"picked":"Clothesline","floor":8},{"not_picked":["Whirlwind","Wild Strike"],"picked":"Shockwave","floor":10},{"not_picked":["Sword Boomerang","Rage"],"picked":"Ghostly Armor","floor":12},{"not_picked":["Searing Blow","Sever Soul","Clothesline"],"picked":"SKIP","floor":14}],"player_experience":359773,"relics_obtained":[{"floor":6,"key":"Tiny Chest"},{"floor":10,"key":"War Paint"},{"floor":12,"key":"Strawberry"},{"floor":13,"key":"Dodecahedron"}],"event_choices":[{"cards_removed":["Decay"],"damage_healed":0,"gold_gain":0,"player_choice":"Card Removal","damage_taken":0,"max_hp_gain":0,"max_hp_loss":0,"event_name":"The Cleric","floor":2,"gold_loss":50},{"damage_healed":0,"gold_gain":0,"player_choice":"Grow","damage_taken":0,"max_hp_gain":0,"max_hp_loss":0,"event_name":"Living Wall","floor":4,"gold_loss":0,"cards_upgraded":["Bash"]}],"is_beta":false,"boss_relics":[],"items_purged_floors":[],"is_endless":false,"potions_floor_spawned":[8,10,12],"killed_by":"The Guardian","ascension_level":14}