{"gold_per_floor":[111,111,129,144,121,121,121,121,121,147,164,164,182,201,201,303,303,315,326,326,339,51,51,69,69,69,116,142,152,75,86,86,185,185,199,199,299,313,332,332,347,372,372,384,401,401,401,418,418,418],"floor_reached":51,"playtime":3256,"items_purged":["Shame"],"score":923,"play_id":"30911cc4-e270-4978-a397-adb9f2782687","local_time":"20181017233530","is_ascension_mode":true,"campfire_choices":[{"data":"Flex","floor":6,"key":"SMITH"},{"data":"Bash","floor":12,"key":"SMITH"},{"floor":15,"key":"REST"},{"data":"Apotheosis","floor":23,"key":"SMITH"},{"floor":25,"key":"REST"},{"floor":32,"key":"REST"},{"floor":40,"key":"REST"},{"floor":46,"key":"REST"},{"floor":49,"key":"REST"}],"neow_cost":"PERCENT_DAMAGE","seed_source_timestamp":35733026495992,"circlet_count":0,"master_deck":["Strike_R","Strike_R","Strike_R","Strike_R","Defend_R","Defend_R","Defend_R","Defend_R","Bash+1","Feed+1","Spot Weakness","Ghostly Armor","Cleave","Flex+1","Thunderclap","Offering","Pummel+1","Apotheosis+1","Shockwave+1","Warcry+1","Double Tap","Inflame","Heavy Blade","Limit Break","Ghostly Armor+1","Whirlwind+1","Offering","Seeing Red+1"],"relics":["Burning Blood","Matryoshka","Lantern","Black Star","Mummified Hand","Centennial Puzzle","Question Card","Boot","Bag of Preparation","Blood Vial","Orichalcum","Runic Dome","Nunchaku","Letter Opener","Self Forming Clay","Dodecahedron"],"potions_floor_usage":[11,16,21,28],"damage_taken":[{"damage":2,"enemies":"2 Louse","floor":1,"turns":3},{"damage":1,"enemies":"Cultist","floor":3,"turns":3},{"damage":0,"enemies":"Small Slimes","floor":4,"turns":2},{"damage":39,"enemies":"Lagavulin","floor":10,"turns":10},{"damage":12,"enemies":"Exordium Thugs","floor":11,"turns":4},{"damage":0,"enemies":"3 Louse","floor":13,"turns":3},{"damage":0,"enemies":"Exordium Wildlife","floor":14,"turns":2},{"damage":37,"enemies":"Slime Boss","floor":16,"turns":11},{"damage":8,"enemies":"3 Byrds","floor":18,"turns":5},{"damage":28,"enemies":"Spheric Guardian","floor":19,"turns":4},{"damage":25,"enemies":"Cultist and Chosen","floor":21,"turns":6},{"damage":18,"enemies":"Chosen and Byrds","floor":24,"turns":3},{"damage":36,"enemies":"Slavers","floor":28,"turns":2},{"damage":8,"enemies":"Centurion and Healer","floor":29,"turns":6},{"damage":6,"enemies":"3 Cultists","floor":31,"turns":3},{"damage":70,"enemies":"Automaton","floor":33,"turns":8},{"damage":32,"enemies":"3 Darklings","floor":35,"turns":3},{"damage":10,"enemies":"Mind Bloom Boss Battle","floor":36,"turns":4},{"damage":6,"enemies":"3 Shapes","floor":38,"turns":4},{"damage":6,"enemies":"Reptomancer","floor":39,"turns":1},{"damage":21,"enemies":"Maw","floor":41,"turns":6},{"damage":44,"enemies":"2 Orb Walkers","floor":42,"turns":3},{"damage":14,"enemies":"Sphere and 2 Shapes","floor":44,"turns":2},{"damage":21,"enemies":"Reptomancer","floor":45,"turns":3},{"damage":12,"enemies":"Transient","floor":48,"turns":5},{"damage":50,"enemies":"Time Eater","floor":50,"turns":5}],"seed_played":"7902792460969639265","potions_obtained":[{"floor":1,"key":"Energy Potion"},{"floor":11,"key":"Ancient Potion"},{"floor":14,"key":"Strength Potion"},{"floor":16,"key":"Weak Potion"},{"floor":19,"key":"EssenceOfSteel"},{"floor":31,"key":"Poison Potion"},{"floor":33,"key":"Dexterity Potion"},{"floor":39,"key":"Block Potion"}],"is_trial":false,"path_per_floor":["M","?","M","M","$","R","$","?","T","E","M","R","M","M","R","B",null,"M","M","?","M","$","R","M","R","T","T","E","M","$","M","R","B",null,"M","?","?","M","M","R","M","E","T","M","M","R","?","M","R","B"],"character_chosen":"IRONCLAD","items_purchased":["Flex","Apotheosis","Inflame"],"campfire_rested":6,"item_purchase_floors":[5,22,30],"current_hp_per_floor":[63,63,71,80,80,80,80,80,80,47,41,41,51,57,84,57,87,89,71,71,56,56,56,48,81,81,81,55,59,59,65,102,40,104,80,82,82,88,90,129,120,88,88,86,77,121,121,117,149,105],"gold":418,"neow_bonus":"THREE_RARE_CARDS","is_prod":false,"is_daily":false,"chose_seed":false,"campfire_upgraded":3,"win_rate":0,"timestamp":1539812130,"path_taken":["M","?","M","M","$","R","?","?","T","E","M","R","?","M","R","BOSS","M","M","?","M","$","R","M","R","T","?","E","M","?","M","R","BOSS","M","?","?","M","M","R","M","E","T","M","M","R","?","M","R","BOSS"],"build_version":"2018-10-11","purchased_purges":1,"victory":true,"max_hp_per_floor":[83,83,86,89,89,89,89,89,89,89,89,89,93,93,93,97,97,101,105,105,109,109,109,113,113,113,113,117,121,121,125,125,125,125,125,129,129,133,133,133,137,141,141,145,149,149,149,149,149,149],"card_choices":[{"not_picked":["Offering","Brutality"],"picked":"Feed","floor":0},{"not_picked":["Clash","Heavy Blade"],"picked":"Spot Weakness","floor":1},{"not_picked":["Blood for Blood","Burning Pact"],"picked":"Ghostly Armor","floor":3},{"not_picked":["True Grit","Shrug It Off"],"picked":"Cleave","floor":4},{"not_picked":["Dual Wield","Cleave"],"picked":"Thunderclap","floor":10},{"not_picked":["Thunderclap","Anger","Cleave"],"picked":"SKIP","floor":11},{"not_picked":["Thunderclap","Anger","Cleave"],"picked":"SKIP","floor":11},{"not_picked":["Clash","Rupture","Fire Breathing"],"picked":"SKIP","floor":13},{"not_picked":["Flex","Corruption"],"picked":"Armaments","floor":14},{"not_picked":["Demon Form","Impervious"],"picked":"Offering","floor":16},{"not_picked":["Iron Wave","Thunderclap","Sentinel"],"picked":"SKIP","floor":18},{"not_picked":["Shockwave","Corruption"],"picked":"Pummel+1","floor":19},{"not_picked":["Warcry","Dual Wield","Blood for Blood"],"picked":"SKIP","floor":21},{"not_picked":["Combust","Entrench"],"picked":"Shockwave+1","floor":24},{"not_picked":["Perfected Strike+1","Sever Soul","Rampage+1"],"picked":"Warcry+1","floor":28},{"not_picked":["Shockwave","Dropkick+1","Flex+1"],"picked":"Double Tap","floor":29},{"not_picked":["Reckless Charge+1","Whirlwind+1","Clothesline+1"],"picked":"Heavy Blade","floor":31},{"not_picked":["Double Tap","Impervious","Fiend Fire"],"picked":"Limit Break","floor":33},{"not_picked":["Wild Strike+1","Shrug It Off","Clothesline"],"picked":"Ghostly Armor+1","floor":35},{"not_picked":["Thunderclap+1","Searing Blow","Iron Wave"],"picked":"Whirlwind+1","floor":36},{"not_picked":["Armaments+1","Heavy Blade+1","Body Slam"],"picked":"Offering","floor":38},{"not_picked":["Thunderclap+1","Iron Wave+1","Armaments","Sever Soul+1"],"picked":"SKIP","floor":39},{"not_picked":["Cleave+1","Warcry+1","Immolate","Wild Strike+1"],"picked":"SKIP","floor":41},{"not_picked":["Clothesline+1","Second Wind","Wild Strike+1"],"picked":"Seeing Red+1","floor":42},{"not_picked":["Shrug It Off+1","Thunderclap+1","Sever Soul","Feel No Pain"],"picked":"SKIP","floor":44},{"not_picked":["Iron Wave+1","Ghostly Armor+1","Whirlwind","Second Wind+1"],"picked":"SKIP","floor":45},{"not_picked":["Dual Wield+1","Anger+1","Headbutt","Clash"],"picked":"SKIP","floor":48}],"player_experience":189718,"relics_obtained":[{"floor":9,"key":"Matryoshka"},{"floor":10,"key":"Lantern"},{"floor":26,"key":"Centennial Puzzle"},{"floor":26,"key":"Question Card"},{"floor":27,"key":"Boot"},{"floor":27,"key":"Bag of Preparation"},{"floor":28,"key":"Blood Vial"},{"floor":28,"key":"Orichalcum"},{"floor":36,"key":"Nunchaku"},{"floor":42,"key":"Letter Opener"},{"floor":42,"key":"Self Forming Clay"},{"floor":43,"key":"Dodecahedron"}],"event_choices":[{"event_name":"Purifier","player_choice":"One Purge","floor":2,"damage_taken":0},{"event_name":"Living Wall","player_choice":"Grow","floor":8,"damage_taken":0},{"event_name":"Addict","player_choice":"Stole Relic","floor":20,"damage_taken":0},{"event_name":"MindBloom","player_choice":"Fight","floor":36,"damage_taken":0},{"event_name":"Golden Shrine","player_choice":"Pray","floor":37,"damage_taken":0},{"event_name":"Wheel of Change","player_choice":"Card Removal","floor":47,"damage_taken":0}],"is_beta":false,"boss_relics":[{"not_picked":["Runic Pyramid","White Beast Statue"],"picked":"Black Star"},{"not_picked":["Empty Cage","Eternal Feather"],"picked":"Runic Dome"}],"items_purged_floors":[22],"is_endless":false,"potions_floor_spawned":[1,11,14,16,19,31,33,39,44,45],"ascension_level":5}