{"gold_per_floor":[109,109,127,143,124,158,158,12,12,12,12,24,55,65,65,161,161,161,161,38,38,38,38,38,38,38,38,0,0,0,0,0,0,0,0,0,0,0,0,0,0,0,0,0,0,0,0,0,0,0],"floor_reached":51,"playtime":3119,"items_purged":["Strike_G"],"score":1031,"play_id":"7d66199a-fdeb-49b9-9cc1-160addbb8f1b","local_time":"20190120100031","is_ascension_mode":true,"campfire_choices":[{"data":"Neutralize","floor":7,"key":"SMITH"},{"floor":10,"key":"REST"},{"floor":15,"key":"REST"},{"floor":23,"key":"REST"},{"floor":25,"key":"REST"},{"floor":29,"key":"REST"},{"floor":32,"key":"REST"},{"data":"Bouncing Flask","floor":40,"key":"SMITH"},{"data":"Malaise","floor":42,"key":"SMITH"},{"floor":49,"key":"REST"}],"neow_cost":"NONE","seed_source_timestamp":836401505191032,"circlet_count":0,"master_deck":["AscendersBane","Defend_G","Defend_G","Defend_G","Defend_G","Defend_G","Strike_G","Strike_G","Survivor","Neutralize+1","Predator+1","Bouncing Flask+1","Quick Slash","PiercingWail","Die Die Die","Noxious Fumes","Crippling Poison","Malaise+1","Cloak And Dagger","Dodge and Roll+1","Bane+1","Dodge and Roll","Sucker Punch+1","Parasite","PiercingWail","Madness","Madness","Bouncing Flask","Dodge and Roll","Glass Knife"],"relics":["Ring of the Snake","Anchor","Dodecahedron","StoneCalendar","Ectoplasm","Snake Skull","Oddly Smooth Stone","Philosopher\u0027s Stone","Ninja Scroll","Frozen Egg 2","Red Mask"],"potions_floor_usage":[5,5,13,14,33,33,44,50],"damage_taken":[{"damage":3,"enemies":"Jaw Worm","floor":1,"turns":4},{"damage":1,"enemies":"2 Louse","floor":3,"turns":3},{"damage":0,"enemies":"Small Slimes","floor":4,"turns":3},{"damage":0,"enemies":"Exordium Thugs","floor":5,"turns":4},{"damage":25,"enemies":"Lagavulin","floor":6,"turns":6},{"damage":0,"enemies":"Looter","floor":12,"turns":2},{"damage":18,"enemies":"Gremlin Nob","floor":13,"turns":5},{"damage":0,"enemies":"Exordium Wildlife","floor":14,"turns":4},{"damage":18,"enemies":"Slime Boss","floor":16,"turns":7},{"damage":0,"enemies":"Chosen","floor":18,"turns":4},{"damage":0,"enemies":"Shell Parasite","floor":19,"turns":5},{"damage":22,"enemies":"Snecko","floor":22,"turns":6},{"damage":28,"enemies":"Book of Stabbing","floor":24,"turns":7},{"damage":0,"enemies":"Centurion and Healer","floor":27,"turns":7},{"damage":0,"enemies":"Snake Plant","floor":30,"turns":5},{"damage":23,"enemies":"Cultist and Chosen","floor":31,"turns":5},{"damage":28,"enemies":"Collector","floor":33,"turns":8},{"damage":0,"enemies":"Orb Walker","floor":35,"turns":3},{"damage":0,"enemies":"3 Shapes","floor":37,"turns":3},{"damage":0,"enemies":"Writhing Mass","floor":38,"turns":7},{"damage":46,"enemies":"Spire Growth","floor":44,"turns":7},{"damage":2,"enemies":"3 Darklings","floor":46,"turns":6},{"damage":32,"enemies":"Awakened One","floor":50,"turns":18}],"seed_played":"-7120221929450604532","potions_obtained":[{"floor":0,"key":"Poison Potion"},{"floor":0,"key":"EssenceOfSteel"},{"floor":3,"key":"Block Potion"},{"floor":5,"key":"Ancient Potion"},{"floor":13,"key":"SpeedPotion"},{"floor":16,"key":"FearPotion"},{"floor":18,"key":"EssenceOfSteel"},{"floor":37,"key":"FearPotion"},{"floor":44,"key":"Regen Potion"}],"is_trial":false,"path_per_floor":["M","?","M","M","M","E","R","$","T","R","?","M","E","M","R","B",null,"M","M","$","?","M","R","E","R","T","M","?","R","M","M","R","B",null,"M","?","M","M","?","R","T","R","T","M","?","M","?","$","R","B",null],"character_chosen":"THE_SILENT","items_purchased":["Die Die Die","PowerPotion"],"campfire_rested":7,"item_purchase_floors":[8,20],"current_hp_per_floor":[60,60,59,59,59,34,34,34,34,55,48,48,30,30,51,33,61,61,61,61,48,26,48,20,42,42,42,42,64,64,41,63,35,65,65,75,75,75,66,66,66,66,66,20,20,18,18,18,40,23],"gold":0,"neow_bonus":"THREE_SMALL_POTIONS","is_prod":false,"is_daily":false,"chose_seed":false,"campfire_upgraded":3,"win_rate":0,"timestamp":1547996431,"path_taken":["M","?","M","M","M","E","R","$","T","R","?","M","E","M","R","BOSS","M","M","$","?","M","R","E","R","T","M","?","R","M","M","R","BOSS","M","?","?","M","?","R","?","R","T","M","?","M","?","$","R","BOSS"],"build_version":"2019-01-17v2","purchased_purges":1,"victory":true,"max_hp_per_floor":[70,70,70,70,70,70,70,70,70,70,70,70,70,70,70,70,70,70,70,70,75,75,75,75,75,75,75,75,75,75,75,75,75,75,75,75,75,75,75,75,75,75,75,75,75,75,75,75,75,75],"card_choices":[{"not_picked":["Backflip","Crippling Poison"],"picked":"Predator","floor":1},{"not_picked":["Outmaneuver","Underhanded Strike","Dodge and Roll"],"picked":"SKIP","floor":3},{"not_picked":["Cloak And Dagger","Prepared"],"picked":"Bouncing Flask","floor":4},{"not_picked":["Distraction","Underhanded Strike"],"picked":"Quick Slash","floor":5},{"not_picked":["Phantasmal Killer","Deflect"],"picked":"PiercingWail","floor":6},{"not_picked":["Poisoned Stab","Acrobatics"],"picked":"Noxious Fumes","floor":12},{"not_picked":["Finisher","Escape Plan"],"picked":"Crippling Poison","floor":13},{"not_picked":["Riddle With Holes","Tactician","Prepared"],"picked":"SKIP","floor":14},{"not_picked":["Grand Finale","Adrenaline"],"picked":"Malaise","floor":16},{"not_picked":["Outmaneuver","Dagger Spray"],"picked":"Cloak And Dagger","floor":18},{"not_picked":["Flechettes","Prepared"],"picked":"Caltrops","floor":19},{"not_picked":["Slice","Outmaneuver"],"picked":"Dodge and Roll+1","floor":22},{"not_picked":["Dagger Throw+1","Tools of the Trade"],"picked":"Bane+1","floor":24},{"not_picked":["Sucker Punch","Deflect","Flying Knee+1"],"picked":"SKIP","floor":27},{"not_picked":["Deflect","Predator"],"picked":"Dodge and Roll","floor":30},{"not_picked":["Slice","Sucker Punch","Deflect"],"picked":"SKIP","floor":31},{"not_picked":["Underhanded Strike+1","Riddle With Holes"],"picked":"Sucker Punch+1","floor":35},{"not_picked":["Predator","Sucker Punch+1","Prepared"],"picked":"SKIP","floor":37},{"not_picked":["Reflex","Flying Knee"],"picked":"PiercingWail","floor":38},{"not_picked":["Poisoned Stab","All Out Attack+1"],"picked":"Bouncing Flask","floor":44},{"not_picked":["Bane+1","Dagger Spray"],"picked":"Dodge and Roll","floor":46}],"player_experience":451070,"relics_obtained":[{"floor":6,"key":"Anchor"},{"floor":9,"key":"Dodecahedron"},{"floor":13,"key":"StoneCalendar"},{"floor":24,"key":"Snake Skull"},{"floor":26,"key":"Oddly Smooth Stone"},{"floor":41,"key":"Ninja Scroll"},{"floor":43,"key":"Frozen Egg 2"}],"event_choices":[{"damage_healed":0,"gold_gain":0,"player_choice":"Grow","damage_taken":0,"max_hp_gain":0,"max_hp_loss":0,"event_name":"Living Wall","floor":2,"gold_loss":0,"cards_upgraded":["Predator"]},{"cards_removed":["Strike_G"],"damage_healed":0,"gold_gain":0,"player_choice":"Card Removal","damage_taken":7,"max_hp_gain":0,"max_hp_loss":0,"event_name":"Golden Wing","floor":11,"gold_loss":0},{"damage_healed":0,"gold_gain":0,"player_choice":"Shed Blood","damage_taken":18,"max_hp_gain":5,"max_hp_loss":0,"event_name":"Forgotten Altar","floor":21,"gold_loss":0},{"damage_healed":0,"gold_gain":0,"player_choice":"Paid Fearfully","damage_taken":0,"max_hp_gain":0,"max_hp_loss":0,"event_name":"Masked Bandits","floor":28,"gold_loss":38},{"cards_removed":["Caltrops"],"damage_healed":10,"gold_gain":0,"player_choice":"Offered Uncommon","damage_taken":0,"max_hp_gain":0,"max_hp_loss":0,"event_name":"Bonfire Elementals","floor":36,"gold_loss":0},{"damage_healed":0,"gold_gain":0,"player_choice":"Embrace Madness","damage_taken":9,"max_hp_gain":0,"max_hp_loss":0,"event_name":"Winding Halls","floor":39,"gold_loss":0,"cards_obtained":["Madness","Madness"]},{"damage_healed":0,"gold_gain":0,"player_choice":"Paid","damage_taken":0,"relics_obtained":["Red Mask"],"max_hp_gain":0,"max_hp_loss":0,"event_name":"Tomb of Lord Red Mask","floor":45,"gold_loss":0},{"damage_healed":0,"gold_gain":0,"cards_transformed":["Strike_G"],"player_choice":"Transformed","damage_taken":0,"max_hp_gain":0,"max_hp_loss":0,"event_name":"Transmorgrifier","floor":47,"gold_loss":0,"cards_obtained":["Glass Knife"]}],"is_beta":false,"boss_relics":[{"not_picked":["Lizard Tail","Tiny House"],"picked":"Ectoplasm"},{"not_picked":["Runic Dome","WristBlade"],"picked":"Philosopher\u0027s Stone"}],"items_purged_floors":[20],"is_endless":false,"potions_floor_spawned":[3,5,13,16,18,27,30,37,44],"ascension_level":12}