{"gold_per_floor":[119,44,61,61,61,61,87,37,37,47,81,101,115,115,115,213,213,233,246,263,275,151,151,151],"floor_reached":24,"playtime":1112,"items_purged":["Strike_G","Defend_G","Strike_G"],"score":198,"play_id":"2fb63ab3-9d52-419a-85cd-9c53a5ebfc60","local_time":"20181114203903","is_ascension_mode":false,"campfire_choices":[{"data":"Neutralize","floor":6,"key":"SMITH"},{"floor":15,"key":"REST"},{"floor":23,"key":"REST"}],"neow_cost":"NONE","seed_source_timestamp":1043044497330,"circlet_count":0,"master_deck":["Defend_G","Defend_G","Defend_G","Defend_G","Strike_G","Strike_G","Strike_G","Survivor","Neutralize+1","Dagger Spray","Deflect","Escape Plan","Bouncing Flask","Backflip","Sucker Punch","Adrenaline","Outmaneuver","Poisoned Stab+1","Poisoned Stab","Acrobatics+1","Footwork"],"relics":["Ring of the Serpent","NeowsBlessing","Bag of Marbles","Smiling Mask","Bag of Preparation","Question Card"],"potions_floor_usage":[11,16],"damage_taken":[{"damage":0,"enemies":"Cultist","floor":1,"turns":1},{"damage":0,"enemies":"2 Louse","floor":3,"turns":1},{"damage":0,"enemies":"Jaw Worm","floor":10,"turns":1},{"damage":29,"enemies":"Gremlin Nob","floor":11,"turns":6},{"damage":2,"enemies":"Red Slaver","floor":12,"turns":3},{"damage":18,"enemies":"Large Slime","floor":13,"turns":7},{"damage":22,"enemies":"The Guardian","floor":16,"turns":14},{"damage":2,"enemies":"Chosen","floor":18,"turns":4},{"damage":2,"enemies":"Shell Parasite","floor":19,"turns":5},{"damage":34,"enemies":"Shelled Parasite and Fungi","floor":20,"turns":8},{"damage":7,"enemies":"Snecko","floor":21,"turns":6},{"damage":30,"enemies":"Slavers","floor":24,"turns":5}],"seed_played":"8496539944005036209","potions_obtained":[{"floor":3,"key":"GhostInAJar"},{"floor":12,"key":"Block Potion"},{"floor":16,"key":"Strength Potion"},{"floor":20,"key":"FearPotion"}],"is_trial":false,"path_per_floor":["M","$","M","?","?","R","T","$","T","M","E","M","M","?","R","B",null,"M","M","M","M","$","R","E"],"character_chosen":"THE_SILENT","items_purchased":["Footwork"],"campfire_rested":2,"item_purchase_floors":[22],"current_hp_per_floor":[70,70,70,70,70,70,70,70,70,70,41,39,21,21,42,20,70,68,66,32,25,25,46,16],"gold":151,"neow_bonus":"THREE_ENEMY_KILL","is_prod":false,"is_daily":false,"chose_seed":false,"campfire_upgraded":1,"win_rate":0,"timestamp":1542224343,"path_taken":["M","$","M","?","?","R","?","$","T","?","E","M","M","?","R","BOSS","M","M","?","M","$","R","E"],"build_version":"2018-11-08","purchased_purges":3,"victory":false,"max_hp_per_floor":[70,70,70,70,70,70,70,70,70,70,70,70,70,70,70,70,70,70,70,70,70,70,70,70],"card_choices":[{"not_picked":["Calculated Gamble","Deadly Poison"],"picked":"Dagger Spray","floor":1},{"not_picked":["PiercingWail","Predator"],"picked":"Deflect","floor":3},{"not_picked":["Finisher","PiercingWail"],"picked":"Escape Plan","floor":10},{"not_picked":["Deflect","Slice"],"picked":"Bouncing Flask","floor":11},{"not_picked":["Prepared","Deadly Poison","Concentrate"],"picked":"Backflip","floor":12},{"not_picked":["Dagger Throw","PiercingWail","Backflip"],"picked":"Sucker Punch","floor":13},{"not_picked":["Malaise","Phantasmal Killer","Storm of Steel"],"picked":"Adrenaline","floor":16},{"not_picked":["Infinite Blades","Caltrops","Dagger Spray"],"picked":"Outmaneuver","floor":18},{"not_picked":["Well Laid Plans","Calculated Gamble","Prepared+1"],"picked":"Poisoned Stab+1","floor":19},{"not_picked":["Quick Slash+1","Eviscerate","Glass Knife"],"picked":"Poisoned Stab","floor":20},{"not_picked":["Dagger Throw","Dodge and Roll","Slice"],"picked":"Acrobatics+1","floor":21}],"player_experience":296808,"relics_obtained":[{"floor":7,"key":"Smiling Mask"},{"floor":9,"key":"Bag of Preparation"},{"floor":11,"key":"Question Card"}],"event_choices":[{"damage_healed":0,"gold_gain":0,"player_choice":"Box","damage_taken":0,"relics_obtained":["Bag of Marbles"],"max_hp_gain":0,"max_hp_loss":0,"event_name":"Big Fish","floor":4,"gold_loss":0,"cards_obtained":["Regret"]},{"damage_healed":0,"gold_gain":0,"player_choice":"Ignored","damage_taken":0,"max_hp_gain":0,"max_hp_loss":0,"event_name":"Liars Game","floor":5,"gold_loss":0},{"cards_removed":["Regret"],"damage_healed":0,"gold_gain":0,"player_choice":"Removed Curses","damage_taken":0,"max_hp_gain":0,"max_hp_loss":0,"event_name":"Fountain of Cleansing","floor":14,"gold_loss":0}],"is_beta":false,"boss_relics":[{"not_picked":["Tiny House","Lizard Tail"],"picked":"Ring of the Serpent"}],"items_purged_floors":[2,8,22],"is_endless":false,"potions_floor_spawned":[3,12,16,20],"killed_by":"Slavers","ascension_level":0}