{"gold_per_floor":[14,27,41,53,53,53,70,86,113,113,50,70,70,81,81,181,181,198,198,212,59,69,69,69,81,108,108,108,108,108,123,123,228,228,244,244,244],"floor_reached":37,"playtime":2977,"items_purged":["Strike_G"],"score":363,"play_id":"5a3c552e-e59f-411f-abd6-852ddd1e8b2d","local_time":"20181013160317","is_ascension_mode":false,"campfire_choices":[{"floor":6,"key":"DIG"},{"floor":10,"key":"DIG"},{"floor":13,"key":"DIG"},{"floor":15,"key":"DIG"},{"floor":23,"key":"DIG"},{"floor":28,"key":"DIG"},{"floor":30,"key":"DIG"},{"floor":32,"key":"DIG"}],"neow_cost":"NO_GOLD","seed_source_timestamp":9181822006423,"circlet_count":0,"master_deck":["Defend_G+1","Defend_G+1","Defend_G+1","Defend_G+1","Defend_G+1","Strike_G+1","Strike_G+1","Strike_G+1","Strike_G+1","Survivor","Neutralize","Leg Sweep","Slice","Blade Dance","Bouncing Flask+1","Blade Dance+1","Dash","Cloak And Dagger","Escape Plan+1","Finisher+1","Cloak And Dagger","Shame","Adrenaline","Neutralize","Cloak And Dagger+1","Tools of the Trade","Backflip","Well Laid Plans","Quick Slash+1","Masterful Stab+1"],"relics":["Ring of the Snake","Shovel","Pantograph","Anchor","Lantern","MawBank","Ninja Scroll","Juzu Bracelet","Cursed Key","War Paint","Ornamental Fan","MutagenicStrength","Dream Catcher","Letter Opener","Art of War","Regal Pillow","Orrery"],"potions_floor_usage":[7,22,33,33,37],"damage_taken":[{"damage":0,"enemies":"Small Slimes","floor":1,"turns":3},{"damage":0,"enemies":"Cultist","floor":2,"turns":5},{"damage":0,"enemies":"2 Louse","floor":3,"turns":3},{"damage":0,"enemies":"Exordium Wildlife","floor":4,"turns":3},{"damage":0,"enemies":"Exordium Thugs","floor":7,"turns":4},{"damage":3,"enemies":"Large Slime","floor":8,"turns":7},{"damage":0,"enemies":"3 Louse","floor":12,"turns":5},{"damage":0,"enemies":"2 Fungi Beasts","floor":14,"turns":2},{"damage":15,"enemies":"The Guardian","floor":16,"turns":13},{"damage":4,"enemies":"Spheric Guardian","floor":18,"turns":6},{"damage":5,"enemies":"3 Byrds","floor":20,"turns":6},{"damage":8,"enemies":"Sentry and Sphere","floor":22,"turns":6},{"damage":0,"enemies":"Chosen and Byrds","floor":25,"turns":4},{"damage":0,"enemies":"3 Cultists","floor":31,"turns":2},{"damage":24,"enemies":"Automaton","floor":33,"turns":12},{"damage":0,"enemies":"Orb Walker","floor":35,"turns":2},{"damage":72,"enemies":"Awakened One","floor":37,"turns":23}],"seed_played":"8686980055260241599","potions_obtained":[{"floor":1,"key":"Weak Potion"},{"floor":3,"key":"Block Potion"},{"floor":4,"key":"AttackPotion"},{"floor":12,"key":"Poison Potion"},{"floor":25,"key":"Explosive Potion"}],"is_trial":false,"path_per_floor":["M","M","M","M","?","R","M","M","T","R","$","M","R","M","R","B",null,"M","?","M","$","M","R","?","M","T","?","R","?","R","M","R","B",null,"M","?"],"character_chosen":"THE_SILENT","items_purchased":["War Paint"],"campfire_rested":0,"item_purchase_floors":[21],"current_hp_per_floor":[70,70,70,70,70,70,70,67,67,67,67,67,67,67,67,55,70,66,66,61,61,53,53,53,53,53,53,53,70,70,70,70,46,70,70,70,0],"gold":244,"neow_bonus":"ONE_RARE_RELIC","is_prod":false,"is_daily":false,"chose_seed":false,"campfire_upgraded":0,"win_rate":0,"timestamp":1539439397,"path_taken":["M","M","M","M","?","R","M","M","T","R","?","M","R","?","R","BOSS","M","?","M","$","M","R","?","M","T","?","R","?","R","M","R","BOSS","M","?","BOSS"],"build_version":"2018-10-04","purchased_purges":1,"victory":false,"max_hp_per_floor":[70,70,70,70,70,70,70,70,70,70,70,70,70,70,70,70,70,70,70,70,70,70,70,70,70,70,70,70,70,70,70,70,70,70,70,70,70],"card_choices":[{"not_picked":["Bane","Masterful Stab"],"picked":"Leg Sweep","floor":1},{"not_picked":["Footwork","Caltrops"],"picked":"Slice","floor":2},{"not_picked":["Flying Knee","After Image"],"picked":"Blade Dance","floor":3},{"not_picked":["Bane","Caltrops"],"picked":"Bouncing Flask","floor":4},{"not_picked":["Outmaneuver","Prepared","Sucker Punch"],"picked":"SKIP","floor":7},{"not_picked":["PiercingWail","Riddle With Holes"],"picked":"Blade Dance","floor":8},{"not_picked":["Bane","Infinite Blades"],"picked":"Dash","floor":12},{"not_picked":["Caltrops","Riddle With Holes"],"picked":"Cloak And Dagger","floor":14},{"not_picked":["Underhanded Strike","Sucker Punch"],"picked":"Escape Plan+1","floor":18},{"not_picked":["Masterful Stab","Slice"],"picked":"Finisher+1","floor":20},{"not_picked":["Underhanded Strike+1","Deadly Poison"],"picked":"Cloak And Dagger","floor":22},{"not_picked":["Dagger Spray","Calculated Gamble","Bane"],"picked":"SKIP","floor":25},{"not_picked":["Acrobatics","Dagger Spray"],"picked":"Cloak And Dagger+1","floor":31},{"not_picked":["Malaise","Night Terror"],"picked":"Tools of the Trade","floor":33},{"not_picked":["Quick Slash","Bouncing Flask"],"picked":"Backflip","floor":34},{"not_picked":["Skewer","Catalyst"],"picked":"Well Laid Plans","floor":34},{"not_picked":["Dagger Throw","PiercingWail"],"picked":"Quick Slash+1","floor":34},{"not_picked":["Dodge and Roll+1","Poisoned Stab+1"],"picked":"Masterful Stab+1","floor":35}],"player_experience":156858,"relics_obtained":[{"floor":5,"key":"Pantograph"},{"floor":6,"key":"Anchor"},{"floor":9,"key":"Lantern"},{"floor":10,"key":"MawBank"},{"floor":13,"key":"Ninja Scroll"},{"floor":15,"key":"Juzu Bracelet"},{"floor":23,"key":"Ornamental Fan"},{"floor":26,"key":"Dream Catcher"},{"floor":28,"key":"Letter Opener"},{"floor":30,"key":"Art of War"},{"floor":32,"key":"Regal Pillow"}],"event_choices":[{"event_name":"Wheel of Change","player_choice":"Relic","floor":5,"damage_taken":0},{"event_name":"Back to Basics","player_choice":"Simplicity","floor":19,"damage_taken":0},{"event_name":"Drug Dealer","player_choice":"Inject Mutagens","floor":24,"damage_taken":0},{"event_name":"Match and Keep!","player_choice":"2 cards matched","floor":27,"damage_taken":0},{"event_name":"The Library","player_choice":"Heal","floor":29,"damage_taken":0},{"event_name":"SecretPortal","player_choice":"Took Portal.","floor":36,"damage_taken":0}],"is_beta":false,"boss_relics":[{"not_picked":["Pandora\u0027s Box","Coffee Dripper"],"picked":"Cursed Key"},{"not_picked":["Astrolabe","Black Star"],"picked":"Orrery"}],"items_purged_floors":[11],"is_endless":false,"potions_floor_spawned":[1,3,4,12,14,18,25],"killed_by":"Awakened One","ascension_level":0}