{"gold_per_floor":[113,133,151,151,166,191,191,211,211,178,178,189,159],"floor_reached":13,"playtime":595,"items_purged":[],"score":87,"play_id":"f92a8bb7-6d0e-4799-bd26-d854035f8d70","local_time":"20180727184518","is_ascension_mode":false,"campfire_choices":[],"neow_cost":"NONE","seed_source_timestamp":1214964785376130,"circlet_count":0,"master_deck":["Strike_B","Strike_B","Strike_B","Strike_B","Defend_B","Defend_B","Defend_B","Defend_B","Zap","Dualcast","Steam","Fusion","Steam","Conserve Battery","Double Energy","Go for the Eyes","Conserve Battery","Rebound+1"],"relics":["Cracked Core","Question Card","Ice Cream","Molten Egg 2"],"potions_floor_usage":[],"damage_taken":[{"damage":7,"enemies":"Jaw Worm","floor":1,"turns":5},{"damage":3,"enemies":"2 Louse","floor":2,"turns":4},{"damage":0,"enemies":"Cultist","floor":3,"turns":3},{"damage":15,"enemies":"Exordium Thugs","floor":5,"turns":6},{"damage":32,"enemies":"3 Sentries","floor":6,"turns":9},{"damage":12,"enemies":"3 Louse","floor":8,"turns":4},{"damage":5,"enemies":"Large Slime","floor":12,"turns":7},{"damage":5,"enemies":"Looter","floor":13,"turns":2}],"seed_played":"3026781061611236886","potions_obtained":[{"floor":3,"key":"SkillPotion"},{"floor":12,"key":"Block Potion"}],"is_trial":false,"path_per_floor":["M","M","M","?","M","E","T","M","T","?","?","M"],"character_chosen":"DEFECT","items_purchased":[],"campfire_rested":0,"item_purchase_floors":[],"current_hp_per_floor":[68,65,65,65,50,18,18,6,6,6,6,1,0],"gold":159,"neow_bonus":"THREE_CARDS","is_prod":false,"is_daily":false,"chose_seed":false,"campfire_upgraded":0,"win_rate":0.0,"timestamp":1532709918,"path_taken":["M","M","M","?","M","E","?","?","T","?","?","M","M"],"build_version":"2018-07-26","purchased_purges":0,"victory":false,"max_hp_per_floor":[75,75,75,75,75,75,75,75,75,75,75,75,75],"card_choices":[{"not_picked":["Cold Snap","Barrage"],"picked":"Steam","floor":0},{"not_picked":["Redo","Darkness"],"picked":"Fusion","floor":1},{"not_picked":["Streamline","Barrage"],"picked":"Steam","floor":2},{"not_picked":["Rebound","Barrage"],"picked":"Conserve Battery","floor":3},{"not_picked":["Gash","Rebound"],"picked":"Double Energy","floor":5},{"not_picked":["Streamline","Barrage"],"picked":"Go for the Eyes","floor":6},{"not_picked":["Rebound","Fission","Compile Driver"],"picked":"Conserve Battery","floor":8},{"not_picked":["Steam Power","Streamline+1","Aggregate"],"picked":"Rebound+1","floor":12}],"player_experience":61205,"relics_obtained":[{"floor":6,"key":"Question Card"},{"floor":7,"key":"Ice Cream"},{"floor":9,"key":"Molten Egg 2"}],"event_choices":[{"event_name":"Liars Game","player_choice":"disagreed","floor":4,"damage_taken":0},{"event_name":"World of Goop","player_choice":"Left","floor":10,"damage_taken":0},{"event_name":"Shining Light","player_choice":"Ignored","floor":11,"damage_taken":0}],"is_beta":false,"boss_relics":[],"items_purged_floors":[],"is_endless":false,"potions_floor_spawned":[3,12],"killed_by":"Looter","ascension_level":0}