{"gold_per_floor":[10,10,28,0,0,0,19,19,44,74,90,122,142,177,177,282,282,293,293,293,116,128,128,128,128,128,204,238,254,254,284,284,284],"floor_reached":33,"playtime":1105,"items_purged":[],"score":491,"play_id":"7a8103b9-14a5-44a4-9216-400012651a14","local_time":"20190223142231","is_ascension_mode":true,"campfire_choices":[{"data":"Bash","floor":6,"key":"SMITH"},{"data":"Clothesline","floor":8,"key":"SMITH"},{"data":"Fiend Fire","floor":15,"key":"SMITH"},{"data":"Seeing Red","floor":23,"key":"SMITH"},{"data":"Armaments","floor":25,"key":"SMITH"},{"floor":30,"key":"REST"},{"floor":32,"key":"REST"}],"neow_cost":"NO_GOLD","seed_source_timestamp":505249942799243,"circlet_count":0,"master_deck":["Strike_R","Strike_R","Strike_R","Strike_R","Strike_R","Defend_R","Defend_R","Defend_R","Defend_R","Bash+1","Impervious","Perfected Strike","Armaments+1","Clothesline+1","Fiend Fire+1","Sword Boomerang","Shrug It Off","Headbutt","Power Through","Bludgeon","Perfected Strike","Seeing Red+1","Armaments+1","Impervious","Feel No Pain+1"],"relics":["Burning Blood","Red Skull","Oddly Smooth Stone","Bronze Scales","Mummified Hand","Philosopher\u0027s Stone","Bag of Preparation","Frozen Egg 2","Shuriken","Question Card","Mercury Hourglass"],"potions_floor_usage":[12,14,14,18,28,31,31,31],"damage_taken":[{"damage":6,"enemies":"2 Louse","floor":1,"turns":4},{"damage":10,"enemies":"Small Slimes","floor":3,"turns":4},{"damage":0,"enemies":"Cultist","floor":7,"turns":2},{"damage":39,"enemies":"3 Sentries","floor":10,"turns":11},{"damage":4,"enemies":"Looter","floor":11,"turns":3},{"damage":12,"enemies":"Gremlin Nob","floor":12,"turns":3},{"damage":0,"enemies":"Large Slime","floor":13,"turns":5},{"damage":15,"enemies":"3 Sentries","floor":14,"turns":7},{"damage":0,"enemies":"Slime Boss","floor":16,"turns":6},{"damage":15,"enemies":"2 Thieves","floor":18,"turns":3},{"damage":0,"enemies":"Chosen","floor":22,"turns":4},{"damage":37,"enemies":"Book of Stabbing","floor":28,"turns":5},{"damage":0,"enemies":"Snake Plant","floor":29,"turns":2},{"damage":15,"enemies":"Slavers","floor":31,"turns":3},{"damage":88,"enemies":"Champ","floor":33,"turns":10}],"seed_played":"-17103062201478938","potions_obtained":[{"floor":10,"key":"SkillPotion"},{"floor":11,"key":"AttackPotion"},{"floor":13,"key":"SkillPotion"},{"floor":16,"key":"Energy Potion"},{"floor":28,"key":"Explosive Potion"},{"floor":29,"key":"Poison Potion"}],"is_trial":false,"path_per_floor":["M","?","M","?","?","R","M","R","T","E","M","E","M","E","R","B",null,"M","?","?","$","M","R","?","R","T","T","E","M","R","E","R","B"],"character_chosen":"IRONCLAD","items_purchased":["Armaments","Fire Potion","EssenceOfSteel"],"campfire_rested":2,"item_purchase_floors":[21,21,21],"current_hp_per_floor":[72,72,68,68,68,68,74,74,74,41,43,37,43,34,34,40,70,61,61,61,61,67,67,52,52,52,52,21,27,52,43,68,0],"gold":284,"neow_bonus":"THREE_RARE_CARDS","is_prod":false,"is_daily":false,"chose_seed":false,"campfire_upgraded":5,"win_rate":0,"timestamp":1550928151,"path_taken":["M","?","M","?","?","R","M","R","T","E","M","E","M","E","R","BOSS","M","?","?","$","M","R","?","R","T","?","E","M","R","E","R","BOSS"],"build_version":"2019-01-23","purchased_purges":0,"victory":false,"max_hp_per_floor":[80,80,80,80,80,80,80,80,80,80,80,80,80,80,80,80,80,80,80,80,80,80,80,85,85,85,85,85,85,85,85,85,85],"card_choices":[{"not_picked":["Exhume","Dark Embrace"],"picked":"Impervious","floor":0},{"not_picked":["Shrug It Off","Anger"],"picked":"Perfected Strike","floor":1},{"not_picked":["Corruption","True Grit"],"picked":"Armaments","floor":3},{"not_picked":["Burning Pact","True Grit"],"picked":"Clothesline","floor":7},{"not_picked":["Perfected Strike","Thunderclap"],"picked":"Fiend Fire","floor":10},{"not_picked":["Body Slam","Sever Soul"],"picked":"Sword Boomerang","floor":11},{"not_picked":["Clash","Spot Weakness"],"picked":"Shrug It Off","floor":12},{"not_picked":["Twin Strike","Cleave"],"picked":"Headbutt","floor":13},{"not_picked":["Corruption","Rampage"],"picked":"Power Through","floor":14},{"not_picked":["Offering","Limit Break"],"picked":"Bludgeon","floor":16},{"not_picked":["Body Slam","Wild Strike"],"picked":"Perfected Strike","floor":18},{"not_picked":["Body Slam","Reckless Charge","Armaments+1"],"picked":"SKIP","floor":22},{"not_picked":["Evolve+1","Heavy Blade+1"],"picked":"Impervious","floor":28},{"not_picked":["Headbutt","Havoc","Dropkick","Twin Strike"],"picked":"SKIP","floor":29},{"not_picked":["Clash+1","Twin Strike+1","Heavy Blade"],"picked":"Feel No Pain+1","floor":31}],"player_experience":741613,"relics_obtained":[{"floor":9,"key":"Red Skull"},{"floor":10,"key":"Oddly Smooth Stone"},{"floor":12,"key":"Bronze Scales"},{"floor":14,"key":"Mummified Hand"},{"floor":26,"key":"Frozen Egg 2"},{"floor":27,"key":"Shuriken"},{"floor":28,"key":"Question Card"},{"floor":31,"key":"Mercury Hourglass"}],"event_choices":[{"damage_healed":0,"gold_gain":0,"player_choice":"Ignored","damage_taken":0,"max_hp_gain":0,"max_hp_loss":0,"event_name":"Liars Game","floor":2,"gold_loss":0},{"damage_healed":0,"gold_gain":0,"player_choice":"Left Gold","damage_taken":0,"max_hp_gain":0,"max_hp_loss":0,"event_name":"World of Goop","floor":4,"gold_loss":28},{"damage_healed":0,"gold_gain":0,"player_choice":"Upgraded","damage_taken":0,"max_hp_gain":0,"max_hp_loss":0,"event_name":"Upgrade Shrine","floor":5,"gold_loss":0,"cards_upgraded":["Armaments"]},{"damage_healed":0,"gold_gain":0,"player_choice":"Opened","damage_taken":0,"relics_obtained":["Bag of Preparation"],"max_hp_gain":0,"max_hp_loss":0,"event_name":"The Mausoleum","floor":19,"gold_loss":0},{"damage_healed":0,"gold_gain":0,"player_choice":"Read","damage_taken":0,"max_hp_gain":0,"max_hp_loss":0,"event_name":"The Library","floor":20,"gold_loss":0,"cards_obtained":["Seeing Red"]},{"damage_healed":0,"gold_gain":0,"player_choice":"Shed Blood","damage_taken":20,"max_hp_gain":5,"max_hp_loss":0,"event_name":"Forgotten Altar","floor":24,"gold_loss":0}],"is_beta":false,"boss_relics":[{"not_picked":["Lizard Tail","Astrolabe"],"picked":"Philosopher\u0027s Stone"}],"items_purged_floors":[],"is_endless":false,"potions_floor_spawned":[10,11,13,16,28,29],"killed_by":"Champ","ascension_level":8}