{"gold_per_floor":[112,112,4,4,0,0,44,44,44,58,79,79],"floor_reached":12,"playtime":338,"items_purged":[],"score":99,"play_id":"e79eacc6-c971-4987-9310-654f5efbc99a","local_time":"20190216135317","is_ascension_mode":true,"campfire_choices":[{"data":"Turbo","floor":6,"key":"SMITH"},{"data":"Creative AI","floor":8,"key":"SMITH"}],"neow_cost":"NONE","seed_source_timestamp":138012277180058,"circlet_count":0,"master_deck":["Strike_B","Strike_B","Strike_B","Strike_B","Defend_B","Defend_B","Defend_B","Defend_B","Zap","Dualcast+1","Multi-Cast","Conserve Battery+1","Defragment","Turbo+1","Creative AI+1","Defragment","Conserve Battery"],"relics":["Cracked Core","Golden Idol","The Courier","Ornamental Fan"],"potions_floor_usage":[12],"damage_taken":[{"damage":0,"enemies":"Small Slimes","floor":1,"turns":3},{"damage":20,"enemies":"3 Sentries","floor":7,"turns":7},{"damage":14,"enemies":"2 Louse","floor":10,"turns":3},{"damage":1,"enemies":"Cultist","floor":11,"turns":5},{"damage":20,"enemies":"Lagavulin","floor":12,"turns":5}],"seed_played":"-5431727292217522139","potions_obtained":[{"floor":7,"key":"GamblersBrew"},{"floor":11,"key":"GamblersBrew"}],"is_trial":false,"path_per_floor":["M","?","$","?","?","R","E","R","T","M","M","E"],"character_chosen":"DEFECT","items_purchased":["Defragment","Turbo"],"campfire_rested":0,"item_purchase_floors":[3,3],"current_hp_per_floor":[68,53,53,53,53,53,33,33,33,19,18,0],"gold":79,"neow_bonus":"ONE_RANDOM_RARE_CARD","is_prod":false,"is_daily":false,"chose_seed":false,"campfire_upgraded":2,"win_rate":0,"timestamp":1550321597,"path_taken":["M","?","$","?","?","R","E","R","T","M","M","E"],"build_version":"2019-01-23","purchased_purges":0,"victory":false,"max_hp_per_floor":[75,75,75,69,69,69,69,69,69,69,69,69],"card_choices":[{"not_picked":["Cold Snap","Coolheaded"],"picked":"Conserve Battery","floor":1},{"not_picked":["Ball Lightning","Go for the Eyes"],"picked":"Creative AI","floor":7},{"not_picked":["Hologram","Sweeping Beam"],"picked":"Defragment","floor":10},{"not_picked":["Ball Lightning","Consume"],"picked":"Conserve Battery","floor":11}],"player_experience":665781,"relics_obtained":[{"floor":7,"key":"The Courier"},{"floor":9,"key":"Ornamental Fan"}],"event_choices":[{"damage_healed":0,"gold_gain":0,"player_choice":"Entered Light","damage_taken":15,"max_hp_gain":0,"max_hp_loss":0,"event_name":"Shining Light","floor":2,"gold_loss":0,"cards_upgraded":["Conserve Battery","Dualcast"]},{"damage_healed":0,"gold_gain":0,"player_choice":"Lose Max HP","damage_taken":0,"relics_obtained":["Golden Idol"],"max_hp_gain":0,"max_hp_loss":6,"event_name":"Golden Idol","floor":4,"gold_loss":0},{"damage_healed":0,"gold_gain":0,"player_choice":"Left Gold","damage_taken":0,"max_hp_gain":0,"max_hp_loss":0,"event_name":"World of Goop","floor":5,"gold_loss":4}],"is_beta":false,"boss_relics":[],"items_purged_floors":[],"is_endless":false,"potions_floor_spawned":[7,11],"killed_by":"Lagavulin","ascension_level":6}