{"gold_per_floor":[113,132,152,166,183,183,216,216,216,235,235,250,54,54,54,54],"floor_reached":16,"playtime":514,"items_purged":[],"score":177,"play_id":"aad7de99-ba15-4021-be20-e90c37400f09","local_time":"20190223144041","is_ascension_mode":true,"campfire_choices":[{"data":"Distraction","floor":6,"key":"SMITH"},{"floor":8,"key":"REST"},{"floor":15,"key":"REST"}],"neow_cost":"NONE","seed_source_timestamp":506933532607585,"circlet_count":0,"master_deck":["AscendersBane","Defend_G","Defend_G","Defend_G","Defend_G","Defend_G","Strike_G","Strike_G","Strike_G","Strike_G","Strike_G","Survivor","Neutralize","Flying Knee","Dagger Throw","Sucker Punch","Slice","Distraction+1","Cloak And Dagger","Catalyst+1","Die Die Die"],"relics":["Ring of the Snake","NeowsBlessing","Shuriken","Mummified Hand","Strange Spoon"],"potions_floor_usage":[7,12,16],"damage_taken":[{"damage":0,"enemies":"2 Louse","floor":1,"turns":1},{"damage":0,"enemies":"Cultist","floor":2,"turns":1},{"damage":0,"enemies":"Jaw Worm","floor":3,"turns":1},{"damage":5,"enemies":"Red Slaver","floor":4,"turns":4},{"damage":10,"enemies":"Large Slime","floor":5,"turns":8},{"damage":25,"enemies":"Lagavulin","floor":7,"turns":9},{"damage":8,"enemies":"Blue Slaver","floor":10,"turns":3},{"damage":10,"enemies":"Exordium Thugs","floor":12,"turns":5},{"damage":54,"enemies":"Slime Boss","floor":16,"turns":10}],"seed_played":"5511838218172596294","potions_obtained":[{"floor":3,"key":"FairyPotion"},{"floor":5,"key":"Fire Potion"},{"floor":7,"key":"Block Potion"},{"floor":12,"key":"LiquidBronze"}],"is_trial":false,"path_per_floor":["M","M","M","M","M","R","E","R","T","M","?","M","$","?","R","B"],"character_chosen":"THE_SILENT","items_purchased":["Strange Spoon"],"campfire_rested":2,"item_purchase_floors":[13],"current_hp_per_floor":[59,59,59,54,44,44,19,38,38,30,30,20,20,20,39,0],"gold":54,"neow_bonus":"THREE_ENEMY_KILL","is_prod":false,"is_daily":false,"chose_seed":false,"campfire_upgraded":1,"win_rate":0,"timestamp":1550929241,"path_taken":["M","M","M","M","M","R","E","R","T","M","?","?","$","?","R","BOSS"],"build_version":"2019-01-23","purchased_purges":0,"victory":false,"max_hp_per_floor":[66,66,66,66,66,66,66,66,66,66,66,66,66,66,66,66],"card_choices":[{"not_picked":["Prepared","Infinite Blades"],"picked":"Flying Knee","floor":1},{"not_picked":["Slice","Setup"],"picked":"Dagger Throw","floor":2},{"not_picked":["Masterful Stab","Acrobatics"],"picked":"Sucker Punch","floor":3},{"not_picked":["Dodge and Roll","Calculated Gamble"],"picked":"Slice","floor":4},{"not_picked":["Backflip","Eviscerate"],"picked":"Distraction","floor":5},{"not_picked":["Slice","Deflect"],"picked":"Cloak And Dagger","floor":7},{"not_picked":["Dodge and Roll","Dagger Throw"],"picked":"Catalyst","floor":10},{"not_picked":["Leg Sweep","Deflect"],"picked":"Die Die Die","floor":12}],"player_experience":743266,"relics_obtained":[{"floor":7,"key":"Shuriken"},{"floor":9,"key":"Mummified Hand"}],"event_choices":[{"damage_healed":0,"gold_gain":0,"player_choice":"Upgraded","damage_taken":0,"max_hp_gain":0,"max_hp_loss":0,"event_name":"Upgrade Shrine","floor":11,"gold_loss":0,"cards_upgraded":["Catalyst"]},{"damage_healed":0,"gold_gain":0,"player_choice":"Leave","damage_taken":0,"max_hp_gain":0,"max_hp_loss":0,"event_name":"FaceTrader","floor":14,"gold_loss":0}],"is_beta":false,"boss_relics":[],"items_purged_floors":[],"is_endless":false,"potions_floor_spawned":[3,5,7,12],"killed_by":"Slime Boss","ascension_level":14}