{"gold_per_floor":[114,39,56,76,76,104,104,130,212,212,229,259,434,434],"floor_reached":14,"playtime":1041,"items_purged":["Regret"],"score":113,"play_id":"4cecd4d8-d016-4d52-9caf-6ec7804ea12d","local_time":"20190223224547","is_ascension_mode":true,"campfire_choices":[{"data":"Conserve Battery","floor":7,"key":"SMITH"}],"neow_cost":"CURSE","seed_source_timestamp":229409915147080,"circlet_count":0,"master_deck":["Strike_B","Strike_B","Strike_B","Strike_B","Defend_B","Defend_B","Defend_B","Defend_B","Zap","Dualcast","Secret Weapon","Flash of Steel","Darkness","Leap","Conserve Battery+1","Capacitor","Lockon","Leap","Genetic Algorithm","Doubt"],"relics":["Cracked Core","Ginger","Vajra","Letter Opener","Oddly Smooth Stone","Boot"],"potions_floor_usage":[8,8,11],"damage_taken":[{"damage":3,"enemies":"Cultist","floor":1,"turns":3},{"damage":2,"enemies":"2 Louse","floor":3,"turns":2},{"damage":8,"enemies":"Small Slimes","floor":4,"turns":3},{"damage":18,"enemies":"Lagavulin","floor":6,"turns":8},{"damage":10,"enemies":"3 Sentries","floor":8,"turns":8},{"damage":1,"enemies":"3 Louse","floor":11,"turns":4},{"damage":29,"enemies":"Lagavulin","floor":12,"turns":7},{"damage":13,"enemies":"Red Slaver","floor":14,"turns":1}],"seed_played":"6509426928862780561","potions_obtained":[{"floor":3,"key":"Block Potion"},{"floor":4,"key":"Dexterity Potion"},{"floor":6,"key":"Explosive Potion"},{"floor":12,"key":"SpeedPotion"}],"is_trial":false,"path_per_floor":["M","$","M","M","?","E","R","E","T","?","M","E","?","M"],"character_chosen":"DEFECT","items_purchased":[],"campfire_rested":0,"item_purchase_floors":[],"current_hp_per_floor":[72,72,70,62,67,49,49,39,39,32,31,2,2,0],"gold":434,"neow_bonus":"RANDOM_COLORLESS_2","is_prod":false,"is_daily":false,"chose_seed":false,"campfire_upgraded":1,"win_rate":0,"timestamp":1550979947,"path_taken":["M","$","M","M","?","E","R","E","T","?","M","E","?","M"],"build_version":"2019-01-23","purchased_purges":1,"victory":false,"max_hp_per_floor":[75,75,75,75,80,80,80,80,80,80,80,80,80,80],"card_choices":[{"not_picked":["Compile Driver","Force Field"],"picked":"Darkness","floor":1},{"not_picked":["Barrage","Rip and Tear"],"picked":"Leap","floor":3},{"not_picked":["Aggregate","Cold Snap"],"picked":"Conserve Battery","floor":4},{"not_picked":["Double Energy","Go for the Eyes"],"picked":"Capacitor","floor":6},{"not_picked":["Echo Form","Go for the Eyes"],"picked":"Lockon","floor":8},{"not_picked":["Coolheaded","Beam Cell"],"picked":"Leap","floor":11},{"not_picked":["Sunder","All For One"],"picked":"Genetic Algorithm","floor":12}],"player_experience":197106,"relics_obtained":[{"floor":6,"key":"Ginger"},{"floor":8,"key":"Vajra"},{"floor":9,"key":"Letter Opener"},{"floor":12,"key":"Boot"}],"event_choices":[{"damage_healed":0,"gold_gain":0,"player_choice":"Donut","damage_taken":0,"max_hp_gain":5,"max_hp_loss":0,"event_name":"Big Fish","floor":5,"gold_loss":0},{"damage_healed":0,"gold_gain":0,"player_choice":"Success","damage_taken":7,"relics_obtained":["Oddly Smooth Stone"],"max_hp_gain":0,"max_hp_loss":0,"event_name":"Scrap Ooze","floor":10,"gold_loss":0},{"damage_healed":0,"gold_gain":175,"player_choice":"AGREE","damage_taken":0,"max_hp_gain":0,"max_hp_loss":0,"event_name":"Liars Game","floor":13,"gold_loss":0,"cards_obtained":["Doubt"]}],"is_beta":false,"boss_relics":[],"items_purged_floors":[2],"is_endless":false,"potions_floor_spawned":[3,4,6,12],"killed_by":"Red Slaver","ascension_level":1}