{"gold_per_floor":[128,165,195,49,49,82,82,112,139,154,172,172,191,205,205,308,308,325,343,343,343,360,360,236,264,291,291,291,311,637,653,653,748,748,760,776,776,776,789,789,819,819,872,872],"floor_reached":44,"playtime":2354,"items_purged":["Strike_G","Strike_G"],"score":563,"play_id":"c469db27-9c23-4039-a9d0-a46e18ca76d5","local_time":"20181109223857","is_ascension_mode":false,"campfire_choices":[{"data":"Survivor","floor":7,"key":"SMITH"},{"data":"Noxious Fumes","floor":12,"key":"SMITH"},{"data":"Noxious Fumes","floor":15,"key":"SMITH"},{"data":"Footwork","floor":23,"key":"SMITH"},{"floor":28,"key":"REST"},{"floor":32,"key":"REST"},{"floor":40,"key":"REST"},{"floor":42,"key":"REST"}],"neow_cost":"NONE","seed_source_timestamp":1989922070293164,"circlet_count":0,"master_deck":["Defend_G","Defend_G","Defend_G","Defend_G","Defend_G+1","Strike_G","Strike_G","Survivor+1","Neutralize+1","Expertise","Blur","Noxious Fumes+1","Flying Knee","Deflect","Noxious Fumes+1","Deadly Poison","Escape Plan","Bane","Adrenaline","Well Laid Plans","Poisoned Stab","Backstab","Footwork+1","Catalyst+1","Backflip","Quick Slash+1","Deflect","Deflect","Tactician","Deadly Poison+1","Dash","Bullet Time","Deflect","Flash of Steel"],"relics":["Ring of the Snake","MawBank","Ancient Tea Set","Lantern","Potion Belt","Blood Vial","Orrery","Bag of Preparation","War Paint","Art of War","Old Coin","Busted Crown","Happy Flower","Centennial Puzzle"],"potions_floor_usage":[6,18,19,30,30,30,30,31,33,41],"damage_taken":[{"damage":0,"enemies":"Cultist","floor":1,"turns":5},{"damage":4,"enemies":"Small Slimes","floor":3,"turns":5},{"damage":14,"enemies":"3 Sentries","floor":6,"turns":9},{"damage":1,"enemies":"Lagavulin","floor":8,"turns":7},{"damage":2,"enemies":"2 Louse","floor":10,"turns":3},{"damage":0,"enemies":"Looter","floor":11,"turns":4},{"damage":9,"enemies":"3 Louse","floor":13,"turns":4},{"damage":0,"enemies":"Blue Slaver","floor":14,"turns":4},{"damage":10,"enemies":"The Guardian","floor":16,"turns":9},{"damage":5,"enemies":"Shell Parasite","floor":18,"turns":4},{"damage":21,"enemies":"3 Byrds","floor":19,"turns":6},{"damage":13,"enemies":"Snake Plant","floor":22,"turns":5},{"damage":26,"enemies":"Gremlin Leader","floor":25,"turns":7},{"damage":11,"enemies":"Centurion and Healer","floor":29,"turns":5},{"damage":20,"enemies":"Slavers","floor":30,"turns":6},{"damage":10,"enemies":"3 Cultists","floor":31,"turns":5},{"damage":35,"enemies":"Automaton","floor":33,"turns":9},{"damage":25,"enemies":"3 Darklings","floor":35,"turns":7},{"damage":14,"enemies":"Orb Walker","floor":36,"turns":4},{"damage":19,"enemies":"Spire Growth","floor":39,"turns":5},{"damage":23,"enemies":"Giant Head","floor":41,"turns":9},{"damage":62,"enemies":"Nemesis","floor":44,"turns":6}],"seed_played":"6694437124373823622","potions_obtained":[{"floor":1,"key":"SkillPotion"},{"floor":6,"key":"GamblersBrew"},{"floor":8,"key":"Energy Potion"},{"floor":11,"key":"Poison Potion"},{"floor":16,"key":"GamblersBrew"},{"floor":19,"key":"Poison Potion"},{"floor":25,"key":"Weak Potion"},{"floor":30,"key":"Energy Potion"},{"floor":31,"key":"Ancient Potion"},{"floor":39,"key":"EssenceOfSteel"}],"is_trial":false,"path_per_floor":["M","T","M","$","?","E","R","E","T","M","M","R","M","M","R","B",null,"M","M","?","?","M","R","$","E","T","?","R","M","E","M","R","B",null,"M","M","?","?","M","R","E","R","T","E"],"character_chosen":"THE_SILENT","items_purchased":["Noxious Fumes","Flying Knee","Deflect"],"campfire_rested":4,"item_purchase_floors":[4,4,24],"current_hp_per_floor":[70,70,66,66,66,52,52,51,51,51,53,53,46,48,48,40,70,65,46,46,69,57,57,57,33,33,33,54,45,27,19,40,7,70,45,33,33,33,16,37,16,37,37,0],"gold":872,"neow_bonus":"RANDOM_COMMON_RELIC","is_prod":false,"is_daily":false,"chose_seed":false,"campfire_upgraded":4,"win_rate":0,"timestamp":1541799537,"path_taken":["M","?","M","$","?","E","R","E","T","M","M","R","M","?","R","BOSS","M","M","?","?","M","R","$","E","T","?","R","M","E","M","R","BOSS","M","M","?","?","M","R","E","R","T","E"],"build_version":"2018-11-08","purchased_purges":2,"victory":false,"max_hp_per_floor":[70,70,70,70,70,70,70,70,70,70,70,70,70,70,70,70,70,70,70,70,70,70,70,70,70,70,70,70,70,70,70,70,70,70,70,70,70,70,70,70,70,70,70,70],"card_choices":[{"not_picked":["Catalyst","Underhanded Strike"],"picked":"Expertise","floor":1},{"not_picked":["Prepared","Slice"],"picked":"Blur","floor":3},{"not_picked":["Dagger Spray","Finisher"],"picked":"Deflect","floor":6},{"not_picked":["Dagger Throw","Flying Knee"],"picked":"Noxious Fumes","floor":8},{"not_picked":["PiercingWail","Finisher"],"picked":"Deadly Poison","floor":10},{"not_picked":["Eviscerate","Acrobatics"],"picked":"Escape Plan","floor":11},{"not_picked":["Backstab","Terror"],"picked":"Bane","floor":13},{"not_picked":["Die Die Die","Deadly Poison","Choke"],"picked":"SKIP","floor":14},{"not_picked":["Doppelganger","Die Die Die"],"picked":"Adrenaline","floor":16},{"not_picked":["Eviscerate","Leg Sweep"],"picked":"Well Laid Plans","floor":17},{"not_picked":["Distraction","Dodge and Roll"],"picked":"Poisoned Stab","floor":17},{"not_picked":["Terror","Blade Dance"],"picked":"Backstab","floor":17},{"not_picked":["Backstab","Deflect"],"picked":"Footwork","floor":17},{"not_picked":["Slice","Blur"],"picked":"Catalyst","floor":17},{"not_picked":["Flying Knee","All Out Attack"],"picked":"Backflip","floor":18},{"not_picked":["All Out Attack","PiercingWail"],"picked":"Quick Slash+1","floor":19},{"not_picked":["Outmaneuver","Dagger Throw"],"picked":"Deflect","floor":22},{"not_picked":["Sucker Punch+1","Escape Plan"],"picked":"Tactician","floor":25},{"not_picked":["Calculated Gamble","Endless Agony","Concentrate"],"picked":"SKIP","floor":29},{"not_picked":["Skewer+1","Accuracy"],"picked":"Deadly Poison+1","floor":30},{"not_picked":["Noxious Fumes","Poisoned Stab"],"picked":"Dash","floor":31},{"not_picked":["Storm of Steel","Envenom"],"picked":"Bullet Time","floor":33},{"not_picked":["Finisher"],"picked":"SKIP","floor":35},{"not_picked":[],"picked":"Deflect","floor":36},{"not_picked":[],"picked":"Flash of Steel","floor":37},{"not_picked":["Choke+1"],"picked":"SKIP","floor":39},{"not_picked":["Underhanded Strike+1"],"picked":"SKIP","floor":41}],"player_experience":284271,"relics_obtained":[{"floor":2,"key":"Ancient Tea Set"},{"floor":6,"key":"Lantern"},{"floor":8,"key":"Potion Belt"},{"floor":9,"key":"Blood Vial"},{"floor":25,"key":"Bag of Preparation"},{"floor":26,"key":"War Paint"},{"floor":30,"key":"Old Coin"},{"floor":41,"key":"Happy Flower"},{"floor":43,"key":"Centennial Puzzle"}],"event_choices":[{"damage_healed":0,"gold_gain":0,"player_choice":"Upgraded","damage_taken":0,"max_hp_gain":0,"max_hp_loss":0,"event_name":"Upgrade Shrine","floor":5,"gold_loss":0,"cards_upgraded":["Neutralize"]},{"cards_removed":["Strike_G"],"damage_healed":0,"gold_gain":0,"player_choice":"Elegance","damage_taken":0,"max_hp_gain":0,"max_hp_loss":0,"event_name":"Back to Basics","floor":20,"gold_loss":0},{"damage_healed":23,"gold_gain":0,"player_choice":"Heal","damage_taken":0,"max_hp_gain":0,"max_hp_loss":0,"event_name":"The Library","floor":21,"gold_loss":0},{"damage_healed":0,"gold_gain":0,"player_choice":"Opened","damage_taken":0,"relics_obtained":["Art of War"],"max_hp_gain":0,"max_hp_loss":0,"event_name":"The Mausoleum","floor":27,"gold_loss":0},{"damage_healed":0,"gold_gain":0,"player_choice":"Memory 1","damage_taken":0,"max_hp_gain":0,"max_hp_loss":0,"event_name":"SensoryStone","floor":37,"gold_loss":0},{"damage_healed":0,"gold_gain":0,"player_choice":"Ignored","damage_taken":0,"max_hp_gain":0,"max_hp_loss":0,"event_name":"Tomb of Lord Red Mask","floor":38,"gold_loss":0}],"is_beta":false,"boss_relics":[{"not_picked":["Lizard Tail","HoveringKite"],"picked":"Orrery"},{"not_picked":["Snecko Eye","Pandora\u0027s Box"],"picked":"Busted Crown"}],"items_purged_floors":[4,24],"is_endless":false,"potions_floor_spawned":[1,6,8,11,16,19,25,30,31,39],"killed_by":"Nemesis","ascension_level":0}