{"gold_per_floor":[113,133,58,74,174,202,202,220,220,238,261,280,280,280,280,378,428,438,438,453,453,63,63,83,102,102,102,114,114,114,126,126,227,227,244,244,244,257,267,267,112,129,129,129,142,17,17,35,35,35],"floor_reached":50,"playtime":2056,"items_purged":["Strike_R","Strike_R","Strike_R"],"score":521,"play_id":"bb982a68-037e-400f-a5d0-a08c2726cd9e","local_time":"20190303214411","is_ascension_mode":false,"campfire_choices":[{"data":"Iron Wave","floor":7,"key":"SMITH"},{"data":"Limit Break","floor":13,"key":"SMITH"},{"floor":15,"key":"REST"},{"data":"Offering","floor":23,"key":"SMITH"},{"data":"Flex","floor":30,"key":"SMITH"},{"data":"Armaments","floor":32,"key":"SMITH"},{"data":"Rampage","floor":40,"key":"SMITH"},{"floor":49,"key":"REST"}],"neow_cost":"NONE","seed_source_timestamp":530967406064611,"circlet_count":0,"master_deck":["Strike_R","Defend_R+1","Defend_R","Defend_R","Defend_R","Bash+1","Rampage+1","Bloodletting","Iron Wave+1","Flex+1","Limit Break+1","Offering+1","Spot Weakness+1","Shrug It Off","Shrug It Off","Shrug It Off","Armaments+1","Feed","Armaments+1","Rampage+1","Heavy Blade+1","Flex","Iron Wave+1"],"relics":["Black Blood","Nunchaku","Sundial","Odd Mushroom","Pear","Tiny House","Pantograph","Gremlin Horn","Magic Flower","Happy Flower","Mango","Molten Egg 2"],"potions_floor_usage":[11,16,18,38,39,45,50],"damage_taken":[{"damage":5,"enemies":"2 Louse","floor":1,"turns":3},{"damage":1,"enemies":"Cultist","floor":2,"turns":3},{"damage":5,"enemies":"Small Slimes","floor":4,"turns":4},{"damage":34,"enemies":"Lagavulin","floor":6,"turns":5},{"damage":3,"enemies":"Looter","floor":8,"turns":3},{"damage":3,"enemies":"2 Fungi Beasts","floor":10,"turns":4},{"damage":16,"enemies":"The Mushroom Lair","floor":11,"turns":5},{"damage":5,"enemies":"3 Louse","floor":12,"turns":3},{"damage":39,"enemies":"The Guardian","floor":16,"turns":9},{"damage":9,"enemies":"Chosen","floor":18,"turns":6},{"damage":28,"enemies":"Spheric Guardian","floor":20,"turns":5},{"damage":11,"enemies":"Chosen and Byrds","floor":24,"turns":4},{"damage":9,"enemies":"Cultist and Chosen","floor":25,"turns":4},{"damage":20,"enemies":"Centurion and Healer","floor":28,"turns":7},{"damage":19,"enemies":"Snake Plant","floor":31,"turns":4},{"damage":27,"enemies":"Champ","floor":33,"turns":9},{"damage":22,"enemies":"Orb Walker","floor":35,"turns":5},{"damage":18,"enemies":"3 Darklings","floor":38,"turns":5},{"damage":29,"enemies":"Sphere and 2 Shapes","floor":39,"turns":6},{"damage":56,"enemies":"Spire Growth","floor":42,"turns":8},{"damage":6,"enemies":"Jaw Worm Horde","floor":45,"turns":5},{"damage":34,"enemies":"Transient","floor":48,"turns":5},{"damage":104,"enemies":"Time Eater","floor":50,"turns":12}],"seed_played":"-6705621848402354115","potions_obtained":[{"floor":1,"key":"SteroidPotion"},{"floor":4,"key":"SkillPotion"},{"floor":6,"key":"Poison Potion"},{"floor":11,"key":"Energy Potion"},{"floor":17,"key":"Ancient Potion"},{"floor":24,"key":"Explosive Potion"},{"floor":33,"key":"Swift Potion"},{"floor":42,"key":"Dexterity Potion"},{"floor":48,"key":"SkillPotion"}],"is_trial":false,"path_per_floor":["M","M","$","M","?","E","R","M","T","M","?","M","R","?","R","B",null,"M","?","M","?","$","R","M","M","T","?","M","$","R","M","R","B",null,"M","?","?","M","M","R","$","M","T","T","M","$","?","M","R","B"],"character_chosen":"IRONCLAD","items_purchased":["Shrug It Off","Pantograph","Happy Flower"],"campfire_rested":2,"item_purchase_floors":[22,22,41],"current_hp_per_floor":[80,80,80,80,80,52,52,55,55,58,48,49,49,34,61,28,95,92,92,70,70,70,70,65,62,62,93,79,79,79,66,66,70,95,86,86,86,89,75,75,75,34,48,48,62,62,62,43,78,12],"gold":35,"neow_bonus":"UPGRADE_CARD","is_prod":false,"is_daily":false,"chose_seed":false,"campfire_upgraded":6,"win_rate":0,"timestamp":1551649451,"path_taken":["M","M","$","M","?","E","R","?","T","M","?","M","R","?","R","BOSS","M","?","M","?","$","R","M","M","T","?","M","$","R","M","R","BOSS","M","?","?","?","?","R","$","M","T","?","M","?","?","?","R","BOSS"],"build_version":"2019-01-23","purchased_purges":3,"victory":false,"max_hp_per_floor":[80,80,80,80,80,80,80,80,80,80,80,80,80,90,90,90,95,95,95,95,95,95,95,95,95,95,95,95,95,95,95,95,95,95,98,98,98,102,102,102,102,102,116,116,119,119,119,119,119,119],"card_choices":[{"not_picked":["Wild Strike","Armaments"],"picked":"Rampage","floor":1},{"not_picked":["Second Wind","Rupture","Cleave"],"picked":"SKIP","floor":2},{"not_picked":["Wild Strike","Blood for Blood"],"picked":"Bloodletting","floor":4},{"not_picked":["Thunderclap","Clash"],"picked":"Iron Wave","floor":6},{"not_picked":["Body Slam","Cleave","Anger"],"picked":"SKIP","floor":8},{"not_picked":["Clash","Second Wind"],"picked":"Flex","floor":10},{"not_picked":["Clash","Rage"],"picked":"Limit Break","floor":12},{"not_picked":["Berserk","Immolate"],"picked":"Offering","floor":16},{"not_picked":["Cleave+1","True Grit"],"picked":"Spot Weakness+1","floor":18},{"not_picked":["Dual Wield","Clash+1"],"picked":"Shrug It Off","floor":20},{"not_picked":["Anger","Searing Blow"],"picked":"Shrug It Off","floor":24},{"not_picked":["Shrug It Off","Headbutt"],"picked":"Armaments","floor":25},{"not_picked":["Feel No Pain","Juggernaut","Cleave"],"picked":"SKIP","floor":28},{"not_picked":["Power Through","Warcry","Searing Blow"],"picked":"SKIP","floor":31},{"not_picked":["Impervious","Double Tap"],"picked":"Feed","floor":33},{"not_picked":["Iron Wave+1","Pommel Strike+1"],"picked":"Armaments+1","floor":35},{"not_picked":["Reckless Charge+1","Pummel"],"picked":"Rampage+1","floor":38},{"not_picked":["Whirlwind+1","Shockwave+1","Shrug It Off"],"picked":"SKIP","floor":39},{"not_picked":["Second Wind+1","Warcry","Perfected Strike"],"picked":"SKIP","floor":42},{"not_picked":["Flex","Infernal Blade"],"picked":"Heavy Blade+1","floor":45},{"not_picked":["Perfected Strike+1","Dropkick+1"],"picked":"Iron Wave+1","floor":48}],"player_experience":56201,"relics_obtained":[{"floor":6,"key":"Nunchaku"},{"floor":9,"key":"Sundial"},{"floor":11,"key":"Odd Mushroom"},{"floor":26,"key":"Gremlin Horn"},{"floor":43,"key":"Mango"},{"floor":44,"key":"Molten Egg 2"}],"event_choices":[{"damage_healed":0,"gold_gain":100,"player_choice":"Pray","damage_taken":0,"max_hp_gain":0,"max_hp_loss":0,"event_name":"Golden Shrine","floor":5,"gold_loss":0},{"damage_healed":0,"gold_gain":0,"player_choice":"Fought Mushrooms","damage_taken":0,"max_hp_gain":0,"max_hp_loss":0,"event_name":"Mushrooms","floor":11,"gold_loss":0},{"damage_healed":0,"gold_gain":0,"player_choice":"Success","damage_taken":25,"relics_obtained":["Pear"],"max_hp_gain":0,"max_hp_loss":0,"event_name":"Scrap Ooze","floor":14,"gold_loss":0},{"damage_healed":0,"gold_gain":0,"player_choice":"Ignored","damage_taken":0,"max_hp_gain":0,"max_hp_loss":0,"event_name":"Ghosts","floor":19,"gold_loss":0},{"damage_healed":0,"gold_gain":0,"player_choice":"Ignored","damage_taken":0,"max_hp_gain":0,"max_hp_loss":0,"event_name":"Vampires","floor":21,"gold_loss":0},{"damage_healed":31,"gold_gain":0,"player_choice":"Heal","damage_taken":0,"max_hp_gain":0,"max_hp_loss":0,"event_name":"The Library","floor":27,"gold_loss":0},{"damage_healed":0,"gold_gain":0,"player_choice":"Ignored","damage_taken":0,"max_hp_gain":0,"max_hp_loss":0,"event_name":"Mysterious Sphere","floor":36,"gold_loss":0},{"damage_healed":0,"gold_gain":0,"player_choice":"Gave Potion","damage_taken":0,"relics_obtained":["Magic Flower"],"max_hp_gain":0,"max_hp_loss":0,"event_name":"WeMeetAgain","floor":37,"gold_loss":0},{"damage_healed":0,"gold_gain":0,"cards_transformed":["Strike_R"],"player_choice":"Transformed","damage_taken":0,"max_hp_gain":0,"max_hp_loss":0,"event_name":"Transmorgrifier","floor":47,"gold_loss":0,"cards_obtained":["Flex"]}],"is_beta":false,"boss_relics":[{"not_picked":["Philosopher\u0027s Stone","Eternal Feather"],"picked":"Tiny House"},{"not_picked":["Mark of Pain","Velvet Choker"],"picked":"Black Blood"}],"items_purged_floors":[3,22,46],"is_endless":false,"potions_floor_spawned":[1,4,6,11,12,24,28,33,42,48],"killed_by":"Time Eater","ascension_level":0}