{"gold_per_floor":[20,20,31,31,51,81,91,118,118,129,109,142,142,153,153,257,257,269,301,321,97,97,97,97,97,97,97,122,122,122,154,154,154],"floor_reached":33,"playtime":1981,"items_purged":[],"score":467,"play_id":"40e054b2-3690-4f9a-ad1b-58ea22ff1b79","local_time":"20190224162904","is_ascension_mode":true,"campfire_choices":[{"data":"Armaments","floor":13,"key":"SMITH"},{"data":"Feel No Pain","floor":15,"key":"SMITH"},{"floor":23,"key":"REST"},{"data":"True Grit","floor":25,"key":"SMITH"},{"floor":27,"key":"REST"},{"data":"Secret Weapon","floor":32,"key":"SMITH"}],"neow_cost":"NO_GOLD","seed_source_timestamp":7691542719061,"circlet_count":0,"master_deck":["AscendersBane","Strike_R+1","Strike_R+1","Strike_R+1","Strike_R+1","Strike_R+1","Defend_R+1","Defend_R+1","Defend_R+1","Defend_R+1","Bash+1","Secret Weapon+1","Dramatic Entrance","Disarm","Cleave","Sword Boomerang","Flame Barrier","Cleave","Feel No Pain+1","Armaments+1","Battle Trance","Reaper+1","True Grit+1","Spot Weakness","Twin Strike+1","Sword Boomerang+1","Reaper+1","Clash+1","Twin Strike+1","Power Through","Shrug It Off+1","Pommel Strike+1"],"relics":["Burning Blood","Darkstone Periapt","Omamori","Bronze Scales","Molten Egg 2","Orrery","Red Mask","Anchor","Necronomicon","Gremlin Horn","Ancient Tea Set","Gambling Chip"],"potions_floor_usage":[6,7,12,16,18,28,31],"damage_taken":[{"damage":6,"enemies":"Cultist","floor":1,"turns":4},{"damage":10,"enemies":"Small Slimes","floor":3,"turns":3},{"damage":0,"enemies":"2 Louse","floor":5,"turns":2},{"damage":15,"enemies":"3 Sentries","floor":6,"turns":7},{"damage":0,"enemies":"Lots of Slimes","floor":7,"turns":1},{"damage":27,"enemies":"Gremlin Nob","floor":8,"turns":5},{"damage":0,"enemies":"2 Fungi Beasts","floor":10,"turns":2},{"damage":17,"enemies":"3 Sentries","floor":12,"turns":6},{"damage":0,"enemies":"3 Louse","floor":14,"turns":2},{"damage":46,"enemies":"Slime Boss","floor":16,"turns":9},{"damage":27,"enemies":"2 Thieves","floor":18,"turns":4},{"damage":22,"enemies":"Masked Bandits","floor":19,"turns":3},{"damage":30,"enemies":"Spheric Guardian","floor":20,"turns":6},{"damage":56,"enemies":"Book of Stabbing","floor":28,"turns":5},{"damage":14,"enemies":"Slavers","floor":31,"turns":4},{"damage":107,"enemies":"Automaton","floor":33,"turns":10}],"seed_played":"1125721081277759174","potions_obtained":[{"floor":3,"key":"SkillPotion"},{"floor":5,"key":"Swift Potion"},{"floor":10,"key":"Fire Potion"},{"floor":11,"key":"FearPotion"},{"floor":12,"key":"Fire Potion"},{"floor":20,"key":"Strength Potion"},{"floor":28,"key":"SkillPotion"}],"is_trial":false,"path_per_floor":["?","?","?","M","?","?","?","?"],"character_chosen":"IRONCLAD","items_purchased":["Power Through","Anchor"],"campfire_rested":2,"item_purchase_floors":[21,21],"current_hp_per_floor":[72,72,68,68,74,65,71,50,50,56,56,45,45,51,51,11,63,54,39,23,23,7,31,31,31,31,55,33,33,80,80,80,0],"gold":154,"neow_bonus":"RANDOM_COLORLESS_2","is_prod":false,"is_daily":false,"chose_seed":false,"campfire_upgraded":4,"win_rate":0,"timestamp":1551022144,"path_taken":["M","?","M","?","M","E","M","E","T","M","?","E","R","?","R","BOSS","M","?","M","$","?","R","$","R","T","R","E","?","?","E","R","BOSS"],"build_version":"2019-01-23","purchased_purges":0,"victory":false,"max_hp_per_floor":[80,80,80,80,80,80,80,80,80,80,80,80,80,80,80,80,80,80,80,80,80,80,80,80,80,80,80,80,80,80,80,80,80],"card_choices":[{"not_picked":["Shrug It Off","Rupture"],"picked":"Disarm","floor":1},{"not_picked":["Armaments","Clash"],"picked":"Cleave","floor":3},{"not_picked":["Infernal Blade","Searing Blow"],"picked":"Sword Boomerang","floor":5},{"not_picked":["Dual Wield","Perfected Strike","Body Slam"],"picked":"SKIP","floor":6},{"not_picked":["Sword Boomerang","Hemokinesis"],"picked":"Flame Barrier","floor":7},{"not_picked":["Entrench","Second Wind"],"picked":"Cleave","floor":8},{"not_picked":["Anger","Whirlwind"],"picked":"Feel No Pain","floor":10},{"not_picked":["Wild Strike","Twin Strike"],"picked":"Armaments","floor":12},{"not_picked":["Pummel+1","Spot Weakness"],"picked":"Battle Trance","floor":14},{"not_picked":["Barricade","Bludgeon+1"],"picked":"Reaper+1","floor":16},{"not_picked":["Havoc","Intimidate"],"picked":"True Grit","floor":17},{"not_picked":["Sentinel","Seeing Red"],"picked":"Spot Weakness","floor":17},{"not_picked":["Anger+1","Heavy Blade+1"],"picked":"Twin Strike+1","floor":17},{"not_picked":["Pommel Strike+1","Metallicize"],"picked":"Sword Boomerang+1","floor":17},{"not_picked":["Heavy Blade+1","Bloodletting"],"picked":"Reaper+1","floor":18},{"not_picked":["Perfected Strike+1","Searing Blow+1"],"picked":"Clash+1","floor":19},{"not_picked":["Warcry","Dual Wield"],"picked":"Twin Strike+1","floor":20},{"not_picked":["Battle Trance","Armaments"],"picked":"Shrug It Off+1","floor":28},{"not_picked":["Pummel+1","Iron Wave+1"],"picked":"Pommel Strike+1","floor":31}],"player_experience":329176,"relics_obtained":[{"floor":6,"key":"Darkstone Periapt"},{"floor":8,"key":"Omamori"},{"floor":9,"key":"Bronze Scales"},{"floor":12,"key":"Molten Egg 2"},{"floor":19,"key":"Red Mask"},{"floor":22,"key":"Necronomicon"},{"floor":26,"key":"Gremlin Horn"},{"floor":28,"key":"Ancient Tea Set"},{"floor":31,"key":"Gambling Chip"}],"event_choices":[{"damage_healed":0,"gold_gain":0,"player_choice":"Leave","damage_taken":0,"max_hp_gain":0,"max_hp_loss":0,"event_name":"The Cleric","floor":2,"gold_loss":0},{"damage_healed":0,"gold_gain":0,"player_choice":"Grow","damage_taken":0,"max_hp_gain":0,"max_hp_loss":0,"event_name":"Living Wall","floor":4,"gold_loss":0,"cards_upgraded":["Bash"]},{"damage_healed":0,"gold_gain":0,"player_choice":"Bought 1 Potion","damage_taken":0,"max_hp_gain":0,"max_hp_loss":0,"event_name":"The Woman in Blue","floor":11,"gold_loss":0},{"damage_healed":0,"gold_gain":0,"player_choice":"Fought Bandits","damage_taken":0,"max_hp_gain":0,"max_hp_loss":0,"event_name":"Masked Bandits","floor":19,"gold_loss":0},{"damage_healed":0,"gold_gain":0,"player_choice":"Obtained Book","damage_taken":16,"max_hp_gain":0,"max_hp_loss":0,"event_name":"Cursed Tome","floor":22,"gold_loss":0},{"damage_healed":0,"gold_gain":0,"player_choice":"Simplicity","damage_taken":0,"max_hp_gain":0,"max_hp_loss":0,"event_name":"Back to Basics","floor":29,"gold_loss":0,"cards_upgraded":["Strike_R","Strike_R","Strike_R","Strike_R","Strike_R","Defend_R","Defend_R","Defend_R","Defend_R"]},{"damage_healed":47,"gold_gain":0,"player_choice":"Full Heal","damage_taken":0,"max_hp_gain":0,"max_hp_loss":0,"event_name":"Wheel of Change","floor":30,"gold_loss":0}],"is_beta":false,"boss_relics":[{"not_picked":["Black Blood","Empty Cage"],"picked":"Orrery"}],"items_purged_floors":[],"is_endless":false,"potions_floor_spawned":[3,5,10,12,14,20,28],"killed_by":"Automaton","ascension_level":11}