{"gold_per_floor":[361,374,324,324,342,342,353,353,428,445,106,181,181,196,196,298,298,314,330,330,343,354,354,354,354,354,279,291,291,310,325,325,425,425,437,449,449,469,480,480,113,113,413,447,459,479,489,0,0,0],"floor_reached":51,"playtime":1300,"items_purged":["Defend_R","Parasite"],"score":725,"play_id":"f6e2729b-40e8-42f9-b367-afe958324bf3","local_time":"20190304005905","is_ascension_mode":false,"campfire_choices":[{"data":"Armaments","floor":6.0,"key":"SMITH"},{"data":"True Grit","floor":8.0,"key":"SMITH"},{"data":"Demon Form","floor":13.0,"key":"SMITH"},{"data":"Uppercut","floor":15.0,"key":"SMITH"},{"data":"Immolate","floor":23.0,"key":"SMITH"},{"data":"Feed","floor":25.0,"key":"SMITH"},{"data":"Bash","floor":32,"key":"SMITH"},{"data":"Flame Barrier","floor":40,"key":"SMITH"},{"data":"Pummel","floor":42,"key":"SMITH"},{"floor":49,"key":"REST"}],"neow_cost":"TEN_PERCENT_HP_LOSS","seed_source_timestamp":34871015308141,"circlet_count":0,"master_deck":["Strike_R","Strike_R","Defend_R","Defend_R","Defend_R","Bash+1","Armaments+1","Headbutt","True Grit+1","Twin Strike","Clothesline+1","Demon Form+1","Uppercut+1","Immolate+1","Shockwave+1","Sword Boomerang","Flame Barrier+1","Feed+1","Ghostly","Ghostly","Ghostly","Ghostly","Ghostly","Reaper","Pummel+1","Injury","Disarm+1"],"special_seed":0,"relics":["Burning Blood","Bottled Lightning","Brimstone","Philosopher\u0027s Stone","Vajra","Singing Bowl","Cursed Key","Lantern","Old Coin","Oddly Smooth Stone","Red Mask"],"potions_floor_usage":[33,33,50,50,50],"damage_taken":[{"damage":3.0,"enemies":"Jaw Worm","floor":1.0,"turns":4.0},{"damage":2.0,"enemies":"2 Louse","floor":2.0,"turns":4.0},{"damage":1.0,"enemies":"Cultist","floor":5.0,"turns":3.0},{"damage":0.0,"enemies":"Looter","floor":7.0,"turns":4.0},{"damage":0.0,"enemies":"Blue Slaver","floor":10.0,"turns":5.0},{"damage":11.0,"enemies":"Exordium Thugs","floor":14.0,"turns":5.0},{"damage":9.0,"enemies":"Slime Boss","floor":16.0,"turns":7.0},{"damage":21.0,"enemies":"2 Thieves","floor":18.0,"turns":3.0},{"damage":0.0,"enemies":"Chosen","floor":19.0,"turns":3.0},{"damage":4.0,"enemies":"Centurion and Healer","floor":21.0,"turns":4.0},{"damage":13.0,"enemies":"Snecko","floor":22.0,"turns":3.0},{"damage":31.0,"enemies":"Shelled Parasite and Fungi","floor":28.0,"turns":4.0},{"damage":2,"enemies":"Chosen and Byrds","floor":30,"turns":4},{"damage":12,"enemies":"Centurion and Healer","floor":31,"turns":5},{"damage":3,"enemies":"Collector","floor":33,"turns":6},{"damage":5,"enemies":"3 Darklings","floor":35,"turns":4},{"damage":1,"enemies":"3 Shapes","floor":36,"turns":4},{"damage":10,"enemies":"Writhing Mass","floor":38,"turns":7},{"damage":1,"enemies":"Maw","floor":39,"turns":5},{"damage":6,"enemies":"Reptomancer","floor":44,"turns":4},{"damage":3,"enemies":"3 Darklings","floor":45,"turns":5},{"damage":1,"enemies":"Writhing Mass","floor":46,"turns":5},{"damage":23,"enemies":"Maw","floor":47,"turns":6},{"damage":66,"enemies":"Awakened One","floor":50,"turns":8}],"seed_played":"-5408961336303732045","potions_obtained":[{"floor":14.0,"key":"SmokeBomb"},{"floor":16.0,"key":"Swift Potion"},{"floor":21.0,"key":"BloodPotion"},{"floor":22.0,"key":"Swift Potion"},{"floor":33,"key":"Strength Potion"},{"floor":39,"key":"Ancient Potion"},{"floor":44,"key":"Fire Potion"},{"floor":46,"key":"Energy Potion"}],"is_trial":false,"path_per_floor":["M","M","?","?","M","R","M","R","T","M","$","?","R","M","R","B",null,"M","M","?","M","M","R","?","R","T","?","M","?","M","M","R","B",null,"M","M","?","M","M","R","$","R","T","E","M","M","M","?","R","B",null],"character_chosen":"IRONCLAD","items_purchased":["Brimstone","Demon Form","Strength Potion","Lantern","Pummel"],"campfire_rested":1,"item_purchase_floors":[11,11,41,41,41],"current_hp_per_floor":[72,72,72,65,70,70,72,72,72,72,72,61,61,56,56,53,72,57,63,63,65,58,58,58,58,58,58,46,39,41,41,41,48,51,57,63,63,61,71,71,68,68,68,68,74,76,61,61,78,53],"gold":0,"neow_bonus":"TWO_FIFTY_GOLD","is_prod":false,"is_daily":false,"chose_seed":false,"campfire_upgraded":9,"win_rate":0,"timestamp":1551682745,"path_taken":["M","M","?","?","M","R","M","R","T","M","$","?","R","M","R","BOSS","M","M","?","?","M","R","?","R","T","?","?","?","M","M","R","BOSS","M","M","?","M","M","R","$","R","T","E","?","?","M","?","R","BOSS"],"build_version":"2019-01-23","purchased_purges":2,"victory":true,"max_hp_per_floor":[72,72,72,72,72,72,72,72,72,72,72,72,72,72,72,72,72,72,72,72,72,72,72,72,72,72,72,78,39,41,47,47,51,51,57,63,63,65,71,71,68,68,68,68,74,76,78,78,78,78],"card_choices":[{"not_picked":["Cleave","Havoc"],"picked":"Armaments","floor":1.0},{"not_picked":["Sword Boomerang","Infernal Blade"],"picked":"Headbutt","floor":2.0},{"not_picked":["Second Wind","Wild Strike"],"picked":"True Grit","floor":5.0},{"not_picked":["Burning Pact","Anger"],"picked":"Twin Strike","floor":7.0},{"not_picked":["Rampage","Iron Wave"],"picked":"Clothesline","floor":10.0},{"not_picked":["Iron Wave","Battle Trance"],"picked":"Uppercut","floor":14.0},{"not_picked":["Exhume","Reaper"],"picked":"Immolate","floor":16.0},{"not_picked":["Headbutt","Fire Breathing+1","Rupture+1"],"picked":"SKIP","floor":18.0},{"not_picked":["Sentinel","Armaments"],"picked":"Shockwave+1","floor":19.0},{"not_picked":["Perfected Strike+1","Iron Wave"],"picked":"Flame Barrier","floor":21.0},{"not_picked":["Flex","Shrug It Off+1"],"picked":"Feed","floor":22.0},{"not_picked":["Spot Weakness","Seeing Red+1","Shrug It Off+1"],"picked":"Singing Bowl","floor":28.0},{"not_picked":["Bloodletting+1","Clash","Ghostly Armor"],"picked":"Singing Bowl","floor":30},{"not_picked":["Anger","Seeing Red+1","Searing Blow+1"],"picked":"Singing Bowl","floor":31},{"not_picked":["Dark Embrace","Double Tap"],"picked":"Reaper","floor":33},{"not_picked":["Dual Wield+1","Power Through+1","Body Slam"],"picked":"Singing Bowl","floor":35},{"not_picked":["Infernal Blade+1","Twin Strike+1","Anger"],"picked":"Singing Bowl","floor":36},{"not_picked":["Clash","Armaments","Shrug It Off"],"picked":"Singing Bowl","floor":38},{"not_picked":["Body Slam+1","Impervious","Heavy Blade"],"picked":"SKIP","floor":39},{"not_picked":["Body Slam+1","Impervious","Heavy Blade"],"picked":"Singing Bowl","floor":39},{"not_picked":["Twin Strike+1","Pommel Strike+1"],"picked":"Disarm+1","floor":44},{"not_picked":["Twin Strike+1","Perfected Strike+1","Clothesline+1"],"picked":"Singing Bowl","floor":45},{"not_picked":["Thunderclap","Intimidate+1","Wild Strike+1"],"picked":"Singing Bowl","floor":46},{"not_picked":["Anger","Warcry","Sword Boomerang+1"],"picked":"Singing Bowl","floor":47}],"player_experience":979145,"relics_obtained":[{"floor":9.0,"key":"Bottled Lightning"},{"floor":26.0,"key":"Singing Bowl"},{"floor":43,"key":"Old Coin"},{"floor":44,"key":"Oddly Smooth Stone"}],"event_choices":[{"cards_removed":["Strike_R"],"damage_healed":0.0,"max_hp_gain":0.0,"max_hp_loss":0.0,"gold_gain":0.0,"event_name":"The Cleric","player_choice":"Card Removal","floor":3.0,"gold_loss":50.0,"damage_taken":0.0},{"cards_removed":["Strike_R"],"damage_healed":0.0,"max_hp_gain":0.0,"max_hp_loss":0.0,"gold_gain":0.0,"event_name":"Golden Wing","player_choice":"Card Removal","floor":4.0,"gold_loss":0.0,"damage_taken":7.0},{"damage_healed":0.0,"max_hp_gain":0.0,"max_hp_loss":0.0,"gold_gain":75.0,"event_name":"World of Goop","player_choice":"Gather Gold","floor":12.0,"gold_loss":0.0,"damage_taken":11.0},{"damage_healed":0.0,"max_hp_gain":0.0,"max_hp_loss":0.0,"gold_gain":0.0,"cards_transformed":["Strike_R"],"event_name":"Transmorgrifier","player_choice":"Transformed","floor":20.0,"gold_loss":0.0,"damage_taken":0.0,"cards_obtained":["Sword Boomerang"]},{"damage_healed":0.0,"max_hp_gain":0.0,"max_hp_loss":0.0,"gold_gain":0.0,"event_name":"The Mausoleum","player_choice":"Opened","floor":24.0,"gold_loss":0.0,"damage_taken":0.0,"relics_obtained":["Vajra"],"cards_obtained":["Writhe"]},{"cards_removed":["Writhe"],"damage_healed":0.0,"max_hp_gain":0.0,"max_hp_loss":0.0,"gold_gain":0.0,"event_name":"Beggar","player_choice":"Gave Gold","floor":27.0,"gold_loss":75.0,"damage_taken":0.0},{"damage_healed":0,"gold_gain":0,"player_choice":"Became a Ghost","damage_taken":0,"max_hp_gain":0,"max_hp_loss":39,"event_name":"Ghosts","floor":29,"gold_loss":0,"cards_obtained":["Ghostly","Ghostly","Ghostly","Ghostly","Ghostly"]},{"damage_healed":0,"gold_gain":0,"player_choice":"Upgraded","damage_taken":0,"max_hp_gain":0,"max_hp_loss":0,"event_name":"Upgrade Shrine","floor":37,"gold_loss":0,"cards_upgraded":["Clothesline"]},{"damage_healed":0,"gold_gain":0,"player_choice":"Paid","damage_taken":0,"relics_obtained":["Red Mask"],"max_hp_gain":0,"max_hp_loss":0,"event_name":"Tomb of Lord Red Mask","floor":48,"gold_loss":489}],"is_beta":false,"boss_relics":[{"not_picked":["Orrery","Runic Cube"],"picked":"Philosopher\u0027s Stone"},{"not_picked":["Runic Dome","Tiny House"],"picked":"Cursed Key"}],"items_purged_floors":[11,41],"is_endless":false,"potions_floor_spawned":[14,16,21,22,33,39,44,46,47],"ascension_level":0}