{"gold_per_floor":[119,139,139,150,225,225,258,258,258,229,240,252,5,5,5,110,110,92,111,126,35,48,48],"floor_reached":23,"playtime":734,"items_purged":[],"score":220,"play_id":"ff1dd56c-92a1-4496-a41f-13a704a1702b","local_time":"20190302200153","is_ascension_mode":false,"campfire_choices":[{"data":"Bash","floor":6,"key":"SMITH"},{"data":"Inflame","floor":8,"key":"SMITH"},{"data":"Metallicize","floor":15,"key":"SMITH"}],"neow_cost":"NONE","seed_source_timestamp":515723761224700,"circlet_count":0,"master_deck":["Strike_R","Strike_R","Strike_R","Strike_R","Strike_R","Defend_R","Defend_R","Defend_R","Defend_R","Bash+1","Metallicize+1","Disarm","Inflame+1","Disarm","Disarm","Feed","Disarm","Finesse"],"relics":["Burning Blood","NeowsBlessing","Letter Opener","Ornamental Fan","Question Card","Happy Flower","Sozu"],"potions_floor_usage":[7],"damage_taken":[{"damage":0,"enemies":"Small Slimes","floor":1,"turns":1},{"damage":0,"enemies":"Jaw Worm","floor":2,"turns":1},{"damage":0,"enemies":"2 Louse","floor":4,"turns":1},{"damage":24,"enemies":"3 Sentries","floor":7,"turns":10},{"damage":11,"enemies":"Exordium Thugs","floor":10,"turns":5},{"damage":8,"enemies":"Looter","floor":11,"turns":4},{"damage":4,"enemies":"Blue Slaver","floor":12,"turns":5},{"damage":5,"enemies":"Hexaghost","floor":16,"turns":12},{"damage":21,"enemies":"2 Thieves","floor":18,"turns":4},{"damage":12,"enemies":"Spheric Guardian","floor":19,"turns":7},{"damage":4,"enemies":"Cultist and Chosen","floor":20,"turns":8},{"damage":6,"enemies":"Snake Plant","floor":22,"turns":7}],"seed_played":"3950201022104829995","potions_obtained":[{"floor":1,"key":"Strength Potion"},{"floor":7,"key":"SteroidPotion"},{"floor":12,"key":"FairyPotion"}],"is_trial":false,"path_per_floor":["M","M","$","M","?","R","E","R","T","M","M","M","$","?","R","B",null,"M","M","M","$","M","R"],"character_chosen":"IRONCLAD","items_purchased":["Question Card","Finesse"],"campfire_rested":0,"item_purchase_floors":[13,21],"current_hp_per_floor":[80,80,80,80,69,69,51,51,51,46,44,46,46,43,43,44,80,68,65,70,70,73,73],"gold":48,"neow_bonus":"THREE_ENEMY_KILL","is_prod":false,"is_daily":false,"chose_seed":false,"campfire_upgraded":3,"win_rate":0,"timestamp":1551574913,"path_taken":["M","M","$","M","?","R","E","R","T","M","M","M","$","?","R","BOSS","M","M","M","$","M","R"],"build_version":"2019-01-23","purchased_purges":0,"victory":false,"max_hp_per_floor":[80,80,80,80,80,80,80,80,80,80,80,80,80,80,80,80,80,83,86,89,89,92,92],"card_choices":[{"not_picked":["Spot Weakness","Flex"],"picked":"Metallicize","floor":1},{"not_picked":["Sword Boomerang","Headbutt"],"picked":"Disarm","floor":2},{"not_picked":["Havoc","Warcry"],"picked":"Inflame","floor":4},{"not_picked":["Armaments","Whirlwind","Thunderclap"],"picked":"SKIP","floor":7},{"not_picked":["Pommel Strike","Warcry","Thunderclap"],"picked":"SKIP","floor":10},{"not_picked":["Thunderclap","Barricade"],"picked":"Disarm","floor":11},{"not_picked":["Clash","Feel No Pain"],"picked":"Disarm","floor":12},{"not_picked":["Berserk","Barricade","Exhume"],"picked":"Feed","floor":16},{"not_picked":["Pummel+1","Perfected Strike","Body Slam","Seeing Red"],"picked":"SKIP","floor":18},{"not_picked":["Sword Boomerang","Pummel+1","Entrench+1","Heavy Blade"],"picked":"SKIP","floor":19},{"not_picked":["Heavy Blade","Havoc","Cleave+1"],"picked":"Disarm","floor":20},{"not_picked":["Sword Boomerang","Power Through","Sever Soul+1","True Grit+1"],"picked":"SKIP","floor":22}],"player_experience":1281999,"relics_obtained":[{"floor":7,"key":"Letter Opener"},{"floor":9,"key":"Ornamental Fan"}],"event_choices":[{"damage_healed":0,"gold_gain":75,"player_choice":"Gather Gold","damage_taken":11,"max_hp_gain":0,"max_hp_loss":0,"event_name":"World of Goop","floor":5,"gold_loss":0},{"damage_healed":0,"gold_gain":0,"player_choice":"Success","damage_taken":3,"relics_obtained":["Happy Flower"],"max_hp_gain":0,"max_hp_loss":0,"event_name":"Scrap Ooze","floor":14,"gold_loss":0}],"is_beta":false,"boss_relics":[{"not_picked":["Lizard Tail","Ectoplasm"],"picked":"Sozu"}],"items_purged_floors":[],"is_endless":false,"potions_floor_spawned":[1,7,12,20,22],"ascension_level":0}