{"path_per_floor":["M","M","?","?","$","R","M","M","T","R","?","E","M","?","R","B",null,"M","?","?","$","M","R","M","M","T","M"],"character_chosen":"DEFECT","items_purchased":["Cold Snap","Ball Lightning","Hologram","Redo","Compile Driver","FairyPotion"],"gold_per_floor":[113,125,300,375,203,203,216,231,231,231,231,261,277,227,227,324,324,340,340,340,9,23,23,34,50,75,92,92],"floor_reached":28,"campfire_rested":1,"playtime":2150,"item_purchase_floors":[5,5,21,21,21,21],"current_hp_per_floor":[74,73,73,62,62,62,54,48,48,70,55,46,46,46,46,28,75,48,48,48,48,48,48,35,35,35,25,0],"items_purged":["Strike_B","Streamline"],"gold":92,"score":220,"play_id":"2b3d2497-516c-4b48-9804-96255650d38f","local_time":"20180601043932","is_prod":false,"is_daily":false,"chose_seed":false,"is_ascension_mode":false,"campfire_upgraded":3,"win_rate":0.0,"timestamp":1527842372,"campfire_choices":[{"data":"Genetic Algorithm","floor":6,"key":"SMITH"},{"floor":10,"key":"REST"},{"data":"Zap","floor":15,"key":"SMITH"},{"data":"Hologram","floor":23,"key":"SMITH"}],"path_taken":["M","M","?","?","$","R","M","M","T","R","?","E","M","?","R","BOSS","M","?","?","$","M","R","M","M","T","M","M"],"build_version":"2018-05-31","seed_source_timestamp":46323753030615,"purchased_purges":2,"victory":false,"master_deck":["Defend_B","Defend_B","Defend_B","Zap+1","Dualcast+1","Genetic Algorithm+1","Cold Snap","Ball Lightning","Defragment+1","Capacitor","Ball Lightning","Fission","Fusion+1","Go for the Eyes+1","Multi-Cast+1","Cold Snap","Hologram+1","Redo","Compile Driver","Lockon","FTL","Rebound","Skim"],"max_hp_per_floor":[75,75,75,75,75,75,75,75,75,75,75,75,75,75,75,75,75,75,75,75,75,75,75,75,75,75,75,75],"relics":["Cracked Core","Dodecahedron","Toolbox","Astrolabe","Happy Flower"],"card_choices":[{"not_picked":["Undo","Go for the Eyes"],"picked":"Genetic Algorithm","floor":1},{"not_picked":["Conserve Battery","Heatsinks"],"picked":"Streamline","floor":2},{"not_picked":["Cold Snap","Reinforced Body"],"picked":"Defragment","floor":7},{"not_picked":["Leap","Beam Cell"],"picked":"Sweeping Beam","floor":8},{"not_picked":["FTL","Stack"],"picked":"Capacitor","floor":12},{"not_picked":["Streamline","Beam Cell"],"picked":"Ball Lightning","floor":13},{"not_picked":["Thunder Strike","Creative AI"],"picked":"Fission","floor":16},{"not_picked":["Ball Lightning","Gash"],"picked":"Cold Snap","floor":18},{"not_picked":["Hologram+1","Redo"],"picked":"Lockon","floor":22},{"not_picked":["Hologram","Cold Snap"],"picked":"FTL","floor":24},{"not_picked":["Cold Snap","Storm"],"picked":"Rebound","floor":25},{"not_picked":["Scrape","Compile Driver"],"picked":"Skim","floor":27}],"player_experience":359082,"potions_floor_usage":[25],"damage_taken":[{"damage":1,"enemies":"Jaw Worm","floor":1,"turns":4},{"damage":1,"enemies":"Cultist","floor":2,"turns":3},{"damage":8,"enemies":"Small Slimes","floor":7,"turns":3},{"damage":6,"enemies":"3 Louse","floor":8,"turns":3},{"damage":9,"enemies":"Lagavulin","floor":12,"turns":5},{"damage":0,"enemies":"Large Slime","floor":13,"turns":5},{"damage":18,"enemies":"The Guardian","floor":16,"turns":8},{"damage":27,"enemies":"2 Thieves","floor":18,"turns":4},{"damage":0,"enemies":"Spheric Guardian","floor":22,"turns":3},{"damage":13,"enemies":"Snake Plant","floor":24,"turns":4},{"damage":0,"enemies":"Centurion and Healer","floor":25,"turns":5},{"damage":10,"enemies":"Cultist and Chosen","floor":27,"turns":5},{"damage":32,"enemies":"Snake Plant","floor":28,"turns":2}],"relics_obtained":[{"floor":9,"key":"Dodecahedron"},{"floor":12,"key":"Toolbox"},{"floor":26,"key":"Happy Flower"}],"event_choices":[{"event_name":"Liars Game","player_choice":"agreed","floor":3,"damage_taken":0},{"event_name":"World of Goop","player_choice":"Gather Gold","floor":4,"damage_taken":0},{"event_name":"Shining Light","player_choice":"Entered Light","floor":11,"damage_taken":0},{"event_name":"The Cleric","player_choice":"Card Removal","floor":14,"damage_taken":0},{"event_name":"Purifier","player_choice":"One Purge","floor":19,"damage_taken":0},{"event_name":"Vampires","player_choice":"Ignored","floor":20,"damage_taken":0}],"boss_relics":[{"not_picked":["Ectoplasm","Lizard Tail"],"picked":"Astrolabe"}],"items_purged_floors":[5,21],"potions_floor_spawned":[1,12,13,16,22,24],"seed_played":"-3108004049822731969","killed_by":"Snake Plant","ascension_level":0,"potions_obtained":[{"floor":1,"key":"Poison Potion"},{"floor":12,"key":"EssenceOfSteel"},{"floor":13,"key":"Ancient Potion"},{"floor":16,"key":"GamblersBrew"},{"floor":22,"key":"Block Potion"},{"floor":24,"key":"FocusPotion"}],"is_trial":false}