{"gold_per_floor":[118,118,118,118,118,118,135,60,60,60,70,88,88,107,107,204,204,214,229,129,129,139,167,167,192,192,117,117,171,171,184,184,280,280,294,305,322,322,322,322,340,340,387,387,387,404,424,436,436,436],"floor_reached":50,"playtime":2530,"items_purged":["Pain","Defend_B"],"score":522,"play_id":"a98209e6-c3cb-49da-af56-d32a9cb53c67","local_time":"20181021003358","is_ascension_mode":false,"campfire_choices":[{"data":"Zap","floor":6.0,"key":"SMITH"},{"data":"Dualcast","floor":10.0,"key":"SMITH"},{"data":"Reinforced Body","floor":13.0,"key":"SMITH"},{"data":"Rip and Tear","floor":15.0,"key":"SMITH"},{"floor":24.0,"key":"REST"},{"floor":28.0,"key":"REST"},{"floor":32.0,"key":"REST"},{"data":"Creative AI","floor":40,"key":"SMITH"},{"data":"BootSequence","floor":42,"key":"SMITH"},{"data":"Auto Shields","floor":44,"key":"SMITH"},{"floor":49,"key":"REST"}],"neow_cost":"NONE","seed_source_timestamp":0,"circlet_count":0,"master_deck":["Defend_B","Zap+1","Dualcast+1","Cold Snap","Steam","Reinforced Body+1","Rip and Tear+1","Creative AI+1","Beam Cell+1","Auto Shields+1","Chill+1","Sweeping Beam","Go for the Eyes+1","Glacier+1","White Noise+1","BootSequence+1","Glacier+1","Double Energy","Melter+1"],"special_seed":0,"relics":["Cracked Core","Anchor","WarpedTongs","Lantern","Pear","Sozu","MutagenicStrength","Ornamental Fan","Incense Burner","Vajra","Bag of Marbles","Empty Cage","Art of War","Peace Pipe"],"potions_floor_usage":[],"damage_taken":[{"damage":0.0,"enemies":"2 Louse","floor":1.0,"turns":2.0},{"damage":0.0,"enemies":"Cultist","floor":7.0,"turns":2.0},{"damage":0.0,"enemies":"Jaw Worm","floor":11.0,"turns":2.0},{"damage":0.0,"enemies":"2 Fungi Beasts","floor":12.0,"turns":4.0},{"damage":0.0,"enemies":"Looter","floor":14.0,"turns":3.0},{"damage":0.0,"enemies":"The Guardian","floor":16.0,"turns":13.0},{"damage":3.0,"enemies":"2 Thieves","floor":18.0,"turns":4.0},{"damage":2.0,"enemies":"Shell Parasite","floor":19.0,"turns":5.0},{"damage":11.0,"enemies":"Chosen and Byrds","floor":22.0,"turns":7.0},{"damage":42.0,"enemies":"Slavers","floor":23.0,"turns":9.0},{"damage":17.0,"enemies":"Book of Stabbing","floor":25.0,"turns":7.0},{"damage":17.0,"enemies":"Snake Plant","floor":31.0,"turns":4.0},{"damage":8.0,"enemies":"Champ","floor":33.0,"turns":12.0},{"damage":0,"enemies":"Orb Walker","floor":35,"turns":2},{"damage":11,"enemies":"3 Shapes","floor":36,"turns":4},{"damage":0,"enemies":"Transient","floor":37,"turns":5},{"damage":25,"enemies":"Writhing Mass","floor":41,"turns":6},{"damage":2,"enemies":"Mind Bloom Boss Battle","floor":45,"turns":9},{"damage":5,"enemies":"3 Darklings","floor":46,"turns":8},{"damage":3,"enemies":"Jaw Worm Horde","floor":47,"turns":6},{"damage":0,"enemies":"Sphere and 2 Shapes","floor":48,"turns":5},{"damage":78,"enemies":"Donu and Deca","floor":50,"turns":10}],"seed_played":"8167367893018733567","potions_obtained":[{"floor":11.0,"key":"Strength Potion"},{"floor":14.0,"key":"Fire Potion"},{"floor":16.0,"key":"Weak Potion"}],"is_trial":false,"path_per_floor":["M","?","?","?","?","R","M","$","T","R","M","M","R","M","R","B",null,"M","M","$","?","M","E","R","E","T","?","R","T","?","M","R","B",null,"M","M","M","?","?","R","M","R","T","R","?","M","M","M","R"],"character_chosen":"DEFECT","items_purchased":[],"campfire_rested":4,"item_purchase_floors":[],"current_hp_per_floor":[75,75,63,63,56,56,56,56,66,66,66,66,66,66,66,66,85,82,80,80,80,69,27,52,35,35,35,60,60,60,43,68,60,85,85,74,74,74,74,74,49,49,49,49,47,42,39,39,64,0],"gold":436,"neow_bonus":"RANDOM_COMMON_RELIC","is_prod":false,"is_daily":false,"chose_seed":false,"campfire_upgraded":7,"win_rate":0,"timestamp":1540074838,"path_taken":["M","?","?","?","?","R","M","$","T","R","M","M","R","?","R","BOSS","M","M","$","?","M","E","R","E","T","?","R","?","?","?","R","BOSS","M","M","M","?","?","R","M","R","T","R","?","?","M","M","R","BOSS"],"build_version":"2018-10-18","purchased_purges":2,"victory":false,"max_hp_per_floor":[75,75,75,75,75,75,75,75,85,85,85,85,85,85,85,85,85,85,85,85,85,85,85,85,85,85,85,85,85,85,85,85,85,85,85,85,85,85,85,85,85,85,85,85,85,85,85,85,85,85],"card_choices":[{"not_picked":["Beam Cell","Rebound"],"picked":"Cold Snap","floor":1.0},{"not_picked":["Consume","Beam Cell"],"picked":"Steam","floor":7.0},{"not_picked":["Self Repair","Cold Snap"],"picked":"Reinforced Body","floor":11.0},{"not_picked":["Fusion","Ball Lightning","Amplify"],"picked":"SKIP","floor":12.0},{"not_picked":["Hello World","Leap"],"picked":"Rip and Tear","floor":14.0},{"not_picked":["Seek","Meteor Strike"],"picked":"Creative AI","floor":16.0},{"not_picked":["Stack","Lockon"],"picked":"Beam Cell+1","floor":18.0},{"not_picked":["FTL","BootSequence"],"picked":"Auto Shields","floor":19.0},{"not_picked":["Rebound+1","Scrape+1","Ball Lightning+1"],"picked":"SKIP","floor":22.0},{"not_picked":["Coolheaded","Conserve Battery"],"picked":"Chill+1","floor":23.0},{"not_picked":["Tempest","Go for the Eyes"],"picked":"Sweeping Beam","floor":25.0},{"not_picked":["Coolheaded","Ball Lightning"],"picked":"Go for the Eyes+1","floor":31.0},{"not_picked":["Conserve Battery+1","Capacitor"],"picked":"Glacier+1","floor":35},{"not_picked":["Coolheaded+1","Darkness"],"picked":"White Noise+1","floor":36},{"not_picked":["Chill+1","Leap"],"picked":"BootSequence","floor":37},{"not_picked":["Hologram+1","Tempest"],"picked":"Glacier+1","floor":41},{"not_picked":["Barrage","Compile Driver"],"picked":"Double Energy","floor":45},{"not_picked":["Skim+1","Aggregate+1"],"picked":"Melter+1","floor":46},{"not_picked":["Beam Cell","Ball Lightning+1","Barrage+1"],"picked":"SKIP","floor":47},{"not_picked":["Go for the Eyes","Beam Cell","Ball Lightning"],"picked":"SKIP","floor":48}],"player_experience":226407,"relics_obtained":[{"floor":9.0,"key":"Pear"},{"floor":23.0,"key":"Ornamental Fan"},{"floor":25.0,"key":"Incense Burner"},{"floor":26.0,"key":"Vajra"},{"floor":29.0,"key":"Bag of Marbles"},{"floor":43,"key":"Art of War"},{"floor":45,"key":"Peace Pipe"}],"event_choices":[{"damage_healed":0.0,"max_hp_gain":0.0,"max_hp_loss":0.0,"gold_gain":0.0,"event_name":"Accursed Blacksmith","player_choice":"Rummage","floor":2.0,"gold_loss":0.0,"damage_taken":0.0,"relics_obtained":["WarpedTongs"],"cards_obtained":["Pain"]},{"damage_healed":0.0,"max_hp_gain":0.0,"max_hp_loss":0.0,"gold_gain":0.0,"event_name":"Scrap Ooze","player_choice":"Success","floor":3.0,"gold_loss":0.0,"damage_taken":12.0,"relics_obtained":["Lantern"]},{"damage_healed":0.0,"max_hp_gain":0.0,"max_hp_loss":0.0,"gold_gain":0.0,"event_name":"Liars Game","player_choice":"Ignored","floor":4.0,"gold_loss":0.0,"damage_taken":0.0},{"cards_removed":["Strike_B"],"damage_healed":0.0,"max_hp_gain":0.0,"max_hp_loss":0.0,"gold_gain":0.0,"event_name":"Golden Wing","player_choice":"Card Removal","floor":5.0,"gold_loss":0.0,"damage_taken":7.0},{"damage_healed":0.0,"max_hp_gain":0.0,"max_hp_loss":0.0,"gold_gain":0.0,"event_name":"Drug Dealer","player_choice":"Inject Mutagens","floor":21.0,"gold_loss":0.0,"damage_taken":0.0,"relics_obtained":["MutagenicStrength"]},{"cards_removed":["Strike_B"],"damage_healed":0.0,"max_hp_gain":0.0,"max_hp_loss":0.0,"gold_gain":0.0,"event_name":"Beggar","player_choice":"Gave Gold","floor":27.0,"gold_loss":75.0,"damage_taken":0.0},{"cards_removed":["Defend_B"],"damage_healed":0.0,"max_hp_gain":0.0,"max_hp_loss":0.0,"gold_gain":0.0,"event_name":"Wheel of Change","player_choice":"Card Removal","floor":30.0,"gold_loss":0.0,"damage_taken":0.0},{"damage_healed":0,"gold_gain":0,"player_choice":"Bought 0 Potions","damage_taken":0,"max_hp_gain":0,"max_hp_loss":0,"event_name":"The Woman in Blue","floor":38,"gold_loss":0},{"cards_removed":["Strike_B"],"damage_healed":0,"gold_gain":0,"player_choice":"Removed Attack","damage_taken":0,"max_hp_gain":0,"max_hp_loss":0,"event_name":"Falling","floor":39,"gold_loss":0},{"damage_healed":0,"gold_gain":0,"player_choice":"Fight","damage_taken":0,"max_hp_gain":0,"max_hp_loss":0,"event_name":"MindBloom","floor":45,"gold_loss":0}],"is_beta":false,"boss_relics":[{"not_picked":["Nuclear Battery","Runic Pyramid"],"picked":"Sozu"},{"not_picked":["Snecko Eye","Tiny House"],"picked":"Empty Cage"}],"items_purged_floors":[8,20],"is_endless":false,"potions_floor_spawned":[11,14,16,18,31,35,41,45],"killed_by":"Donu and Deca","ascension_level":0}