{"gold_per_floor":[111,129,129,147,51,51,82,100,153,169,16,41,41,58,58,163,163,174,99,99,114,114,139,139],"floor_reached":24,"playtime":1582,"items_purged":["Strike_R"],"score":260,"play_id":"5a3cbfb3-24aa-491b-aa36-6ad139ddbfaf","local_time":"20190218195554","is_ascension_mode":true,"campfire_choices":[{"data":"Body Slam","floor":6,"key":"SMITH"},{"floor":13,"key":"REST"},{"data":"True Grit","floor":15,"key":"SMITH"}],"neow_cost":"TEN_PERCENT_HP_LOSS","seed_source_timestamp":92778025624830,"circlet_count":0,"master_deck":["Strike_R","Strike_R","Strike_R","Defend_R","Defend_R+1","Defend_R","Defend_R","Bash","Bludgeon","Clothesline+1","Rage+1","Bloodletting","Body Slam+1","Fire Breathing","Offering","Shockwave","Cleave","Headbutt","Pommel Strike","Spot Weakness","True Grit+1","Barricade","Seeing Red","Armaments","Rage","Bash","Enlightenment","Rampage"],"relics":["Burning Blood","Gremlin Horn","War Paint","Centennial Puzzle","Velvet Choker","Bottled Flame"],"potions_floor_usage":[7,21],"damage_taken":[{"damage":9,"enemies":"2 Louse","floor":1,"turns":4},{"damage":0,"enemies":"Cultist","floor":2,"turns":3},{"damage":3,"enemies":"Jaw Worm","floor":4,"turns":3},{"damage":28,"enemies":"Lagavulin","floor":7,"turns":6},{"damage":4,"enemies":"2 Fungi Beasts","floor":8,"turns":4},{"damage":19,"enemies":"Exordium Thugs","floor":10,"turns":5},{"damage":8,"enemies":"3 Sentries","floor":12,"turns":5},{"damage":24,"enemies":"Gremlin Gang","floor":14,"turns":2},{"damage":15,"enemies":"Slime Boss","floor":16,"turns":7},{"damage":3,"enemies":"Chosen","floor":18,"turns":3},{"damage":10,"enemies":"Shell Parasite","floor":21,"turns":4},{"damage":40,"enemies":"Gremlin Leader","floor":23,"turns":6},{"damage":34,"enemies":"Snecko","floor":24,"turns":5}],"seed_played":"-8092566781489471089","potions_obtained":[{"floor":1,"key":"AttackPotion"},{"floor":8,"key":"SmokeBomb"},{"floor":16,"key":"AttackPotion"},{"floor":21,"key":"Weak Potion"}],"is_trial":false,"path_per_floor":["M","M","?","M","$","R","E","M","T","M","$","E","R","M","R","B",null,"M","?","$","M","?","E","M"],"character_chosen":"IRONCLAD","items_purchased":["Body Slam","Fire Breathing","Headbutt","Pommel Strike"],"campfire_rested":1,"item_purchase_floors":[5,5,11,11],"current_hp_per_floor":[69,72,72,72,72,72,50,52,52,39,39,37,58,40,40,31,72,72,72,72,68,68,34,0],"gold":139,"neow_bonus":"THREE_RARE_CARDS","is_prod":false,"is_daily":false,"chose_seed":false,"campfire_upgraded":2,"win_rate":0,"timestamp":1550516154,"path_taken":["M","M","?","?","$","R","E","M","T","M","$","E","R","M","R","BOSS","M","?","$","M","?","E","?"],"build_version":"2019-01-23","purchased_purges":1,"victory":false,"max_hp_per_floor":[72,72,72,72,72,72,72,72,72,72,72,72,72,72,72,72,72,72,72,72,72,72,72,72],"card_choices":[{"not_picked":["Brutality","Berserk"],"picked":"Bludgeon","floor":0},{"not_picked":["Dual Wield","Havoc"],"picked":"Clothesline","floor":1},{"not_picked":["Entrench","Headbutt"],"picked":"Rage","floor":2},{"not_picked":["Evolve","Body Slam"],"picked":"Bloodletting","floor":4},{"not_picked":["Infernal Blade","Wild Strike"],"picked":"Offering","floor":7},{"not_picked":["Sword Boomerang","Flex"],"picked":"Shockwave","floor":8},{"not_picked":["Combust","Rampage"],"picked":"Cleave","floor":10},{"not_picked":["Pummel","Feel No Pain"],"picked":"Spot Weakness","floor":12},{"not_picked":["Body Slam","Power Through"],"picked":"True Grit","floor":14},{"not_picked":["Exhume","Brutality"],"picked":"Barricade","floor":16},{"not_picked":["Whirlwind","Pummel"],"picked":"Seeing Red","floor":18},{"not_picked":["Anger","Cleave+1"],"picked":"Armaments","floor":21},{"not_picked":["Clothesline","Feed"],"picked":"Rampage","floor":23}],"player_experience":683786,"relics_obtained":[{"floor":7,"key":"Gremlin Horn"},{"floor":9,"key":"War Paint"},{"floor":12,"key":"Centennial Puzzle"},{"floor":23,"key":"Bottled Flame"}],"event_choices":[{"damage_healed":0,"gold_gain":0,"player_choice":"Upgraded","damage_taken":0,"max_hp_gain":0,"max_hp_loss":0,"event_name":"Upgrade Shrine","floor":3,"gold_loss":0,"cards_upgraded":["Clothesline"]},{"cards_removed":["Strike_R"],"damage_healed":0,"gold_gain":0,"player_choice":"Gave Gold","damage_taken":0,"max_hp_gain":0,"max_hp_loss":0,"event_name":"Beggar","floor":19,"gold_loss":75},{"damage_healed":0,"gold_gain":0,"player_choice":"3 cards matched","damage_taken":0,"max_hp_gain":0,"max_hp_loss":0,"event_name":"Match and Keep!","floor":22,"gold_loss":0,"cards_obtained":["Rage","Bash","Enlightenment"]}],"is_beta":false,"boss_relics":[{"not_picked":["White Beast Statue","Tiny House"],"picked":"Velvet Choker"}],"items_purged_floors":[11],"is_endless":false,"potions_floor_spawned":[1,8,16,21],"killed_by":"Snecko","ascension_level":3}