{"gold_per_floor":[115,65,65,15,25,25,25,35,35,48,48,83,114,128,128,204,204,222,87,98,98,115,115,65,79,79,93,93],"floor_reached":28,"playtime":6325,"items_purged":["Strike_R","Strike_R","Doubt","Normality"],"score":391,"play_id":"3e2e1b79-2307-4a22-8ca7-c317916801ff","local_time":"20190302174106","is_ascension_mode":true,"campfire_choices":[{"data":"Bash","floor":6.0,"key":"SMITH"},{"data":"Spot Weakness","floor":11.0,"key":"SMITH"},{"floor":15.0,"key":"REST"},{"data":"Shockwave","floor":23,"key":"SMITH"}],"neow_cost":"NONE","seed_source_timestamp":49695564035376,"circlet_count":0,"master_deck":["AscendersBane","Strike_R","Strike_R","Strike_R","Defend_R","Defend_R","Defend_R","Defend_R","Bash+1","Pommel Strike","Iron Wave","Spot Weakness+1","Pummel","Impervious","Disarm","Rampage","Offering","Writhe","Heavy Blade+1","Headbutt+1","Ghostly Armor","Impervious","Battle Trance","Shockwave+1"],"special_seed":0,"relics":["Burning Blood","Smiling Mask","WingedGreaves","Prayer Wheel","Orichalcum","Calling Bell","Bag of Marbles","Molten Egg 2","Champion Belt","Self Forming Clay"],"potions_floor_usage":[],"damage_taken":[{"damage":0.0,"enemies":"Small Slimes","floor":1.0,"turns":3.0},{"damage":3.0,"enemies":"Jaw Worm","floor":5.0,"turns":5.0},{"damage":7.0,"enemies":"2 Louse","floor":8.0,"turns":2.0},{"damage":20.0,"enemies":"Lots of Slimes","floor":10.0,"turns":8.0},{"damage":35.0,"enemies":"3 Sentries","floor":12.0,"turns":11.0},{"damage":16.0,"enemies":"Gremlin Nob","floor":13.0,"turns":3.0},{"damage":10.0,"enemies":"3 Louse","floor":14.0,"turns":3.0},{"damage":36,"enemies":"Slime Boss","floor":16,"turns":14},{"damage":8,"enemies":"Chosen","floor":18,"turns":3},{"damage":18,"enemies":"Shell Parasite","floor":20,"turns":5},{"damage":24,"enemies":"Centurion and Healer","floor":22,"turns":8},{"damage":20,"enemies":"Snecko","floor":25,"turns":10},{"damage":11,"enemies":"Shelled Parasite and Fungi","floor":27,"turns":7}],"seed_played":"7950632860319025078","potions_obtained":[{"floor":5.0,"key":"Block Potion"},{"floor":10.0,"key":"Poison Potion"},{"floor":12.0,"key":"Poison Potion"},{"floor":20,"key":"GamblersBrew"},{"floor":25,"key":"SpeedPotion"}],"is_trial":false,"path_per_floor":["M","$","?","$","M","R","?","M","T","M","R","E","E","M","R","B",null,"M","$","M","?","M","R","$","M","T","M","?"],"character_chosen":"IRONCLAD","items_purchased":["Headbutt+1","Ghostly Armor"],"campfire_rested":1,"item_purchase_floors":[19,19],"current_hp_per_floor":[74,74,79,79,80,80,80,79,79,65,65,36,26,22,46,16,64,62,62,50,50,32,32,32,18,18,13,0],"gold":93,"neow_bonus":"RANDOM_COMMON_RELIC","is_prod":false,"is_daily":false,"chose_seed":false,"campfire_upgraded":3,"win_rate":0,"timestamp":1551544866,"path_taken":["M","$","?","$","M","R","?","M","T","M","R","E","E","M","R","BOSS","M","$","M","?","M","R","$","?","T","M","?"],"build_version":"2019-01-23","purchased_purges":4,"victory":false,"max_hp_per_floor":[75,75,80,80,80,80,80,80,80,80,80,80,80,80,80,80,80,80,80,80,80,80,80,80,80,80,80,85],"card_choices":[{"not_picked":["Wild Strike","Bloodletting"],"picked":"Pommel Strike","floor":1.0},{"not_picked":["True Grit","Thunderclap","Sword Boomerang"],"picked":"SKIP","floor":5.0},{"not_picked":["Body Slam","Heavy Blade"],"picked":"Iron Wave","floor":8.0},{"not_picked":["Sever Soul","Inflame"],"picked":"Spot Weakness","floor":10.0},{"not_picked":["Body Slam","Armaments"],"picked":"Pummel","floor":12.0},{"not_picked":["Wild Strike","Havoc"],"picked":"Impervious","floor":13.0},{"not_picked":["Armaments","Infernal Blade"],"picked":"Disarm","floor":14.0},{"not_picked":["Armaments","Metallicize"],"picked":"Rampage","floor":14.0},{"not_picked":["Brutality","Feed"],"picked":"Offering","floor":16},{"not_picked":["Clothesline+1","Anger+1"],"picked":"Heavy Blade+1","floor":18},{"not_picked":["Wild Strike+1","Clash+1","Heavy Blade+1"],"picked":"SKIP","floor":18},{"not_picked":["Clothesline+1","Twin Strike+1","Sentinel"],"picked":"SKIP","floor":20},{"not_picked":["Wild Strike+1","Sentinel","Thunderclap+1"],"picked":"SKIP","floor":20},{"not_picked":["Intimidate","Evolve"],"picked":"Battle Trance","floor":22},{"not_picked":["Wild Strike+1","Sever Soul+1"],"picked":"Shockwave","floor":22},{"not_picked":["Dual Wield","Heavy Blade+1","Clothesline+1"],"picked":"SKIP","floor":25},{"not_picked":["Clothesline+1","Armaments","Burning Pact+1"],"picked":"SKIP","floor":25},{"not_picked":["Iron Wave+1","Exhume","Headbutt+1"],"picked":"SKIP","floor":27},{"not_picked":["Power Through+1","Second Wind","Perfected Strike+1"],"picked":"SKIP","floor":27}],"player_experience":713808,"relics_obtained":[{"floor":9.0,"key":"WingedGreaves"},{"floor":12.0,"key":"Prayer Wheel"},{"floor":13.0,"key":"Orichalcum"},{"floor":17,"key":"Bag of Marbles"},{"floor":17,"key":"Molten Egg 2"},{"floor":17,"key":"Champion Belt"},{"floor":26,"key":"Self Forming Clay"}],"event_choices":[{"damage_healed":0.0,"max_hp_gain":5.0,"max_hp_loss":0.0,"gold_gain":0.0,"event_name":"Big Fish","player_choice":"Donut","floor":3.0,"gold_loss":0.0,"damage_taken":0.0},{"damage_healed":0.0,"max_hp_gain":0.0,"max_hp_loss":0.0,"gold_gain":0.0,"event_name":"Liars Game","player_choice":"Ignored","floor":7.0,"gold_loss":0.0,"damage_taken":0.0},{"damage_healed":0,"gold_gain":0,"player_choice":"Copied","damage_taken":0,"max_hp_gain":0,"max_hp_loss":0,"event_name":"Duplicator","floor":21,"gold_loss":0,"cards_obtained":["Impervious"]}],"is_beta":false,"boss_relics":[{"not_picked":["Runic Dome","Fusion Hammer"],"picked":"Calling Bell"}],"items_purged_floors":[2,4,19,24],"is_endless":false,"potions_floor_spawned":[5,10,12,20,25],"ascension_level":14}