{"gold_per_floor":[112,112,132,132,156,156,180,216,242,242,262,262,281,320,320,451,451,469,493,493,493,543,543,158,158,227,241,261,261,276,291,291,291],"floor_reached":33,"playtime":2278,"items_purged":["Parasite"],"score":348,"play_id":"087c8bec-3c32-451c-b954-a28c33b2ec2e","local_time":"20190304005934","is_ascension_mode":true,"campfire_choices":[{"data":"Feed","floor":6,"key":"SMITH"},{"data":"Double Tap","floor":12,"key":"SMITH"},{"data":"Flex","floor":15,"key":"SMITH"},{"data":"Seeing Red","floor":23,"key":"SMITH"},{"data":"Hemokinesis","floor":25,"key":"SMITH"},{"floor":29,"key":"REST"},{"floor":32,"key":"REST"}],"neow_cost":"NONE","seed_source_timestamp":24552490624700,"circlet_count":0,"master_deck":["Strike_R","Strike_R","Strike_R","Strike_R","Strike_R","Defend_R","Defend_R","Defend_R","Defend_R","Bash","Feed+1","Pommel Strike","Pommel Strike","Dropkick","Shrug It Off","Double Tap+1","Shrug It Off","Flex+1","Rage","Hemokinesis+1","Seeing Red+1","Pommel Strike+1","Ghostly Armor","Flex+1"],"relics":["Burning Blood","Bloody Idol","Bronze Scales","PreservedInsect","Dream Catcher","Singing Bowl","Orrery","Mango","Frozen Egg 2"],"potions_floor_usage":[8,14,16,31,33,33,33],"damage_taken":[{"damage":6,"enemies":"Jaw Worm","floor":1,"turns":5},{"damage":4,"enemies":"Small Slimes","floor":3,"turns":4},{"damage":12,"enemies":"2 Louse","floor":5,"turns":2},{"damage":24,"enemies":"Exordium Thugs","floor":7,"turns":5},{"damage":19,"enemies":"3 Sentries","floor":8,"turns":6},{"damage":10,"enemies":"Looter","floor":11,"turns":2},{"damage":3,"enemies":"2 Fungi Beasts","floor":13,"turns":3},{"damage":0,"enemies":"Gremlin Nob","floor":14,"turns":2},{"damage":59,"enemies":"The Guardian","floor":16,"turns":12},{"damage":36,"enemies":"2 Thieves","floor":18,"turns":5},{"damage":13,"enemies":"Shell Parasite","floor":19,"turns":5},{"damage":25,"enemies":"Snake Plant","floor":27,"turns":4},{"damage":44,"enemies":"Snecko","floor":28,"turns":6},{"damage":29,"enemies":"Cultist and Chosen","floor":30,"turns":6},{"damage":28,"enemies":"3 Cultists","floor":31,"turns":7},{"damage":175,"enemies":"Automaton","floor":33,"turns":14}],"seed_played":"314192069185711526","potions_obtained":[{"floor":7,"key":"AttackPotion"},{"floor":8,"key":"GamblersBrew"},{"floor":11,"key":"AttackPotion"},{"floor":13,"key":"Regen Potion"},{"floor":16,"key":"BloodPotion"},{"floor":19,"key":"EssenceOfSteel"},{"floor":31,"key":"PowerPotion"}],"is_trial":false,"path_per_floor":["M","?","M","?","M","R","M","E","T","?","M","R","M","E","R","B",null,"M","M","?","?","?","R","$","R","T","M","M","R","M","M","R","B"],"character_chosen":"IRONCLAD","items_purchased":["Mango"],"campfire_rested":2,"item_purchase_floors":[24],"current_hp_per_floor":[83,63,68,65,62,62,48,39,39,63,63,63,70,76,76,29,117,91,88,88,88,93,93,107,107,112,100,69,113,97,96,142,0],"gold":291,"neow_bonus":"ONE_RANDOM_RARE_CARD","is_prod":false,"is_daily":false,"chose_seed":false,"campfire_upgraded":5,"win_rate":0,"timestamp":1551679174,"path_taken":["M","?","M","?","M","R","M","E","T","?","M","R","M","E","R","BOSS","M","M","?","?","?","R","$","R","T","M","?","R","M","M","R","BOSS"],"build_version":"2019-01-23","purchased_purges":1,"victory":false,"max_hp_per_floor":[83,83,86,86,89,89,93,97,97,97,101,101,105,105,105,111,117,121,125,125,125,125,125,136,136,136,138,140,142,144,148,150,150],"card_choices":[{"not_picked":["Warcry","Wild Strike"],"picked":"Pommel Strike","floor":1},{"not_picked":["Cleave","Body Slam"],"picked":"Pommel Strike","floor":3},{"not_picked":["Wild Strike","Blood for Blood"],"picked":"Dropkick","floor":5},{"not_picked":["Corruption","Twin Strike"],"picked":"Shrug It Off","floor":7},{"not_picked":["Clothesline","Rampage"],"picked":"Double Tap","floor":8},{"not_picked":["Clash","Rampage"],"picked":"Shrug It Off","floor":11},{"not_picked":["Feel No Pain","Pommel Strike"],"picked":"Flex","floor":13},{"not_picked":["Reckless Charge","Rampage"],"picked":"Rage","floor":14},{"not_picked":["Impervious","Berserk","Barricade"],"picked":"Singing Bowl","floor":16},{"not_picked":["Flex","Cleave","Twin Strike"],"picked":"Singing Bowl","floor":17},{"not_picked":["Pummel","Body Slam","Power Through"],"picked":"Singing Bowl","floor":17},{"not_picked":["Thunderclap","Seeing Red"],"picked":"Hemokinesis","floor":17},{"not_picked":["Hemokinesis","Berserk","Sever Soul"],"picked":"Singing Bowl","floor":17},{"not_picked":["Headbutt","Fire Breathing"],"picked":"Seeing Red","floor":17},{"not_picked":["Burning Pact","Flex"],"picked":"Pommel Strike+1","floor":18},{"not_picked":["Armaments","Searing Blow+1"],"picked":"Ghostly Armor","floor":19},{"not_picked":["Clash","Warcry+1","Inflame+1"],"picked":"Singing Bowl","floor":27},{"not_picked":["Clash","Juggernaut+1","Reckless Charge+1"],"picked":"Singing Bowl","floor":28},{"not_picked":["Warcry","Combust+1","Clothesline"],"picked":"Singing Bowl","floor":29},{"not_picked":["Shrug It Off","Warcry+1","Body Slam"],"picked":"Singing Bowl","floor":30},{"not_picked":["Rampage+1","Burning Pact"],"picked":"Flex+1","floor":31},{"not_picked":["Wild Strike+1","Battle Trance","Disarm+1"],"picked":"Singing Bowl","floor":32}],"player_experience":75405,"relics_obtained":[{"floor":8,"key":"PreservedInsect"},{"floor":9,"key":"Dream Catcher"},{"floor":14,"key":"Singing Bowl"},{"floor":26,"key":"Frozen Egg 2"}],"event_choices":[{"damage_healed":0,"gold_gain":0,"player_choice":"Take Damage","damage_taken":20,"relics_obtained":["Golden Idol"],"max_hp_gain":0,"max_hp_loss":0,"event_name":"Golden Idol","floor":2,"gold_loss":0},{"damage_healed":0,"gold_gain":0,"player_choice":"Success","damage_taken":3,"relics_obtained":["Bronze Scales"],"max_hp_gain":0,"max_hp_loss":0,"event_name":"Scrap Ooze","floor":4,"gold_loss":0},{"damage_healed":24,"gold_gain":0,"player_choice":"Healed and dodged fight","damage_taken":0,"max_hp_gain":0,"max_hp_loss":0,"event_name":"Mushrooms","floor":10,"gold_loss":0,"cards_obtained":["Parasite"]},{"damage_healed":0,"gold_gain":0,"player_choice":"Ignored","damage_taken":0,"max_hp_gain":0,"max_hp_loss":0,"event_name":"Vampires","floor":20,"gold_loss":0},{"damage_healed":0,"gold_gain":0,"player_choice":"Gave Idol","damage_taken":0,"relics_obtained":["Bloody Idol"],"max_hp_gain":0,"max_hp_loss":0,"event_name":"Forgotten Altar","floor":21,"relics_lost":["Golden Idol"],"gold_loss":0},{"damage_healed":0,"gold_gain":100,"player_choice":"Bet on Murderer","damage_taken":0,"max_hp_gain":0,"max_hp_loss":0,"event_name":"The Joust","floor":22,"gold_loss":50}],"is_beta":false,"boss_relics":[{"not_picked":["Mark of Pain","White Beast Statue"],"picked":"Orrery"}],"items_purged_floors":[24],"is_endless":false,"potions_floor_spawned":[7,8,11,13,16,19,28,31],"killed_by":"Automaton","ascension_level":1}