{"gold_per_floor":[112,123,135,152,166,166,176,176,176,193,208,208,383,394,394,394],"floor_reached":16,"playtime":902,"items_purged":[],"score":143,"play_id":"8c749b8e-1959-453a-af9d-75688423af43","local_time":"20181016215617","is_ascension_mode":true,"campfire_choices":[{"data":"Warcry","floor":6,"key":"SMITH"},{"data":"True Grit","floor":8,"key":"SMITH"},{"floor":15,"key":"REST"}],"neow_cost":"NONE","seed_source_timestamp":7763677987631,"circlet_count":0,"master_deck":["Strike_R","Strike_R","Strike_R","Strike_R","Strike_R","Defend_R","Defend_R","Defend_R","Defend_R","Bash","Headbutt","Warcry+1","Thunderclap","True Grit+1","Shrug It Off","Doubt","Armaments"],"relics":["Burning Blood","Pear"],"potions_floor_usage":[16,16,16],"damage_taken":[{"damage":6,"enemies":"2 Louse","floor":1,"turns":4},{"damage":13,"enemies":"Jaw Worm","floor":2,"turns":5},{"damage":5,"enemies":"Small Slimes","floor":3,"turns":3},{"damage":25,"enemies":"3 Louse","floor":4,"turns":3},{"damage":1,"enemies":"2 Fungi Beasts","floor":5,"turns":4},{"damage":27,"enemies":"Large Slime","floor":7,"turns":6},{"damage":19,"enemies":"Gremlin Gang","floor":10,"turns":5},{"damage":8,"enemies":"Blue Slaver","floor":11,"turns":6},{"damage":22,"enemies":"Exordium Thugs","floor":14,"turns":5},{"damage":83,"enemies":"Hexaghost","floor":16,"turns":12}],"seed_played":"-7303508677245944572","potions_obtained":[{"floor":2,"key":"BloodPotion"},{"floor":4,"key":"GamblersBrew"},{"floor":7,"key":"SkillPotion"},{"floor":11,"key":"Weak Potion"},{"floor":14,"key":"Regen Potion"}],"is_trial":false,"path_per_floor":["M","M","M","M","M","R","M","R","T","M","M","?","?","M","R"],"character_chosen":"IRONCLAD","items_purchased":[],"campfire_rested":1,"item_purchase_floors":[],"current_hp_per_floor":[88,81,82,63,68,68,47,47,57,44,42,42,42,26,55,0],"gold":394,"neow_bonus":"TEN_PERCENT_HP_BONUS","is_prod":false,"is_daily":false,"chose_seed":false,"campfire_upgraded":2,"win_rate":0,"timestamp":1539719777,"path_taken":["M","M","M","M","M","R","M","R","T","M","M","?","?","?","R","BOSS"],"build_version":"2018-10-04","purchased_purges":0,"victory":false,"max_hp_per_floor":[88,88,88,88,88,88,88,88,98,98,98,98,98,98,98,98],"card_choices":[{"not_picked":["Heavy Blade","Body Slam"],"picked":"Headbutt","floor":1},{"not_picked":["Anger","Heavy Blade"],"picked":"Warcry","floor":2},{"not_picked":["Heavy Blade","Ghostly Armor"],"picked":"Thunderclap","floor":3},{"not_picked":["Anger","Headbutt","Pommel Strike"],"picked":"SKIP","floor":4},{"not_picked":["Reckless Charge","Warcry","Perfected Strike"],"picked":"SKIP","floor":5},{"not_picked":["Fiend Fire","Rampage"],"picked":"True Grit","floor":7},{"not_picked":["Bloodletting","Dual Wield","Thunderclap"],"picked":"SKIP","floor":10},{"not_picked":["Feel No Pain","Evolve"],"picked":"Shrug It Off","floor":11},{"not_picked":["Entrench","Thunderclap"],"picked":"Armaments","floor":14}],"player_experience":180007,"relics_obtained":[{"floor":9,"key":"Pear"}],"event_choices":[{"event_name":"Dead Adventurer","player_choice":"Searched \u00272\u0027 times","floor":12,"damage_taken":0},{"event_name":"Liars Game","player_choice":"agreed","floor":13,"damage_taken":0}],"is_beta":false,"boss_relics":[],"items_purged_floors":[],"is_endless":false,"potions_floor_spawned":[2,4,7,11,14],"killed_by":"Hexaghost","ascension_level":4}