{"gold_per_floor":[13,23,41,58,73,73,103,103,103,133,133,233,261,272,272,372,372,385,395,85,85,6,32,49,49,118,118,148,148,166,184,184,280,280,298,8,28,28,28,28,45,45,45,73,91,91,110,129,129,129],"floor_reached":51,"playtime":3639,"items_purged":[],"score":688,"play_id":"8719fcbe-5fb9-45cd-ba05-02ac50b815ce","local_time":"20181012191353","is_ascension_mode":false,"campfire_choices":[{"floor":6,"key":"REST"},{"data":"Cloak And Dagger","floor":11,"key":"SMITH"},{"floor":15,"key":"REST"},{"data":"Terror","floor":25,"key":"SMITH"},{"data":"Tools of the Trade","floor":27,"key":"SMITH"},{"data":"Finisher","floor":29,"key":"SMITH"},{"floor":32,"key":"REST"},{"floor":40,"key":"DIG"},{"floor":42,"key":"DIG"},{"data":"1","floor":46,"key":"LIFT"},{"floor":49,"key":"REST"}],"neow_cost":"NO_GOLD","seed_source_timestamp":41893359473435,"circlet_count":0,"master_deck":["Defend_G","Defend_G","Defend_G","Defend_G","Defend_G","Strike_G","Strike_G","Strike_G","Survivor","Neutralize","Slice","Cloak And Dagger+1","Dagger Spray","Backflip","Prepared","Finisher+1","Tools of the Trade+1","Slice+1","Endless Agony","Terror+1","Backflip","Prepared","Backstab","Blade Dance+1","Infinite Blades+1","Prepared+1","Blade Dance+1"],"relics":["Ring of the Snake","Ice Cream","Shuriken","Calipers","Meat on the Bone","Empty Cage","Thread and Needle","Spirit Poop","Bag of Marbles","Kunai","Gremlin Horn","Sozu","Shovel","Nunchaku","Girya","Toxic Egg 2","The Courier"],"potions_floor_usage":[4,7,16,28,50,50],"damage_taken":[{"damage":1,"enemies":"2 Louse","floor":1,"turns":3},{"damage":0,"enemies":"Small Slimes","floor":2,"turns":4},{"damage":0,"enemies":"Jaw Worm","floor":3,"turns":4},{"damage":0,"enemies":"Large Slime","floor":4,"turns":6},{"damage":34,"enemies":"Exordium Thugs","floor":5,"turns":6},{"damage":10,"enemies":"3 Sentries","floor":7,"turns":9},{"damage":19,"enemies":"Lagavulin","floor":10,"turns":7},{"damage":20,"enemies":"Gremlin Nob","floor":13,"turns":4},{"damage":4,"enemies":"Gremlin Gang","floor":14,"turns":3},{"damage":42,"enemies":"The Guardian","floor":16,"turns":11},{"damage":10,"enemies":"Shell Parasite","floor":18,"turns":10},{"damage":1,"enemies":"3 Byrds","floor":19,"turns":5},{"damage":1,"enemies":"Gremlin Leader","floor":23,"turns":4},{"damage":10,"enemies":"Snake Plant","floor":24,"turns":6},{"damage":3,"enemies":"Book of Stabbing","floor":28,"turns":5},{"damage":0,"enemies":"Chosen and Byrds","floor":30,"turns":2},{"damage":0,"enemies":"Cultist and Chosen","floor":31,"turns":3},{"damage":16,"enemies":"Champ","floor":33,"turns":7},{"damage":0,"enemies":"3 Shapes","floor":35,"turns":3},{"damage":0,"enemies":"3 Darklings","floor":37,"turns":2},{"damage":6,"enemies":"4 Shapes","floor":41,"turns":3},{"damage":35,"enemies":"Nemesis","floor":44,"turns":5},{"damage":7,"enemies":"Spire Growth","floor":45,"turns":3},{"damage":0,"enemies":"Transient","floor":47,"turns":5},{"damage":0,"enemies":"Reptomancer","floor":48,"turns":1},{"damage":31,"enemies":"Donu and Deca","floor":50,"turns":7}],"seed_played":"3015471129105957044","potions_obtained":[{"floor":2,"key":"SpeedPotion"},{"floor":3,"key":"GhostInAJar"},{"floor":7,"key":"LiquidBronze"},{"floor":13,"key":"Regen Potion"},{"floor":24,"key":"SpeedPotion"},{"floor":28,"key":"Ancient Potion"}],"is_trial":false,"path_per_floor":["M","M","M","M","M","R","E","?","T","E","R","?","E","M","R","B",null,"M","M","$","?","$","E","M","R","T","R","E","R","M","M","R","B",null,"M","$","M","$","?","R","M","R","T","E","M","R","M","M","R","B"],"character_chosen":"THE_SILENT","items_purchased":["Thread and Needle","Terror","Shovel"],"campfire_rested":4,"item_purchase_floors":[20,22,36],"current_hp_per_floor":[83,83,83,83,49,74,64,84,84,65,65,65,45,53,78,51,84,74,73,73,73,73,72,62,62,62,62,59,59,59,59,81,65,81,81,81,81,81,81,81,75,75,75,52,45,45,45,45,69,50],"gold":129,"neow_bonus":"TWENTY_PERCENT_HP_BONUS","is_prod":false,"is_daily":false,"chose_seed":false,"campfire_upgraded":4,"win_rate":0,"timestamp":1539364433,"path_taken":["M","M","M","M","M","R","E","?","T","E","R","?","E","M","R","BOSS","M","M","$","?","$","E","M","R","T","R","E","R","M","M","R","BOSS","M","$","M","$","?","R","M","R","T","E","M","R","M","M","R","BOSS"],"build_version":"2018-10-04","purchased_purges":0,"victory":true,"max_hp_per_floor":[84,84,84,84,84,84,84,84,84,84,84,84,84,84,84,84,84,84,84,84,81,81,81,81,81,81,81,81,81,81,81,81,81,81,81,81,81,81,81,81,81,81,81,81,81,81,81,81,81,81],"card_choices":[{"not_picked":["Flechettes","Finisher"],"picked":"Slice","floor":1},{"not_picked":["Dagger Spray","Flying Knee"],"picked":"Cloak And Dagger","floor":2},{"not_picked":["Dodge and Roll","Acrobatics"],"picked":"Dagger Spray","floor":3},{"not_picked":["Deflect","Acrobatics"],"picked":"Backflip","floor":4},{"not_picked":["Poisoned Stab","Masterful Stab","Reflex"],"picked":"SKIP","floor":5},{"not_picked":["Blade Dance","Bane"],"picked":"Prepared","floor":7},{"not_picked":["Dagger Throw","PiercingWail"],"picked":"Finisher","floor":10},{"not_picked":["Flying Knee","Acrobatics","PiercingWail"],"picked":"SKIP","floor":13},{"not_picked":["Acrobatics","Caltrops","Bane"],"picked":"SKIP","floor":14},{"not_picked":["Night Terror","Venomology"],"picked":"Tools of the Trade","floor":16},{"not_picked":["Expertise","Calculated Gamble"],"picked":"Slice+1","floor":18},{"not_picked":["All Out Attack","Calculated Gamble"],"picked":"Endless Agony","floor":19},{"not_picked":["Dagger Spray","Calculated Gamble"],"picked":"Backflip","floor":23},{"not_picked":["Dodge and Roll","Caltrops"],"picked":"Prepared","floor":24},{"not_picked":["Blur","Slice"],"picked":"Backstab","floor":28},{"not_picked":["Prepared","Backflip","Corpse Explosion"],"picked":"SKIP","floor":30},{"not_picked":["Skewer+1","Dagger Spray","Caltrops"],"picked":"SKIP","floor":31},{"not_picked":["Dagger Spray+1","Acrobatics"],"picked":"Blade Dance+1","floor":35},{"not_picked":["Finisher","Dagger Throw"],"picked":"Infinite Blades+1","floor":37},{"not_picked":["Heel Hook+1","Dodge and Roll","Slice"],"picked":"SKIP","floor":41},{"not_picked":["Acrobatics+1","Riddle With Holes+1"],"picked":"Prepared+1","floor":44},{"not_picked":["Choke+1","Dash","Acrobatics+1"],"picked":"SKIP","floor":45},{"not_picked":["Prepared+1","Tools of the Trade"],"picked":"Blade Dance+1","floor":47},{"not_picked":["Dagger Throw+1","Flechettes","Poisoned Stab+1"],"picked":"SKIP","floor":48}],"player_experience":147471,"relics_obtained":[{"floor":7,"key":"Ice Cream"},{"floor":9,"key":"Shuriken"},{"floor":10,"key":"Calipers"},{"floor":13,"key":"Meat on the Bone"},{"floor":23,"key":"Bag of Marbles"},{"floor":26,"key":"Kunai"},{"floor":28,"key":"Gremlin Horn"},{"floor":40,"key":"Nunchaku"},{"floor":42,"key":"Girya"},{"floor":43,"key":"Toxic Egg 2"},{"floor":44,"key":"The Courier"}],"event_choices":[{"event_name":"Mushrooms","player_choice":"Healed and dodged fight","floor":8,"damage_taken":0},{"event_name":"Golden Shrine","player_choice":"Pray","floor":12,"damage_taken":0},{"event_name":"Bonfire Elementals","player_choice":"CURSE","floor":21,"damage_taken":0},{"event_name":"SensoryStone","player_choice":"Memory 1","floor":39,"damage_taken":0}],"is_beta":false,"boss_relics":[{"not_picked":["Fusion Hammer","Astrolabe"],"picked":"Empty Cage"},{"not_picked":["Black Star","Orrery"],"picked":"Sozu"}],"items_purged_floors":[],"is_endless":false,"potions_floor_spawned":[2,3,7,13,24,28,35,44,48],"ascension_level":0}