{"gold_per_floor":[219,294,294,70,90,90,117,134,202,227,227,243,253,264,264,340,340,358,25,25,25,45,45,75,75,75,93,93,107,126,146,146,220,220,230,248,260,608,623,623,637,656,656,656,675,675,690,717,717,717],"floor_reached":51,"playtime":5533,"items_purged":["Strike_R"],"score":1248,"play_id":"bfebfc85-4b10-4782-8be1-04fd82e77272","local_time":"20190206213533","is_ascension_mode":true,"campfire_choices":[{"data":"Feed","floor":6,"key":"SMITH"},{"data":"Uppercut","floor":11,"key":"SMITH"},{"data":"Metallicize","floor":15,"key":"SMITH"},{"data":"Demon Form","floor":23,"key":"SMITH"},{"data":"Metallicize","floor":25,"key":"SMITH"},{"data":"Feel No Pain","floor":32,"key":"SMITH"},{"data":"Disarm","floor":40,"key":"SMITH"},{"data":"Disarm","floor":44,"key":"SMITH"},{"data":"Shockwave","floor":46,"key":"SMITH"},{"data":"Heavy Blade","floor":49,"key":"SMITH"}],"neow_cost":"NONE","seed_source_timestamp":2344291842825372,"circlet_count":0,"master_deck":["AscendersBane","Strike_R+1","Strike_R+1","Defend_R+1","Defend_R+1","Defend_R+1","Defend_R+1","Bash","Metallicize+1","Reaper","Feed+1","Shockwave+1","Headbutt","Metallicize+1","Uppercut+1","Disarm+1","Twin Strike","Thunderclap","Demon Form+1","Feel No Pain+1","Shrug It Off","Intimidate+1","Sword Boomerang","Reaper","Offering","Whirlwind+1","Disarm+1","Sword Boomerang","Heavy Blade+1"],"relics":["Burning Blood","Whetstone","Pantograph","Dream Catcher","Velvet Choker","Kunai","MutagenicStrength","Gambling Chip","Bag of Marbles","Runic Pyramid","Old Coin","Pear","Self Forming Clay"],"potions_floor_usage":[7,10,33,50],"damage_taken":[{"damage":9,"enemies":"Jaw Worm","floor":1,"turns":6},{"damage":7,"enemies":"Small Slimes","floor":5,"turns":3},{"damage":22,"enemies":"Gremlin Nob","floor":7,"turns":5},{"damage":0,"enemies":"Cultist","floor":8,"turns":3},{"damage":27,"enemies":"3 Sentries","floor":10,"turns":9},{"damage":10,"enemies":"2 Fungi Beasts","floor":12,"turns":3},{"damage":7,"enemies":"Looter","floor":13,"turns":3},{"damage":14,"enemies":"Gremlin Gang","floor":14,"turns":5},{"damage":50,"enemies":"Slime Boss","floor":16,"turns":12},{"damage":9,"enemies":"Chosen","floor":18,"turns":6},{"damage":20,"enemies":"3 Byrds","floor":22,"turns":6},{"damage":42,"enemies":"Slavers","floor":24,"turns":7},{"damage":13,"enemies":"Sentry and Sphere","floor":27,"turns":7},{"damage":11,"enemies":"3 Cultists","floor":29,"turns":5},{"damage":10,"enemies":"Snake Plant","floor":30,"turns":4},{"damage":14,"enemies":"Snecko","floor":31,"turns":4},{"damage":24,"enemies":"Automaton","floor":33,"turns":8},{"damage":37,"enemies":"3 Darklings","floor":35,"turns":4},{"damage":0,"enemies":"3 Shapes","floor":36,"turns":1},{"damage":13,"enemies":"Maw","floor":37,"turns":6},{"damage":86,"enemies":"2 Orb Walkers","floor":38,"turns":6},{"damage":47,"enemies":"Jaw Worm Horde","floor":39,"turns":4},{"damage":15,"enemies":"Sphere and 2 Shapes","floor":41,"turns":5},{"damage":7,"enemies":"Maw","floor":42,"turns":7},{"damage":23,"enemies":"Spire Growth","floor":45,"turns":6},{"damage":23,"enemies":"Writhing Mass","floor":47,"turns":9},{"damage":34,"enemies":"Giant Head","floor":48,"turns":8},{"damage":49,"enemies":"Time Eater","floor":50,"turns":11}],"seed_played":"-3671186668177169356","potions_obtained":[{"floor":1,"key":"Block Potion"},{"floor":8,"key":"Energy Potion"},{"floor":13,"key":"FairyPotion"},{"floor":24,"key":"Strength Potion"},{"floor":30,"key":"Dexterity Potion"},{"floor":33,"key":"PowerPotion"},{"floor":35,"key":"Ancient Potion"}],"is_trial":false,"path_per_floor":["M","?","?","$","M","R","E","M","T","E","R","M","M","M","R","B",null,"M","$","?","?","M","R","E","R","T","M","?","M","M","M","R","B",null,"M","M","M","?","M","R","M","M","T","R","M","R","M","E","R","B",null],"character_chosen":"IRONCLAD","items_purchased":["Feed","Kunai","Feel No Pain"],"campfire_rested":0,"item_purchase_floors":[4,19,19],"current_hp_per_floor":[65,54,54,54,56,56,46,56,56,57,57,57,60,56,56,44,88,101,101,101,101,98,98,74,74,74,77,77,76,76,78,78,118,121,122,122,119,89,82,82,88,138,148,148,135,135,141,150,150,154],"gold":717,"neow_bonus":"HUNDRED_GOLD","is_prod":false,"is_daily":false,"chose_seed":false,"campfire_upgraded":10,"win_rate":0,"timestamp":1549506933,"path_taken":["M","?","?","$","M","R","E","M","T","E","R","M","M","?","R","BOSS","M","$","?","?","M","R","E","R","T","M","?","M","M","M","R","BOSS","M","?","M","?","M","R","M","M","T","R","M","R","M","E","R","BOSS"],"build_version":"2019-01-23","purchased_purges":1,"victory":true,"max_hp_per_floor":[75,75,75,75,78,78,78,82,82,86,86,90,94,98,98,102,102,106,106,106,106,106,106,110,110,110,114,114,118,122,122,122,122,122,122,122,126,130,134,134,138,142,152,152,156,156,160,164,164,164],"card_choices":[{"not_picked":["Pommel Strike","Thunderclap"],"picked":"Metallicize","floor":1},{"not_picked":["Armaments","Corruption"],"picked":"Shockwave","floor":5},{"not_picked":["Body Slam","Burning Pact"],"picked":"Headbutt","floor":7},{"not_picked":["Dual Wield","Anger"],"picked":"Metallicize","floor":8},{"not_picked":["Clash","Warcry"],"picked":"Uppercut","floor":10},{"not_picked":["Body Slam","Flex"],"picked":"Disarm","floor":12},{"not_picked":["Anger","Brutality"],"picked":"Twin Strike","floor":13},{"not_picked":["Anger","Iron Wave"],"picked":"Thunderclap","floor":14},{"not_picked":["Reaper","Juggernaut"],"picked":"Demon Form","floor":16},{"not_picked":["Burning Pact","Clash","Anger"],"picked":"SKIP","floor":18},{"not_picked":["Flex","Clothesline"],"picked":"Shrug It Off","floor":22},{"not_picked":["Rage","Headbutt"],"picked":"Intimidate+1","floor":24},{"not_picked":["Inflame","Feel No Pain","Flex"],"picked":"SKIP","floor":27},{"not_picked":["Pommel Strike","Feel No Pain","Rampage"],"picked":"SKIP","floor":29},{"not_picked":["Armaments","Headbutt"],"picked":"Sword Boomerang","floor":30},{"not_picked":["Sword Boomerang","Armaments+1"],"picked":"Reaper","floor":31},{"not_picked":["Demon Form","Dark Embrace"],"picked":"Offering","floor":33},{"not_picked":["Wild Strike","Iron Wave"],"picked":"Whirlwind+1","floor":35},{"not_picked":["Body Slam","Intimidate","Hemokinesis"],"picked":"SKIP","floor":36},{"not_picked":["Evolve","Spot Weakness","Headbutt"],"picked":"SKIP","floor":37},{"not_picked":["Fire Breathing","Body Slam","Intimidate"],"picked":"SKIP","floor":39},{"not_picked":["Fire Breathing","Body Slam","Intimidate"],"picked":"SKIP","floor":39},{"not_picked":["Sentinel","True Grit+1"],"picked":"Disarm","floor":41},{"not_picked":["Bludgeon","Havoc"],"picked":"Sword Boomerang","floor":42},{"not_picked":["Dual Wield","Thunderclap","Armaments"],"picked":"SKIP","floor":45},{"not_picked":["Reckless Charge","Cleave","Blood for Blood"],"picked":"SKIP","floor":47},{"not_picked":["Warcry","Iron Wave+1"],"picked":"Heavy Blade","floor":48}],"player_experience":535100,"relics_obtained":[{"floor":7,"key":"Whetstone"},{"floor":9,"key":"Pantograph"},{"floor":10,"key":"Dream Catcher"},{"floor":24,"key":"Gambling Chip"},{"floor":26,"key":"Bag of Marbles"},{"floor":38,"key":"Old Coin"},{"floor":43,"key":"Pear"},{"floor":48,"key":"Self Forming Clay"}],"event_choices":[{"damage_healed":0,"gold_gain":75,"player_choice":"Gather Gold","damage_taken":11,"max_hp_gain":0,"max_hp_loss":0,"event_name":"World of Goop","floor":2,"gold_loss":0},{"damage_healed":0,"gold_gain":0,"cards_transformed":["Strike_R"],"player_choice":"Transformed","damage_taken":0,"max_hp_gain":0,"max_hp_loss":0,"event_name":"Transmorgrifier","floor":3,"gold_loss":0,"cards_obtained":["Reaper"]},{"damage_healed":0,"gold_gain":0,"player_choice":"Inject Mutagens","damage_taken":0,"relics_obtained":["MutagenicStrength"],"max_hp_gain":0,"max_hp_loss":0,"event_name":"Drug Dealer","floor":20,"gold_loss":0},{"damage_healed":0,"gold_gain":0,"player_choice":"Simplicity","damage_taken":0,"max_hp_gain":0,"max_hp_loss":0,"event_name":"Back to Basics","floor":21,"gold_loss":0,"cards_upgraded":["Strike_R","Defend_R","Defend_R","Defend_R","Defend_R"]},{"cards_removed":["Strike_R"],"damage_healed":0,"gold_gain":0,"player_choice":"Offered Basic","damage_taken":0,"max_hp_gain":0,"max_hp_loss":0,"event_name":"Bonfire Elementals","floor":28,"gold_loss":0},{"damage_healed":0,"gold_gain":0,"player_choice":"Fight","damage_taken":0,"max_hp_gain":0,"max_hp_loss":0,"event_name":"Mysterious Sphere","floor":38,"gold_loss":0}],"is_beta":false,"boss_relics":[{"not_picked":["Eternal Feather","Orrery"],"picked":"Velvet Choker"},{"not_picked":["Astrolabe","Coffee Dripper"],"picked":"Runic Pyramid"}],"items_purged_floors":[4],"is_endless":false,"potions_floor_spawned":[1,8,13,24,30,31,33,35,36,38,45],"ascension_level":14}