{"gold_per_floor":[113,130,150,100,100,100,115,130,130,130,143,171,183,212,212,317,317,332,350,350,55,55,55,383,85,85,98,125,141,156,176,176,278,278,290,303,303,48,0,0,24,24,104,104,117,117,117,217,217,217,217,217,22,56,56],"floor_reached":55,"playtime":4831,"items_purged":["Strike_R","Strike_R"],"score":1063,"play_id":"550aafcb-154a-42aa-9d2a-e4d119992d3d","local_time":"20190123192707","is_ascension_mode":true,"campfire_choices":[{"data":"Bash","floor":6.0,"key":"SMITH"},{"data":"Armaments","floor":10.0,"key":"SMITH"},{"floor":15.0,"key":"REST"},{"floor":23,"key":"REST"},{"floor":32,"key":"REST"},{"data":"Demon Form","floor":42,"key":"SMITH"},{"floor":44,"key":"RECALL"},{"data":"Feel No Pain","floor":46,"key":"SMITH"},{"floor":49,"key":"REST"},{"floor":52,"key":"REST"}],"neow_cost":"NONE","seed_source_timestamp":0,"circlet_count":0,"master_deck":["AscendersBane","Strike_R","Strike_R","Defend_R","Defend_R","Defend_R","Bash+1","True Grit+1","Headbutt","Armaments+1","Spot Weakness","Heavy Blade+1","Battle Trance","Reaper+1","Limit Break+1","Clothesline+1","Battle Trance","Feel No Pain+1","Reckless Charge+1","True Grit+1","Exhume","Thunderclap","Whirlwind+1","Demon Form+1","Flame Barrier+1","Body Slam+1","Master of Strategy","Ghostly Armor","Metamorphosis","Shrug It Off+1"],"special_seed":0,"relics":["Burning Blood","NeowsBlessing","Torii","Gremlin Horn","Du-Vu Doll","Sozu","Charon\u0027s Ashes","PreservedInsect","Old Coin","War Paint","Bronze Scales","Regal Pillow","Philosopher\u0027s Stone","Red Mask","Pen Nib","ClockworkSouvenir","Whetstone"],"potions_floor_usage":[],"damage_taken":[{"damage":0.0,"enemies":"Small Slimes","floor":1.0,"turns":1.0},{"damage":0.0,"enemies":"2 Louse","floor":2.0,"turns":1.0},{"damage":0.0,"enemies":"Cultist","floor":3.0,"turns":1.0},{"damage":9.0,"enemies":"Red Slaver","floor":7.0,"turns":3.0},{"damage":13.0,"enemies":"Exordium Thugs","floor":8.0,"turns":7.0},{"damage":2.0,"enemies":"Blue Slaver","floor":11.0,"turns":3.0},{"damage":37.0,"enemies":"Lagavulin","floor":12.0,"turns":10.0},{"damage":1.0,"enemies":"3 Louse","floor":13.0,"turns":2.0},{"damage":17.0,"enemies":"Gremlin Nob","floor":14.0,"turns":4.0},{"damage":35.0,"enemies":"The Guardian","floor":16.0,"turns":13.0},{"damage":20,"enemies":"Spheric Guardian","floor":18,"turns":4},{"damage":2,"enemies":"Chosen","floor":19,"turns":4},{"damage":77,"enemies":"Slavers","floor":24,"turns":6},{"damage":12,"enemies":"3 Cultists","floor":27,"turns":5},{"damage":8,"enemies":"Gremlin Leader","floor":28,"turns":4},{"damage":17,"enemies":"Snake Plant","floor":29,"turns":3},{"damage":36,"enemies":"Centurion and Healer","floor":30,"turns":6},{"damage":6,"enemies":"Cultist and Chosen","floor":31,"turns":5},{"damage":80,"enemies":"Collector","floor":33,"turns":8},{"damage":7,"enemies":"Orb Walker","floor":35,"turns":3},{"damage":12,"enemies":"3 Shapes","floor":36,"turns":4},{"damage":25,"enemies":"Spire Growth","floor":45,"turns":5},{"damage":115,"enemies":"Awakened One","floor":50,"turns":9},{"damage":84,"enemies":"Shield and Spear","floor":54,"turns":6},{"damage":34,"enemies":"The Heart","floor":55,"turns":2}],"seed_played":"493419043173330562","potions_obtained":[{"floor":2.0,"key":"Poison Potion"},{"floor":12.0,"key":"Block Potion"},{"floor":13.0,"key":"Explosive Potion"}],"is_trial":false,"path_per_floor":["M","M","M","?","?","R","M","M","T","R","M","E","M","E","R","B",null,"M","M","T","$","?","R","E","$","T","M","E","M","M","M","R","B",null,"M","M","?","$","?","$","T","R","T","R","M","R","?","?","R","B",null,"R","$","E","B"],"character_chosen":"IRONCLAD","items_purchased":["Feel No Pain","PreservedInsect","True Grit","War Paint","Master of Strategy","Ghostly Armor","ClockworkSouvenir"],"campfire_rested":5,"item_purchase_floors":[21,21,25,25,38,38,53],"current_hp_per_floor":[78,80,80,80,80,80,77,70,70,70,74,43,48,37,61,45,71,57,61,61,61,46,71,14,14,14,35,75,73,55,55,85,57,78,85,85,85,85,85,85,85,85,85,85,66,66,66,66,85,15,68,85,85,7,0],"gold":56,"neow_bonus":"THREE_ENEMY_KILL","is_prod":false,"is_daily":false,"chose_seed":false,"campfire_upgraded":4,"win_rate":0,"timestamp":1548289627,"path_taken":["M","M","M","?","?","R","M","M","T","R","M","E","?","E","R","BOSS","M","M","?","$","?","R","E","?","T","M","E","M","M","M","R","BOSS","M","M","?","$","?","$","?","R","T","R","M","R","?","?","R","BOSS","R","$","E","BOSS"],"build_version":"2019-01-23","purchased_purges":2,"victory":false,"max_hp_per_floor":[80,80,80,80,80,80,80,80,80,80,80,80,80,80,80,80,80,80,80,80,80,85,85,85,85,85,85,85,85,85,85,85,85,85,85,85,85,85,85,85,85,85,85,85,85,85,85,85,85,85,85,85,85,85,85],"card_choices":[{"not_picked":["Flex","Clash","Sword Boomerang"],"picked":"SKIP","floor":1.0},{"not_picked":["Sever Soul","Warcry"],"picked":"True Grit","floor":2.0},{"not_picked":["Feel No Pain","Fire Breathing"],"picked":"Headbutt","floor":3.0},{"not_picked":["Flex","Dark Embrace"],"picked":"Armaments","floor":7.0},{"not_picked":["Flex","Corruption","Armaments"],"picked":"SKIP","floor":8.0},{"not_picked":["Metallicize","Whirlwind"],"picked":"Spot Weakness","floor":11.0},{"not_picked":["Warcry","Havoc"],"picked":"Heavy Blade","floor":12.0},{"not_picked":["Flex","Second Wind"],"picked":"Battle Trance","floor":13.0},{"not_picked":["Infernal Blade","Iron Wave"],"picked":"Reaper","floor":14.0},{"not_picked":["Barricade","Brutality"],"picked":"Limit Break","floor":16.0},{"not_picked":["Warcry+1","Pummel"],"picked":"Clothesline+1","floor":18},{"not_picked":["Perfected Strike+1","Clash"],"picked":"Battle Trance","floor":19},{"not_picked":["Dropkick+1","Perfected Strike"],"picked":"Reckless Charge+1","floor":24},{"not_picked":["Sever Soul+1","Rage+1"],"picked":"Exhume","floor":27},{"not_picked":["Havoc","Cleave+1"],"picked":"Thunderclap","floor":28},{"not_picked":["Battle Trance+1","Wild Strike+1","Infernal Blade"],"picked":"SKIP","floor":29},{"not_picked":["True Grit","Sever Soul+1"],"picked":"Whirlwind+1","floor":30},{"not_picked":["True Grit","Burning Pact","Wild Strike"],"picked":"SKIP","floor":31},{"not_picked":["Dark Embrace","Feed"],"picked":"Demon Form","floor":33},{"not_picked":["Pommel Strike","Infernal Blade+1"],"picked":"Flame Barrier+1","floor":35},{"not_picked":["Dual Wield+1","Burning Pact"],"picked":"Body Slam+1","floor":36},{"not_picked":["Armaments","Cleave+1","Feel No Pain+1"],"picked":"SKIP","floor":45},{"not_picked":["Sadistic Nature","Impatience"],"picked":"Metamorphosis","floor":47},{"not_picked":["Heavy Blade","Rampage"],"picked":"Shrug It Off+1","floor":54}],"player_experience":484315,"relics_obtained":[{"floor":9.0,"key":"Torii"},{"floor":12.0,"key":"Gremlin Horn"},{"floor":14.0,"key":"Du-Vu Doll"},{"floor":20,"key":"Charon\u0027s Ashes"},{"floor":24,"key":"Old Coin"},{"floor":26,"key":"Bronze Scales"},{"floor":28,"key":"Regal Pillow"},{"floor":41,"key":"Pen Nib"},{"floor":54,"key":"Whetstone"}],"event_choices":[{"cards_removed":["Defend_R"],"damage_healed":0.0,"max_hp_gain":0.0,"max_hp_loss":0.0,"gold_gain":0.0,"event_name":"The Cleric","player_choice":"Card Removal","floor":4.0,"gold_loss":50.0,"damage_taken":0.0},{"damage_healed":0.0,"max_hp_gain":0.0,"max_hp_loss":0.0,"gold_gain":0.0,"event_name":"Upgrade Shrine","player_choice":"Upgraded","floor":5.0,"gold_loss":0.0,"damage_taken":0.0,"cards_upgraded":["True Grit"]},{"damage_healed":0,"gold_gain":0,"player_choice":"Shed Blood","damage_taken":20,"max_hp_gain":5,"max_hp_loss":0,"event_name":"Forgotten Altar","floor":22,"gold_loss":0},{"cards_removed":["Strike_R"],"damage_healed":0,"gold_gain":0,"player_choice":"Removed Attack","damage_taken":0,"max_hp_gain":0,"max_hp_loss":0,"event_name":"Falling","floor":37,"gold_loss":0},{"damage_healed":0,"gold_gain":0,"player_choice":"Paid","damage_taken":0,"relics_obtained":["Red Mask"],"max_hp_gain":0,"max_hp_loss":0,"event_name":"Tomb of Lord Red Mask","floor":39,"gold_loss":48},{"damage_healed":0,"gold_gain":0,"player_choice":"Memory 1","damage_taken":0,"max_hp_gain":0,"max_hp_loss":0,"event_name":"SensoryStone","floor":47,"gold_loss":0},{"damage_healed":0,"gold_gain":100,"player_choice":"Pray","damage_taken":0,"max_hp_gain":0,"max_hp_loss":0,"event_name":"Golden Shrine","floor":48,"gold_loss":0}],"is_beta":false,"boss_relics":[{"not_picked":["Orrery","Runic Dome"],"picked":"Sozu"},{"not_picked":["Coffee Dripper","Astrolabe"],"picked":"Philosopher\u0027s Stone"}],"items_purged_floors":[21,25],"is_endless":false,"potions_floor_spawned":[2,12,13,18,19,29,30,33,36,45,54],"killed_by":"The Heart","ascension_level":10}