{"gold_per_floor":[112,212,44,44,60,60,86,86,86,96,112,130,142,156,156,259,259,277,202,202,219,50,50,62,62,87,87,10,35,35],"floor_reached":30,"playtime":1226,"items_purged":["Dualcast"],"score":255,"play_id":"0b860174-4ba4-4dc3-aaf6-e5ad87bad8b2","local_time":"20180727162906","is_ascension_mode":false,"campfire_choices":[{"data":"Zap","floor":6,"key":"SMITH"},{"data":"Redo","floor":8,"key":"SMITH"},{"floor":15,"key":"REST"},{"data":"Darkness","floor":23,"key":"SMITH"}],"neow_cost":"NONE","seed_source_timestamp":1206165366307489,"circlet_count":0,"master_deck":["Strike_B","Strike_B","Strike_B","Strike_B","Defend_B","Defend_B","Defend_B","Defend_B","Zap+1","All For One","Leap","Defragment","Bandage Up","Sweeping Beam","Redo+1","Loop","Lockon","Leap","Storm","Leap","Machine Learning","Double Energy","Steam+1","Defragment","Darkness+1","Leap","Ball Lightning","Jack Of All Trades","Zap","Capacitor"],"relics":["FrozenCore","NlothsMask","Bag of Marbles","Lantern","Oddly Smooth Stone"],"potions_floor_usage":[13],"damage_taken":[{"damage":6,"enemies":"2 Louse","floor":1,"turns":3},{"damage":6,"enemies":"Cultist","floor":5,"turns":4},{"damage":35,"enemies":"Gremlin Nob","floor":7,"turns":5},{"damage":2,"enemies":"Jaw Worm","floor":10,"turns":3},{"damage":23,"enemies":"Exordium Thugs","floor":11,"turns":4},{"damage":6,"enemies":"Large Slime","floor":12,"turns":6},{"damage":0,"enemies":"Red Slaver","floor":13,"turns":1},{"damage":6,"enemies":"Looter","floor":14,"turns":3},{"damage":30,"enemies":"The Guardian","floor":16,"turns":11},{"damage":29,"enemies":"3 Byrds","floor":18,"turns":8},{"damage":9,"enemies":"Shell Parasite","floor":21,"turns":8},{"damage":46,"enemies":"Chosen and Byrds","floor":24,"turns":8},{"damage":12,"enemies":"Cultist and Chosen","floor":30,"turns":4}],"seed_played":"4161875444036434012","potions_obtained":[{"floor":1,"key":"Weak Potion"},{"floor":5,"key":"Explosive Potion"},{"floor":11,"key":"Weak Potion"},{"floor":14,"key":"Swift Potion"}],"is_trial":false,"path_per_floor":["M","?","$","?","M","R","E","R","T","M","M","M","M","M","R","B",null,"M","$","?","M","$","R","M","?","T","?","$","T"],"character_chosen":"DEFECT","items_purchased":["Defragment","Bandage Up","Defragment","Darkness","Leap","Capacitor"],"campfire_rested":1,"item_purchase_floors":[3,3,22,22,22,28],"current_hp_per_floor":[69,69,69,69,67,67,36,36,36,38,19,17,17,15,37,11,75,50,50,50,45,45,45,3,3,3,3,3,3,0],"gold":35,"neow_bonus":"ONE_RANDOM_RARE_CARD","is_prod":false,"is_daily":false,"chose_seed":false,"campfire_upgraded":3,"win_rate":0.0,"timestamp":1532701746,"path_taken":["M","?","?","?","M","R","E","R","T","M","M","M","M","M","R","BOSS","M","$","?","M","$","R","M","?","T","?","?","?","?"],"build_version":"2018-07-26","purchased_purges":1,"victory":false,"max_hp_per_floor":[75,75,75,75,75,75,75,75,75,75,75,75,75,75,75,75,75,75,75,75,75,75,75,75,75,75,75,75,75,75],"card_choices":[{"not_picked":["Fusion","Gash"],"picked":"Leap","floor":1},{"not_picked":["Streamline","Coolheaded"],"picked":"Sweeping Beam","floor":5},{"not_picked":["Skim","Blizzard"],"picked":"Redo","floor":7},{"not_picked":["Gash","BootSequence"],"picked":"Loop","floor":10},{"not_picked":["Gash","Chill"],"picked":"Lockon","floor":11},{"not_picked":["Sweeping Beam","Darkness"],"picked":"Leap","floor":12},{"not_picked":["Compile Driver","Blizzard"],"picked":"Storm","floor":13},{"not_picked":["Capacitor","Melter"],"picked":"Leap","floor":14},{"not_picked":["Creative AI","Biased Cognition"],"picked":"Machine Learning","floor":16},{"not_picked":["Darkness","Reprogram"],"picked":"Double Energy","floor":18},{"not_picked":["Hologram","Sweeping Beam"],"picked":"Steam+1","floor":21},{"not_picked":["Compile Driver","Sweeping Beam"],"picked":"Ball Lightning","floor":24}],"player_experience":56382,"relics_obtained":[{"floor":7,"key":"Bag of Marbles"},{"floor":26,"key":"Lantern"},{"floor":29,"key":"Oddly Smooth Stone"}],"event_choices":[{"event_name":"Golden Shrine","player_choice":"Pray","floor":2,"damage_taken":0},{"event_name":"FaceTrader","player_choice":"Trade","floor":4,"damage_taken":0},{"event_name":"Accursed Blacksmith","player_choice":"Ignore","floor":20,"damage_taken":0},{"event_name":"Match and Keep!","player_choice":"2 cards matched","floor":25,"damage_taken":0},{"event_name":"Vampires","player_choice":"Ignored","floor":27,"damage_taken":0}],"is_beta":false,"boss_relics":[{"not_picked":["Sozu","Philosopher\u0027s Stone"],"picked":"FrozenCore"}],"items_purged_floors":[19],"is_endless":false,"potions_floor_spawned":[1,5,11,14,18,24],"killed_by":"Cultist and Chosen","ascension_level":0}