{"gold_per_floor":[365,118,134,145,145,145,180,180,180,208,221,221,221,238,238,310,310,330,330,347,162,112,147,147,178,202,217,217,246,246,259,259,336,336,353,369,386,311,311,338,338,355,355,405,438,448,476,498,510,522,534,546,558,13,43,43],"floor_reached":56,"playtime":9705,"items_purged":["Strike_R+1","Strike_R+1"],"score":2735,"play_id":"98214134-322c-4607-a2db-3b621666ca1f","local_time":"20190302192211","is_ascension_mode":true,"campfire_choices":[{"data":"Spot Weakness","floor":6.0,"key":"SMITH"},{"data":"Metallicize","floor":8.0,"key":"SMITH"},{"data":"Shockwave","floor":12.0,"key":"SMITH"},{"floor":15.0,"key":"REST"},{"data":"Impervious","floor":24.0,"key":"SMITH"},{"data":"Double Tap","floor":30.0,"key":"SMITH"},{"data":"Inflame","floor":32.0,"key":"SMITH"},{"floor":41.0,"key":"RECALL"},{"data":"Limit Break","floor":49.0,"key":"SMITH"},{"data":"Sword Boomerang","floor":53.0,"key":"SMITH"}],"neow_cost":"PERCENT_DAMAGE","seed_source_timestamp":0,"circlet_count":0,"master_deck":["AscendersBane","Strike_R+1","Strike_R+1","Defend_R+1","Defend_R+1","Defend_R+1","Defend_R+1","Bash","Spot Weakness+1","Metallicize+1","Anger","Cleave","True Grit+1","Shockwave+1","Impervious+1","Headbutt","Immolate+1","Inflame+1","Twin Strike","Double Tap+1","Fiend Fire","Battle Trance","Sword Boomerang+1","Limit Break+1","Feel No Pain","Pummel"],"special_seed":0,"relics":["Burning Blood","Happy Flower","Shuriken","Du-Vu Doll","Boot","Runic Pyramid","Bag of Preparation","Thread and Needle","Ice Cream","Anchor","Vajra","Runic Dome","Orichalcum","Incense Burner","Ancient Tea Set","MawBank","Bronze Scales","Cauldron","Red Skull"],"potions_floor_usage":[55,56],"damage_taken":[{"damage":9.0,"enemies":"Jaw Worm","floor":1.0,"turns":5.0},{"damage":1.0,"enemies":"Cultist","floor":3.0,"turns":3.0},{"damage":4.0,"enemies":"Small Slimes","floor":4.0,"turns":3.0},{"damage":12.0,"enemies":"Lagavulin","floor":7.0,"turns":6.0},{"damage":24.0,"enemies":"Gremlin Nob","floor":10.0,"turns":4.0},{"damage":3.0,"enemies":"Red Slaver","floor":11.0,"turns":3.0},{"damage":5.0,"enemies":"Blue Slaver","floor":14.0,"turns":3.0},{"damage":13.0,"enemies":"Hexaghost","floor":16.0,"turns":8.0},{"damage":12.0,"enemies":"2 Thieves","floor":18.0,"turns":4.0},{"damage":0.0,"enemies":"Chosen","floor":20.0,"turns":5.0},{"damage":34.0,"enemies":"Slavers","floor":23.0,"turns":4.0},{"damage":2.0,"enemies":"Book of Stabbing","floor":25.0,"turns":5.0},{"damage":0.0,"enemies":"Centurion and Healer","floor":27.0,"turns":3.0},{"damage":0.0,"enemies":"Gremlin Leader","floor":29.0,"turns":5.0},{"damage":0.0,"enemies":"Snecko","floor":31.0,"turns":3.0},{"damage":8.0,"enemies":"Automaton","floor":33.0,"turns":8.0},{"damage":0.0,"enemies":"3 Darklings","floor":35.0,"turns":3.0},{"damage":2.0,"enemies":"3 Shapes","floor":36.0,"turns":4.0},{"damage":2.0,"enemies":"Sphere and 2 Shapes","floor":37.0,"turns":3.0},{"damage":5.0,"enemies":"Giant Head","floor":40.0,"turns":5.0},{"damage":0.0,"enemies":"4 Shapes","floor":42.0,"turns":2.0},{"damage":12.0,"enemies":"2 Orb Walkers","floor":44.0,"turns":4.0},{"damage":0.0,"enemies":"Nemesis","floor":45.0,"turns":3.0},{"damage":0.0,"enemies":"Maw","floor":46.0,"turns":4.0},{"damage":3.0,"enemies":"Giant Head","floor":47.0,"turns":6.0},{"damage":0.0,"enemies":"3 Darklings","floor":48.0,"turns":3.0},{"damage":0.0,"enemies":"Awakened One","floor":50.0,"turns":7.0},{"damage":29.0,"enemies":"Donu and Deca","floor":51.0,"turns":6.0},{"damage":17,"enemies":"Shield and Spear","floor":55,"turns":4}],"seed_played":"8169838100320958846","potions_obtained":[{"floor":1.0,"key":"Swift Potion"},{"floor":3.0,"key":"EssenceOfSteel"},{"floor":11.0,"key":"BloodPotion"},{"floor":16.0,"key":"SteroidPotion"},{"floor":27.0,"key":"SteroidPotion"},{"floor":29.0,"key":"SkillPotion"},{"floor":33.0,"key":"AttackPotion"},{"floor":47.0,"key":"PowerPotion"}],"is_trial":false,"path_per_floor":["M","$","M","M","?","R","E","R","T","E","M","R","?","M","R","B",null,"M","?","M","$","?","E","R","E","T","M","?","E","R","M","R","B",null,"M","M","M","$","?","E","R","M","T","?","E","M","E","M","R","B","B",null,"R","$","E","B"],"character_chosen":"IRONCLAD","items_purchased":["Metallicize","Happy Flower","Bag of Preparation","Twin Strike","Bronze Scales","Feel No Pain","Cauldron"],"campfire_rested":1,"item_purchase_floors":[2,2,21,21,54,54,54],"current_hp_per_floor":[47,47,52,54,54,54,48,48,48,30,33,33,33,34,56,49,69,63,63,75,75,75,47,47,51,51,57,57,63,63,69,69,67,73,75,75,75,75,75,75,75,75,75,69,75,75,75,75,75,75,52,69,69,69,58,0],"gold":43,"neow_bonus":"TWO_FIFTY_GOLD","is_prod":false,"is_daily":false,"chose_seed":false,"campfire_upgraded":8,"win_rate":0,"timestamp":1551514931,"path_taken":["M","$","M","M","?","R","E","R","T","E","?","R","?","?","R","BOSS","M","?","M","$","?","E","R","E","T","?","?","E","R","M","R","BOSS","M","M","M","$","?","E","R","M","T","?","E","M","E","M","R","BOSS","BOSS","R","$","E","BOSS"],"build_version":"2019-01-23","purchased_purges":2,"victory":false,"max_hp_per_floor":[75,75,75,75,75,75,75,75,75,75,75,75,75,75,75,75,75,75,75,75,75,75,75,75,75,75,75,75,75,75,75,75,75,75,75,75,75,75,75,75,75,75,75,75,75,75,75,75,75,75,75,75,75,75,75,75],"card_choices":[{"not_picked":["Havoc","Headbutt"],"picked":"Spot Weakness","floor":1.0},{"not_picked":["Perfected Strike","Flex"],"picked":"Anger","floor":3.0},{"not_picked":["Intimidate","Corruption"],"picked":"Cleave","floor":4.0},{"not_picked":["Bludgeon","Warcry"],"picked":"True Grit","floor":7.0},{"not_picked":["Flex","Heavy Blade"],"picked":"Shockwave","floor":10.0},{"not_picked":["Wild Strike","Pommel Strike"],"picked":"Impervious","floor":11.0},{"not_picked":["Perfected Strike","Wild Strike"],"picked":"Headbutt","floor":14.0},{"not_picked":["Fiend Fire","Berserk"],"picked":"Immolate","floor":16.0},{"not_picked":["Entrench","Anger"],"picked":"Inflame","floor":18.0},{"not_picked":["Havoc","True Grit","Armaments"],"picked":"SKIP","floor":20.0},{"not_picked":["Flex","Fire Breathing","Rupture"],"picked":"SKIP","floor":23.0},{"not_picked":["Spot Weakness","Armaments","Combust"],"picked":"SKIP","floor":25.0},{"not_picked":["Inflame+1","Havoc+1"],"picked":"Double Tap","floor":27.0},{"not_picked":["Whirlwind","Fire Breathing","Entrench"],"picked":"SKIP","floor":29.0},{"not_picked":["Rampage","Clash+1","Shrug It Off"],"picked":"SKIP","floor":31.0},{"not_picked":["Juggernaut","Barricade"],"picked":"Fiend Fire","floor":33.0},{"not_picked":["Armaments+1","Inflame","Headbutt"],"picked":"SKIP","floor":35.0},{"not_picked":["Pommel Strike+1","Perfected Strike+1","Body Slam"],"picked":"SKIP","floor":36.0},{"not_picked":["Heavy Blade","Pommel Strike+1","Cleave"],"picked":"SKIP","floor":37.0},{"not_picked":["Headbutt+1","Rupture"],"picked":"Battle Trance","floor":40.0},{"not_picked":["True Grit+1","Clothesline+1"],"picked":"Sword Boomerang","floor":42.0},{"not_picked":["Disarm","Battle Trance"],"picked":"Limit Break","floor":45.0},{"not_picked":["Warcry","Flex","Cleave"],"picked":"SKIP","floor":46.0},{"not_picked":["Headbutt","Cleave+1","Intimidate+1"],"picked":"SKIP","floor":47.0},{"not_picked":["Shrug It Off","Heavy Blade+1","Warcry"],"picked":"SKIP","floor":48.0},{"not_picked":["Whirlwind","Sever Soul"],"picked":"Pummel","floor":55}],"player_experience":769759,"relics_obtained":[{"floor":7.0,"key":"Shuriken"},{"floor":9.0,"key":"Du-Vu Doll"},{"floor":10.0,"key":"Boot"},{"floor":23.0,"key":"Thread and Needle"},{"floor":25.0,"key":"Ice Cream"},{"floor":26.0,"key":"Anchor"},{"floor":29.0,"key":"Vajra"},{"floor":40.0,"key":"Orichalcum"},{"floor":44.0,"key":"Incense Burner"},{"floor":45.0,"key":"Ancient Tea Set"},{"floor":47.0,"key":"MawBank"},{"floor":55,"key":"Red Skull"}],"event_choices":[{"cards_removed":["Strike_R"],"damage_healed":0.0,"max_hp_gain":0.0,"max_hp_loss":0.0,"gold_gain":0.0,"event_name":"Bonfire Elementals","player_choice":"Offered Basic","floor":5.0,"gold_loss":0.0,"damage_taken":0.0},{"damage_healed":0.0,"max_hp_gain":0.0,"max_hp_loss":0.0,"gold_gain":0.0,"event_name":"Upgrade Shrine","player_choice":"Upgraded","floor":13.0,"gold_loss":0.0,"damage_taken":0.0,"cards_upgraded":["True Grit"]},{"damage_healed":0.0,"max_hp_gain":0.0,"max_hp_loss":0.0,"gold_gain":0.0,"event_name":"The Mausoleum","player_choice":"Ignored","floor":19.0,"gold_loss":0.0,"damage_taken":0.0},{"damage_healed":0.0,"max_hp_gain":0.0,"max_hp_loss":0.0,"gold_gain":0.0,"event_name":"Designer","player_choice":"Upgraded Two","floor":22.0,"gold_loss":50.0,"damage_taken":0.0,"cards_upgraded":["Defend_R","Immolate"]},{"damage_healed":0.0,"max_hp_gain":0.0,"max_hp_loss":0.0,"gold_gain":0.0,"event_name":"Back to Basics","player_choice":"Simplicity","floor":28.0,"gold_loss":0.0,"damage_taken":0.0,"cards_upgraded":["Strike_R","Strike_R","Strike_R","Strike_R","Defend_R","Defend_R","Defend_R"]},{"damage_healed":0.0,"max_hp_gain":0.0,"max_hp_loss":0.0,"gold_gain":0.0,"event_name":"Tomb of Lord Red Mask","player_choice":"Ignored","floor":39.0,"gold_loss":0.0,"damage_taken":0.0},{"damage_healed":0.0,"max_hp_gain":0.0,"max_hp_loss":0.0,"gold_gain":0.0,"event_name":"Mysterious Sphere","player_choice":"Fight","floor":44.0,"gold_loss":0.0,"damage_taken":0.0}],"is_beta":false,"boss_relics":[{"not_picked":["Pandora\u0027s Box","Black Blood"],"picked":"Runic Pyramid"},{"not_picked":["Orrery","Tiny House"],"picked":"Runic Dome"}],"items_purged_floors":[38,54],"is_endless":false,"potions_floor_spawned":[1,3,11,16,18,27,29,33,37,44,47],"killed_by":"The Heart","ascension_level":20}