{"gold_per_floor":[114,127,146,321,37,72,72,105,128,169,198,210,222,6,6,101,101,116,135,135,135,150,150,183,202,202,202,231,231,243,263,263,363,363,373,78,93,43,61,61,61,95,95,115,115,65,65,78,78,78],"floor_reached":50,"playtime":5152,"items_purged":["Doubt","Strike_B","Self Repair"],"score":663,"play_id":"d5f79e86-e97e-48a7-9271-b7597e11fc3b","local_time":"20190216015206","is_ascension_mode":true,"campfire_choices":[{"data":"Sunder","floor":7,"key":"SMITH"},{"floor":12,"key":"REST"},{"data":"Doom and Gloom","floor":15,"key":"SMITH"},{"floor":23,"key":"REST"},{"floor":27,"key":"REST"},{"floor":32,"key":"REST"},{"data":"Go for the Eyes","floor":40,"key":"SMITH"},{"floor":45,"key":"REST"},{"floor":47,"key":"REST"},{"data":"Rainbow","floor":49,"key":"SMITH"}],"neow_cost":"NONE","seed_source_timestamp":247930569044908,"circlet_count":0,"master_deck":["Defend_B","Defend_B","Defend_B","Defend_B","Zap","Dualcast","Sunder+1","Cold Snap","Go for the Eyes+1","Coolheaded","White Noise","Cold Snap+1","Leap","Doom and Gloom+1","Electrodynamics","Compile Driver","Static Discharge","Glacier","Rip and Tear+1","Leap","Hologram+1","Tempest+1","Seek","Rainbow+1","Multi-Cast","Stack","Rip and Tear+1"],"relics":["Cracked Core","Sling","Juzu Bracelet","Smiling Mask","MawBank","Pantograph","PreservedInsect","Orrery","Whetstone","Bottled Tornado","FossilizedHelix","Sozu","Ice Cream","Emotion Chip","Thread and Needle"],"potions_floor_usage":[8,16,24,24,33,50,50],"damage_taken":[{"damage":0,"enemies":"Small Slimes","floor":1,"turns":2},{"damage":7,"enemies":"Jaw Worm","floor":2,"turns":3},{"damage":0,"enemies":"Cultist","floor":3,"turns":3},{"damage":9,"enemies":"3 Sentries","floor":6,"turns":5},{"damage":21,"enemies":"Lagavulin","floor":8,"turns":6},{"damage":8,"enemies":"3 Sentries","floor":10,"turns":4},{"damage":9,"enemies":"Large Slime","floor":11,"turns":5},{"damage":32,"enemies":"Slime Boss","floor":16,"turns":10},{"damage":12,"enemies":"Chosen","floor":18,"turns":4},{"damage":4,"enemies":"3 Byrds","floor":19,"turns":2},{"damage":34,"enemies":"Snake Plant","floor":22,"turns":6},{"damage":27,"enemies":"Book of Stabbing","floor":24,"turns":7},{"damage":10,"enemies":"Centurion and Healer","floor":25,"turns":9},{"damage":5,"enemies":"Gremlin Leader","floor":28,"turns":4},{"damage":5,"enemies":"Shelled Parasite and Fungi","floor":30,"turns":7},{"damage":1,"enemies":"Sentry and Sphere","floor":31,"turns":5},{"damage":78,"enemies":"Collector","floor":33,"turns":12},{"damage":3,"enemies":"Orb Walker","floor":35,"turns":4},{"damage":2,"enemies":"3 Darklings","floor":37,"turns":4},{"damage":15,"enemies":"Sphere and 2 Shapes","floor":39,"turns":4},{"damage":12,"enemies":"Reptomancer","floor":42,"turns":4},{"damage":27,"enemies":"Jaw Worm Horde","floor":44,"turns":2},{"damage":9,"enemies":"Writhing Mass","floor":48,"turns":5},{"damage":90,"enemies":"Awakened One","floor":50,"turns":24}],"seed_played":"-1755940435562591199","potions_obtained":[{"floor":1,"key":"Weak Potion"},{"floor":6,"key":"SteroidPotion"},{"floor":10,"key":"SteroidPotion"},{"floor":16,"key":"Swift Potion"},{"floor":19,"key":"Regen Potion"},{"floor":28,"key":"LiquidBronze"},{"floor":31,"key":"Swift Potion"}],"is_trial":false,"path_per_floor":["M","M","M","?","$","E","R","E","T","E","M","R","?","$","R","B",null,"M","M","?","?","M","R","E","M","T","R","E","?","M","M","R","B",null,"M","$","M","$","M","R","?","E","T","M","R","$","R","M","R","B"],"character_chosen":"DEFECT","items_purchased":["Sling","Doom and Gloom","PreservedInsect","Ice Cream"],"campfire_rested":6,"item_purchase_floors":[5,14,14,36],"current_hp_per_floor":[82,75,75,75,75,66,66,45,45,37,28,52,45,45,45,38,71,66,62,62,62,35,59,39,36,36,60,55,55,57,56,80,26,68,72,72,77,77,69,69,69,64,64,37,61,61,82,73,73,0],"gold":78,"neow_bonus":"TEN_PERCENT_HP_BONUS","is_prod":false,"is_daily":false,"chose_seed":false,"campfire_upgraded":4,"win_rate":0,"timestamp":1550299926,"path_taken":["M","M","M","?","$","E","R","E","T","E","M","R","?","?","R","BOSS","M","M","?","?","M","R","E","M","T","R","E","?","M","M","R","BOSS","M","$","M","$","M","R","?","E","T","M","R","?","R","M","R","BOSS"],"build_version":"2019-01-23","purchased_purges":3,"victory":false,"max_hp_per_floor":[82,82,82,82,82,82,82,82,82,82,82,82,82,82,82,82,82,82,82,82,82,82,82,82,82,82,82,82,82,82,82,82,82,82,82,82,82,82,82,82,82,82,82,82,82,82,82,82,82,82],"card_choices":[{"not_picked":["Fusion","Stack"],"picked":"Sunder","floor":1},{"not_picked":["Leap","Aggregate"],"picked":"Cold Snap","floor":2},{"not_picked":["Cold Snap","Beam Cell"],"picked":"Go for the Eyes","floor":3},{"not_picked":["White Noise","Beam Cell"],"picked":"Coolheaded","floor":6},{"not_picked":["Force Field","Compile Driver"],"picked":"White Noise","floor":8},{"not_picked":["Gash","Go for the Eyes"],"picked":"Cold Snap","floor":10},{"not_picked":["Skim","Redo"],"picked":"Leap","floor":11},{"not_picked":["Buffer","Reboot"],"picked":"Electrodynamics","floor":16},{"not_picked":["Redo","Rebound"],"picked":"Compile Driver","floor":17},{"not_picked":["Conserve Battery","Reprogram"],"picked":"Self Repair","floor":17},{"not_picked":["Turbo","Melter"],"picked":"Static Discharge","floor":17},{"not_picked":["Streamline+1","Go for the Eyes+1","Sunder+1"],"picked":"SKIP","floor":18},{"not_picked":["Gash","Streamline"],"picked":"Glacier","floor":19},{"not_picked":["Gash","Barrage"],"picked":"Hologram+1","floor":22},{"not_picked":["Go for the Eyes+1","Genetic Algorithm+1","Rebound+1"],"picked":"SKIP","floor":24},{"not_picked":["Lockon+1","Sunder","Genetic Algorithm+1"],"picked":"SKIP","floor":25},{"not_picked":["Sweeping Beam+1","Cold Snap"],"picked":"Tempest+1","floor":28},{"not_picked":["Cold Snap+1","Conserve Battery"],"picked":"Rainbow","floor":30},{"not_picked":["Hologram+1","Rebound","Chaos"],"picked":"SKIP","floor":31},{"not_picked":["Reboot","Buffer"],"picked":"Multi-Cast","floor":33},{"not_picked":["Go for the Eyes","Cold Snap"],"picked":"Stack","floor":35},{"not_picked":["Steam+1","Beam Cell","Sweeping Beam+1"],"picked":"SKIP","floor":37},{"not_picked":["Coolheaded","Turbo+1"],"picked":"Rip and Tear+1","floor":39},{"not_picked":["Biased Cognition","Leap","Cold Snap"],"picked":"SKIP","floor":42},{"not_picked":["Biased Cognition","Leap","Cold Snap"],"picked":"SKIP","floor":42},{"not_picked":["Fusion+1","Sweeping Beam+1","Reprogram"],"picked":"SKIP","floor":44},{"not_picked":["Cold Snap+1","Static Discharge","Capacitor"],"picked":"SKIP","floor":48}],"player_experience":581992,"relics_obtained":[{"floor":6,"key":"Juzu Bracelet"},{"floor":8,"key":"Smiling Mask"},{"floor":9,"key":"MawBank"},{"floor":10,"key":"Pantograph"},{"floor":24,"key":"Whetstone"},{"floor":26,"key":"Bottled Tornado"},{"floor":28,"key":"FossilizedHelix"},{"floor":42,"key":"Emotion Chip"},{"floor":43,"key":"Thread and Needle"}],"event_choices":[{"damage_healed":0,"gold_gain":175,"player_choice":"AGREE","damage_taken":0,"max_hp_gain":0,"max_hp_loss":0,"event_name":"Liars Game","floor":4,"gold_loss":0,"cards_obtained":["Doubt"]},{"cards_removed":["Strike_B"],"damage_healed":0,"gold_gain":0,"player_choice":"Card Removal","damage_taken":7,"max_hp_gain":0,"max_hp_loss":0,"event_name":"Golden Wing","floor":13,"gold_loss":0},{"damage_healed":0,"gold_gain":0,"player_choice":"Ignored","damage_taken":0,"max_hp_gain":0,"max_hp_loss":0,"event_name":"Ghosts","floor":20,"gold_loss":0},{"damage_healed":0,"gold_gain":0,"cards_transformed":["Strike_B","Strike_B"],"player_choice":"Became Test Subject","damage_taken":0,"max_hp_gain":0,"max_hp_loss":0,"event_name":"Drug Dealer","floor":21,"gold_loss":0,"cards_obtained":["Rip and Tear","Leap"]},{"damage_healed":0,"gold_gain":0,"player_choice":"1 cards matched","damage_taken":0,"max_hp_gain":0,"max_hp_loss":0,"event_name":"Match and Keep!","floor":29,"gold_loss":0,"cards_obtained":["Seek"]},{"damage_healed":0,"gold_gain":0,"player_choice":"Leave","damage_taken":0,"max_hp_gain":0,"max_hp_loss":0,"event_name":"FaceTrader","floor":41,"gold_loss":0}],"is_beta":false,"boss_relics":[{"not_picked":["Pandora\u0027s Box","Calling Bell"],"picked":"Orrery"},{"not_picked":["Busted Crown","White Beast Statue"],"picked":"Sozu"}],"items_purged_floors":[5,38,46],"is_endless":false,"potions_floor_spawned":[1,6,10,16,19,28,31,39,44],"killed_by":"Awakened One","ascension_level":5}