{"gold_per_floor":[117,1,12,28,39,68,81,81,81,106,25,25,37,47,47,120,120,140,140,158,58,158,193,193,0,0,0,26,40,40,40,40,117,117,133,151,43,0,13,13,45,59,86,86,86,86,186,18,18,18],"floor_reached":51,"playtime":2355,"items_purged":["Strike_R","Defend_R"],"score":1331,"play_id":"78493a91-ba54-4800-8df1-d0c8434b5102","local_time":"20190304163018","is_ascension_mode":true,"campfire_choices":[{"data":"Whirlwind","floor":8,"key":"SMITH"},{"data":"Disarm","floor":12,"key":"SMITH"},{"floor":15,"key":"REST"},{"data":"Inflame","floor":24,"key":"SMITH"},{"data":"Apotheosis","floor":30,"key":"SMITH"},{"floor":32,"key":"REST"},{"data":"Perfected Strike","floor":40,"key":"PURGE"},{"data":"Clothesline","floor":44,"key":"PURGE"},{"floor":46,"key":"REST"},{"data":"Inflame","floor":49,"key":"SMITH"}],"neow_cost":"NONE","seed_source_timestamp":222443559071933,"circlet_count":0,"master_deck":["AscendersBane","Bash","Whirlwind+1","Inflame+1","Iron Wave","Impervious","Shrug It Off","Disarm+1","Inflame+1","Inflame","True Grit","Double Tap","Bite","Bite","Bite","Bite","Bite","Heavy Blade","Apotheosis+1","Battle Trance+1","Warcry+1","Immolate","Limit Break+1","Trip+1","Seeing Red+1","Disarm+1","Madness+1","Madness+1","Seeing Red+1"],"relics":["Burning Blood","Pear","Peace Pipe","Bird Faced Urn","Velvet Choker","Pocketwatch","Bottled Tornado","Gambling Chip","Bottled Flame","Nilry\u0027s Codex","Toxic Egg 2","Pandora\u0027s Box","Red Mask","Gremlin Horn","Dream Catcher","Champion Belt","Happy Flower"],"potions_floor_usage":[6,10,10,16,23,28,33,42],"damage_taken":[{"damage":10,"enemies":"Cultist","floor":1,"turns":5},{"damage":4,"enemies":"2 Louse","floor":3,"turns":3},{"damage":8,"enemies":"Jaw Worm","floor":4,"turns":4},{"damage":0,"enemies":"3 Louse","floor":5,"turns":1},{"damage":43,"enemies":"Gremlin Nob","floor":6,"turns":6},{"damage":7,"enemies":"Looter","floor":7,"turns":3},{"damage":30,"enemies":"Lagavulin","floor":10,"turns":5},{"damage":3,"enemies":"Blue Slaver","floor":13,"turns":5},{"damage":4,"enemies":"Exordium Wildlife","floor":14,"turns":3},{"damage":15,"enemies":"The Guardian","floor":16,"turns":13},{"damage":20,"enemies":"Shell Parasite","floor":18,"turns":7},{"damage":9,"enemies":"Chosen","floor":20,"turns":7},{"damage":18,"enemies":"Colosseum Slavers","floor":22,"turns":5},{"damage":25,"enemies":"Colosseum Nobs","floor":22,"turns":5},{"damage":57,"enemies":"Slavers","floor":23,"turns":4},{"damage":1,"enemies":"Book of Stabbing","floor":28,"turns":8},{"damage":5,"enemies":"Snake Plant","floor":29,"turns":4},{"damage":65,"enemies":"Collector","floor":33,"turns":9},{"damage":0,"enemies":"3 Shapes","floor":35,"turns":1},{"damage":12,"enemies":"3 Darklings","floor":36,"turns":2},{"damage":0,"enemies":"Jaw Worm Horde","floor":39,"turns":1},{"damage":63,"enemies":"Giant Head","floor":41,"turns":7},{"damage":12,"enemies":"Transient","floor":42,"turns":5},{"damage":6,"enemies":"Mind Bloom Boss Battle","floor":47,"turns":6},{"damage":67,"enemies":"Donu and Deca","floor":50,"turns":6}],"seed_played":"6432803970820281149","potions_obtained":[{"floor":1,"key":"SkillPotion"},{"floor":4,"key":"SteroidPotion"},{"floor":6,"key":"Dexterity Potion"},{"floor":10,"key":"SteroidPotion"},{"floor":13,"key":"BloodPotion"},{"floor":18,"key":"BloodPotion"},{"floor":29,"key":"BloodPotion"},{"floor":41,"key":"Block Potion"}],"is_trial":false,"path_per_floor":["M","$","M","M","M","E","M","R","T","E","$","R","M","M","R","B",null,"M","?","M","$","?","E","R","$","T","?","E","M","R","$","R","B",null,"M","M","$","?","M","R","E","M","T","R","?","R","?","$","R","B",null],"character_chosen":"IRONCLAD","items_purchased":["Inflame","Inflame","Apotheosis","Trip+1","Happy Flower"],"campfire_rested":3,"item_purchase_floors":[2,11,25,37,48],"current_hp_per_floor":[71,71,73,71,77,50,49,49,49,25,25,25,32,34,61,58,84,76,64,64,64,55,22,22,22,22,1,33,47,47,47,64,34,57,63,57,57,57,63,63,21,42,42,42,30,49,64,64,64,22],"gold":18,"neow_bonus":"TEN_PERCENT_HP_BONUS","is_prod":false,"is_daily":false,"chose_seed":false,"campfire_upgraded":5,"win_rate":0,"timestamp":1551713418,"path_taken":["M","$","M","M","M","E","M","R","T","E","$","R","?","M","R","BOSS","M","?","M","$","?","E","R","$","T","?","E","M","R","$","R","BOSS","M","M","$","?","M","R","E","M","T","R","?","R","?","$","R","BOSS"],"build_version":"2019-01-23","purchased_purges":2,"victory":true,"max_hp_per_floor":[82,82,82,82,82,92,92,92,92,92,92,92,92,92,92,92,92,92,64,64,64,64,64,64,64,64,64,64,64,64,64,64,64,64,64,64,64,64,64,64,64,64,64,64,64,64,64,64,64,64],"card_choices":[{"not_picked":["Pommel Strike","Rage"],"picked":"Whirlwind","floor":1},{"not_picked":["Clothesline","Heavy Blade","Sword Boomerang"],"picked":"SKIP","floor":3},{"not_picked":["Blood for Blood","Flex","Fire Breathing"],"picked":"SKIP","floor":4},{"not_picked":["Clash","Body Slam"],"picked":"Iron Wave","floor":5},{"not_picked":["Dual Wield","Thunderclap"],"picked":"Impervious","floor":6},{"not_picked":["Infernal Blade","Iron Wave"],"picked":"Shrug It Off","floor":7},{"not_picked":["Hemokinesis","Combust"],"picked":"Disarm","floor":10},{"not_picked":["Armaments","Iron Wave"],"picked":"Inflame","floor":13},{"not_picked":["Thunderclap","Corruption"],"picked":"True Grit","floor":14},{"not_picked":["Berserk","Bludgeon"],"picked":"Double Tap","floor":16},{"not_picked":["Infernal Blade","Combust","Anger"],"picked":"SKIP","floor":18},{"not_picked":["Armaments","Flex"],"picked":"Heavy Blade","floor":20},{"not_picked":["Hemokinesis","Barricade","Havoc"],"picked":"SKIP","floor":23},{"not_picked":["Anger","Perfected Strike"],"picked":"Battle Trance","floor":28},{"not_picked":["Iron Wave","Inflame"],"picked":"Warcry+1","floor":29},{"not_picked":["Bludgeon","Berserk"],"picked":"Immolate","floor":33},{"not_picked":["Sword Boomerang","Havoc+1","Headbutt"],"picked":"SKIP","floor":35},{"not_picked":["Flex+1","Uppercut","Sword Boomerang+1"],"picked":"SKIP","floor":36},{"not_picked":["Clash","Body Slam+1","Combust"],"picked":"SKIP","floor":39},{"not_picked":["Juggernaut","Blood for Blood"],"picked":"Seeing Red+1","floor":41},{"not_picked":["Body Slam","Twin Strike"],"picked":"Disarm+1","floor":42},{"not_picked":["Armaments+1","Clothesline"],"picked":"Seeing Red+1","floor":47}],"player_experience":838611,"relics_obtained":[{"floor":6,"key":"Pear"},{"floor":9,"key":"Peace Pipe"},{"floor":10,"key":"Bird Faced Urn"},{"floor":22,"key":"Pocketwatch"},{"floor":22,"key":"Bottled Tornado"},{"floor":23,"key":"Gambling Chip"},{"floor":26,"key":"Bottled Flame"},{"floor":27,"key":"Nilry\u0027s Codex"},{"floor":28,"key":"Toxic Egg 2"},{"floor":41,"key":"Gremlin Horn"},{"floor":43,"key":"Dream Catcher"},{"floor":47,"key":"Champion Belt"}],"event_choices":[{"damage_healed":0,"gold_gain":0,"player_choice":"Became a vampire","damage_taken":0,"max_hp_gain":0,"max_hp_loss":28,"event_name":"Vampires","floor":19,"gold_loss":0,"cards_obtained":["Bite","Bite","Bite","Bite","Bite"]},{"damage_healed":0,"gold_gain":0,"player_choice":"Fight","damage_taken":0,"max_hp_gain":0,"max_hp_loss":0,"event_name":"Colosseum","floor":22,"gold_loss":0},{"damage_healed":0,"gold_gain":0,"player_choice":"Fought Nobs","damage_taken":0,"max_hp_gain":0,"max_hp_loss":0,"event_name":"Colosseum","floor":22,"gold_loss":0},{"damage_healed":0,"gold_gain":0,"player_choice":"Obtained Book","damage_taken":21,"max_hp_gain":0,"max_hp_loss":0,"event_name":"Cursed Tome","floor":27,"gold_loss":0},{"damage_healed":0,"gold_gain":0,"player_choice":"Paid","damage_taken":0,"relics_obtained":["Red Mask"],"max_hp_gain":0,"max_hp_loss":0,"event_name":"Tomb of Lord Red Mask","floor":38,"gold_loss":43},{"damage_healed":0,"gold_gain":0,"player_choice":"Embrace Madness","damage_taken":12,"max_hp_gain":0,"max_hp_loss":0,"event_name":"Winding Halls","floor":45,"gold_loss":0,"cards_obtained":["Madness","Madness"]},{"damage_healed":0,"gold_gain":0,"player_choice":"Fight","damage_taken":0,"max_hp_gain":0,"max_hp_loss":0,"event_name":"MindBloom","floor":47,"gold_loss":0}],"is_beta":false,"boss_relics":[{"not_picked":["Tiny House","Runic Pyramid"],"picked":"Velvet Choker"},{"not_picked":["Calling Bell","Snecko Eye"],"picked":"Pandora\u0027s Box"}],"items_purged_floors":[2,21],"is_endless":false,"potions_floor_spawned":[1,4,6,10,13,18,22,29,41],"ascension_level":16}