{"gold_per_floor":[113,38,38,57,57,92,105,105,105,136,147,161,161,261,261,362,362,375,387,14,14,14,14,49,67,67,67,67,78,2,30,30,30],"floor_reached":33,"playtime":1380,"items_purged":["Strike_B"],"score":509,"play_id":"9970e005-e9c5-4a6f-86d7-13839085ae7d","local_time":"20190128194402","is_ascension_mode":true,"campfire_choices":[{"data":"Defragment","floor":8,"key":"SMITH"},{"data":"Zap","floor":13,"key":"SMITH"},{"data":"Rainbow","floor":15,"key":"SMITH"},{"data":"Biased Cognition","floor":23,"key":"SMITH"},{"data":"Go for the Eyes","floor":27,"key":"SMITH"},{"data":"Rip and Tear","floor":32,"key":"SMITH"}],"neow_cost":"NONE","seed_source_timestamp":1174330751717420,"circlet_count":0,"master_deck":["AscendersBane","Strike_B+1","Strike_B+1","Strike_B+1","Defend_B+1","Defend_B+1","Defend_B+1","Defend_B+1","Zap+1","Dualcast","Defragment+1","Rip and Tear+1","Rainbow+1","BootSequence","FTL","Cold Snap","Biased Cognition+1","Go for the Eyes+1","Undo","Chill","Conserve Battery+1","Redo+1","Capacitor"],"relics":["Cracked Core","NeowsBlessing","Mercury Hourglass","Lantern","Vajra","Coffee Dripper","Incense Burner","Bottled Flame","Question Card","Bottled Tornado"],"potions_floor_usage":[31,33],"damage_taken":[{"damage":0,"enemies":"Small Slimes","floor":1,"turns":1},{"damage":0,"enemies":"Cultist","floor":4,"turns":1},{"damage":0,"enemies":"Lagavulin","floor":6,"turns":1},{"damage":0,"enemies":"Jaw Worm","floor":7,"turns":3},{"damage":34,"enemies":"Gremlin Nob","floor":10,"turns":5},{"damage":1,"enemies":"Blue Slaver","floor":11,"turns":4},{"damage":0,"enemies":"2 Fungi Beasts","floor":12,"turns":2},{"damage":13,"enemies":"The Guardian","floor":16,"turns":8},{"damage":5,"enemies":"2 Thieves","floor":18,"turns":3},{"damage":6,"enemies":"Shell Parasite","floor":19,"turns":4},{"damage":6,"enemies":"Gremlin Leader","floor":24,"turns":6},{"damage":16,"enemies":"Snake Plant","floor":25,"turns":4},{"damage":0,"enemies":"Shelled Parasite and Fungi","floor":29,"turns":4},{"damage":12,"enemies":"Book of Stabbing","floor":31,"turns":6},{"damage":40,"enemies":"Collector","floor":33,"turns":12}],"seed_played":"-5496297607355263200","potions_obtained":[{"floor":10,"key":"Dexterity Potion"},{"floor":12,"key":"FairyPotion"},{"floor":31,"key":"EssenceOfSteel"}],"is_trial":false,"path_per_floor":["M","$","?","M","?","E","M","R","T","E","M","M","R","?","R","B",null,"M","M","$","?","?","R","E","M","T","R","T","M","$","E","R","B"],"character_chosen":"DEFECT","items_purchased":["Incense Burner","Chill","Regen Potion"],"campfire_rested":0,"item_purchase_floors":[20,20,30],"current_hp_per_floor":[68,68,68,68,53,53,53,53,53,19,18,18,18,18,18,5,58,53,47,47,47,47,47,41,25,25,25,25,25,25,28,28,0],"gold":30,"neow_bonus":"THREE_ENEMY_KILL","is_prod":false,"is_daily":false,"chose_seed":false,"campfire_upgraded":6,"win_rate":0,"timestamp":1548726242,"path_taken":["M","$","?","?","?","E","M","R","T","E","M","M","R","?","R","BOSS","M","?","$","?","?","R","E","M","T","R","?","M","$","E","R","BOSS"],"build_version":"2019-01-23","purchased_purges":1,"victory":false,"max_hp_per_floor":[75,75,75,75,75,75,75,75,75,75,75,75,75,75,75,75,75,75,75,75,75,75,75,75,75,75,75,75,75,75,75,75,75],"card_choices":[{"not_picked":["Cold Snap","Consume"],"picked":"Defragment","floor":1},{"not_picked":["Redo","Leap"],"picked":"Rip and Tear","floor":4},{"not_picked":["Hyperbeam","Chaos"],"picked":"Rainbow","floor":6},{"not_picked":["Steam","Streamline","Hello World"],"picked":"SKIP","floor":7},{"not_picked":["Skim","Sweeping Beam"],"picked":"BootSequence","floor":10},{"not_picked":["Darkness","Stack"],"picked":"FTL","floor":11},{"not_picked":["Stack","Turbo"],"picked":"Cold Snap","floor":12},{"not_picked":["Multi-Cast","Rainbow"],"picked":"Biased Cognition","floor":16},{"not_picked":["Double Energy","Steam"],"picked":"Go for the Eyes","floor":18},{"not_picked":["Hologram","Genetic Algorithm"],"picked":"Undo","floor":19},{"not_picked":["Fusion","Steam"],"picked":"Conserve Battery+1","floor":24},{"not_picked":["Sweeping Beam","Rebound","Leap"],"picked":"SKIP","floor":25},{"not_picked":["Static Discharge","Sweeping Beam","Barrage"],"picked":"Redo+1","floor":29},{"not_picked":["Skim+1","Sweeping Beam","Doom and Gloom"],"picked":"Capacitor","floor":31}],"player_experience":911746,"relics_obtained":[{"floor":6,"key":"Mercury Hourglass"},{"floor":9,"key":"Lantern"},{"floor":10,"key":"Vajra"},{"floor":24,"key":"Bottled Flame"},{"floor":26,"key":"Question Card"},{"floor":31,"key":"Bottled Tornado"}],"event_choices":[{"damage_healed":0,"gold_gain":0,"player_choice":"Ignored","damage_taken":0,"max_hp_gain":0,"max_hp_loss":0,"event_name":"WeMeetAgain","floor":3,"gold_loss":0},{"damage_healed":0,"gold_gain":0,"player_choice":"Entered Light","damage_taken":15,"max_hp_gain":0,"max_hp_loss":0,"event_name":"Shining Light","floor":5,"gold_loss":0,"cards_upgraded":["Defend_B","Defend_B"]},{"damage_healed":0,"gold_gain":100,"player_choice":"Gold","damage_taken":0,"max_hp_gain":0,"max_hp_loss":0,"event_name":"Wheel of Change","floor":14,"gold_loss":0},{"damage_healed":0,"gold_gain":0,"player_choice":"Ignored","damage_taken":0,"max_hp_gain":0,"max_hp_loss":0,"event_name":"Beggar","floor":21,"gold_loss":0},{"damage_healed":0,"gold_gain":0,"player_choice":"Simplicity","damage_taken":0,"max_hp_gain":0,"max_hp_loss":0,"event_name":"Back to Basics","floor":22,"gold_loss":0,"cards_upgraded":["Strike_B","Strike_B","Strike_B","Defend_B","Defend_B"]}],"is_beta":false,"boss_relics":[{"not_picked":["Empty Cage","Fusion Hammer"],"picked":"Coffee Dripper"}],"items_purged_floors":[2],"is_endless":false,"potions_floor_spawned":[10,12,18,24,31],"killed_by":"Collector","ascension_level":12}