{"gold_per_floor":[117,128,128,142,67,67,50,79,79,98,98,110,143,159,159,159],"floor_reached":16,"playtime":603,"items_purged":["Strike_G"],"score":114,"play_id":"ec246d4a-e8d9-4533-a756-43ae9c46476e","local_time":"20181111185042","is_ascension_mode":false,"campfire_choices":[{"data":"Neutralize","floor":6,"key":"SMITH"},{"data":"Survivor","floor":15,"key":"SMITH"}],"neow_cost":"NONE","seed_source_timestamp":26651464342460,"circlet_count":0,"master_deck":["Defend_G","Defend_G","Defend_G","Defend_G","Defend_G","Strike_G","Strike_G","Strike_G","Strike_G","Survivor+1","Neutralize+1","Sucker Punch+1","Backstab","Quick Slash","Deflect","Poisoned Stab","Acrobatics","Outmaneuver"],"relics":["Ring of the Snake","NeowsBlessing","Singing Bowl","The Courier","Letter Opener"],"potions_floor_usage":[8,8,16],"damage_taken":[{"damage":0,"enemies":"Small Slimes","floor":1,"turns":1},{"damage":0,"enemies":"2 Louse","floor":2,"turns":1},{"damage":0,"enemies":"Cultist","floor":4,"turns":1},{"damage":4,"enemies":"Exordium Thugs","floor":7,"turns":4},{"damage":9,"enemies":"Lagavulin","floor":8,"turns":11},{"damage":0,"enemies":"Blue Slaver","floor":10,"turns":3},{"damage":6,"enemies":"Gremlin Gang","floor":12,"turns":5},{"damage":16,"enemies":"Gremlin Nob","floor":13,"turns":4},{"damage":0,"enemies":"Exordium Wildlife","floor":14,"turns":5},{"damage":39,"enemies":"Slime Boss","floor":16,"turns":7}],"seed_played":"-2411567591702850105","potions_obtained":[{"floor":2,"key":"Ancient Potion"},{"floor":4,"key":"Block Potion"},{"floor":12,"key":"Weak Potion"},{"floor":13,"key":"SpeedPotion"}],"is_trial":false,"path_per_floor":["M","M","?","M","$","R","M","E","T","M","?","M","E","M","R","B"],"character_chosen":"THE_SILENT","items_purchased":[],"campfire_rested":0,"item_purchase_floors":[],"current_hp_per_floor":[70,70,70,70,70,70,66,57,57,57,57,53,37,37,37,0],"gold":159,"neow_bonus":"THREE_ENEMY_KILL","is_prod":false,"is_daily":false,"chose_seed":false,"campfire_upgraded":2,"win_rate":0,"timestamp":1541958642,"path_taken":["M","M","?","M","$","R","M","E","T","M","?","?","E","M","R","BOSS"],"build_version":"2018-11-08","purchased_purges":1,"victory":false,"max_hp_per_floor":[70,70,70,70,70,70,70,70,70,70,70,72,72,72,72,72],"card_choices":[{"not_picked":["Prepared","Dagger Throw"],"picked":"Sucker Punch","floor":1},{"not_picked":["Caltrops","Reflex"],"picked":"Backstab","floor":2},{"not_picked":["Distraction","Riddle With Holes"],"picked":"Quick Slash","floor":4},{"not_picked":["Catalyst","Setup","Dagger Throw"],"picked":"SKIP","floor":7},{"not_picked":["Acrobatics","Backstab"],"picked":"Deflect","floor":8},{"not_picked":["Bane","Underhanded Strike"],"picked":"Poisoned Stab","floor":10},{"not_picked":["Outmaneuver","Dodge and Roll","All Out Attack"],"picked":"Singing Bowl","floor":12},{"not_picked":["Calculated Gamble","Expertise"],"picked":"Acrobatics","floor":13},{"not_picked":["Underhanded Strike","Sucker Punch"],"picked":"Outmaneuver","floor":14}],"player_experience":289271,"relics_obtained":[{"floor":8,"key":"Singing Bowl"},{"floor":9,"key":"The Courier"},{"floor":13,"key":"Letter Opener"}],"event_choices":[{"damage_healed":0,"gold_gain":0,"player_choice":"Ignored","damage_taken":0,"max_hp_gain":0,"max_hp_loss":0,"event_name":"Shining Light","floor":3,"gold_loss":0},{"damage_healed":0,"gold_gain":0,"player_choice":"Upgraded","damage_taken":0,"max_hp_gain":0,"max_hp_loss":0,"event_name":"Upgrade Shrine","floor":11,"gold_loss":0,"cards_upgraded":["Sucker Punch"]}],"is_beta":false,"boss_relics":[],"items_purged_floors":[5],"is_endless":false,"potions_floor_spawned":[2,4,12,13],"killed_by":"Slime Boss","ascension_level":0}