{"gold_per_floor":[113,131,206,217,227,227,238,238,309,326,140,159,192,205,205,306,306,320,236,236,249,176,176,195,213,213,213],"floor_reached":27,"playtime":1162,"items_purged":[],"score":219,"play_id":"08716e0d-3111-4c16-9c8f-fca556176291","local_time":"20180728100933","is_ascension_mode":false,"campfire_choices":[{"data":"Perfected Strike","floor":6,"key":"SMITH"},{"data":"Seeing Red","floor":8,"key":"SMITH"},{"floor":15,"key":"REST"},{"data":"1","floor":23,"key":"LIFT"}],"neow_cost":"NONE","seed_source_timestamp":1269856347104210,"circlet_count":0,"master_deck":["Strike_R","Strike_R","Strike_R","Strike_R","Strike_R","Defend_R","Defend_R","Defend_R","Defend_R","Bash","Perfected Strike+1","Inflame","Seeing Red+1","Cleave","Flex","Flex","Armaments","Armaments","Double Tap","Iron Wave","Clothesline","Twin Strike","Limit Break","Headbutt","Fire Breathing+1","Armaments","Necronomicurse","Cleave","Inflame+1","Headbutt+1","Entrench+1"],"relics":["Burning Blood","Frozen Egg 2","Girya","Velvet Choker","Necronomicon","Bottled Lightning"],"potions_floor_usage":[13,13,16,27,27,27],"damage_taken":[{"damage":6,"enemies":"Jaw Worm","floor":1,"turns":3},{"damage":1,"enemies":"2 Louse","floor":2,"turns":2},{"damage":4,"enemies":"Cultist","floor":4,"turns":4},{"damage":15,"enemies":"Looter","floor":5,"turns":3},{"damage":0,"enemies":"Large Slime","floor":7,"turns":4},{"damage":16,"enemies":"Exordium Wildlife","floor":10,"turns":5},{"damage":2,"enemies":"Exordium Thugs","floor":12,"turns":3},{"damage":18,"enemies":"Lagavulin","floor":13,"turns":7},{"damage":28,"enemies":"Large Slime","floor":14,"turns":6},{"damage":51,"enemies":"Hexaghost","floor":16,"turns":10},{"damage":10,"enemies":"Chosen","floor":18,"turns":5},{"damage":12,"enemies":"Shell Parasite","floor":21,"turns":3},{"damage":10,"enemies":"Chosen and Byrds","floor":24,"turns":5},{"damage":12,"enemies":"Snake Plant","floor":25,"turns":3},{"damage":48,"enemies":"Gremlin Leader","floor":27,"turns":5}],"seed_played":"-8670460095736857756","potions_obtained":[{"floor":1,"key":"Dexterity Potion"},{"floor":2,"key":"Weak Potion"},{"floor":4,"key":"Weak Potion"},{"floor":13,"key":"Block Potion"},{"floor":16,"key":"Weak Potion"},{"floor":18,"key":"SkillPotion"}],"is_trial":false,"path_per_floor":["M","M","?","M","M","R","M","R","T","M","$","M","E","M","R","B",null,"M","$","?","M","$","R","M","M","T"],"character_chosen":"IRONCLAD","items_purchased":["Armaments","Double Tap","Fire Breathing+1","Armaments","Inflame+1"],"campfire_rested":1,"item_purchase_floors":[11,11,19,19,22],"current_hp_per_floor":[80,80,69,71,62,62,68,68,68,58,58,62,50,28,52,7,80,76,76,60,54,54,54,50,44,44,0],"gold":213,"neow_bonus":"THREE_CARDS","is_prod":false,"is_daily":false,"chose_seed":false,"campfire_upgraded":2,"win_rate":0,"timestamp":1532765373,"path_taken":["M","M","?","M","M","R","M","R","T","?","$","M","E","M","R","BOSS","M","$","?","M","$","R","M","M","T","E"],"build_version":"2018-07-26","purchased_purges":0,"victory":false,"max_hp_per_floor":[80,80,80,80,80,80,80,80,80,80,80,80,80,80,80,80,80,80,80,80,80,80,80,80,80,80,80],"card_choices":[{"not_picked":["Thunderclap","Rupture"],"picked":"Perfected Strike","floor":0},{"not_picked":["Heavy Blade","True Grit"],"picked":"Inflame","floor":1},{"not_picked":["Heavy Blade","Corruption"],"picked":"Seeing Red","floor":2},{"not_picked":["Pommel Strike","Disarm"],"picked":"Cleave","floor":4},{"not_picked":["Entrench","Fire Breathing"],"picked":"Flex","floor":5},{"not_picked":["Combust","Cleave"],"picked":"Flex","floor":7},{"not_picked":["Headbutt","Combust+1"],"picked":"Armaments","floor":10},{"not_picked":["Twin Strike","Sword Boomerang"],"picked":"Iron Wave","floor":12},{"not_picked":["Pummel","Reckless Charge"],"picked":"Clothesline","floor":13},{"not_picked":["Clothesline","Pommel Strike"],"picked":"Twin Strike","floor":14},{"not_picked":["Fiend Fire","Berserk+1"],"picked":"Limit Break","floor":16},{"not_picked":["Hemokinesis","Blood for Blood"],"picked":"Headbutt","floor":18},{"not_picked":["Clothesline","Second Wind+1"],"picked":"Cleave","floor":21},{"not_picked":["True Grit","Anger"],"picked":"Headbutt+1","floor":24},{"not_picked":["Uppercut","Thunderclap"],"picked":"Entrench+1","floor":25}],"player_experience":66311,"relics_obtained":[{"floor":9,"key":"Frozen Egg 2"},{"floor":13,"key":"Girya"},{"floor":20,"key":"Necronomicon"},{"floor":26,"key":"Bottled Lightning"}],"event_choices":[{"event_name":"World of Goop","player_choice":"Gather Gold","floor":3,"damage_taken":0},{"event_name":"Cursed Tome","player_choice":"Obtained Book","floor":20,"damage_taken":0}],"is_beta":false,"boss_relics":[{"not_picked":["Pandora\u0027s Box","Snecko Eye"],"picked":"Velvet Choker"}],"items_purged_floors":[],"is_endless":false,"potions_floor_spawned":[1,2,4,13,16,18,21,24],"killed_by":"Gremlin Leader","ascension_level":0}