{"gold_per_floor":[118,118,138,138,138,138,165,176,201,230,230,247,247,274,274,353,353,373,384,384,18,18,18,43,59,112,122,149,149,149,164,164,240,240,252,266,266],"floor_reached":37,"playtime":1817,"items_purged":["Bite"],"score":812,"play_id":"94a25b21-03b1-4887-aef1-21eb5dd0002d","local_time":"20190205061810","is_ascension_mode":true,"campfire_choices":[{"data":"Defragment","floor":11,"key":"SMITH"},{"data":"Zap","floor":13,"key":"SMITH"},{"floor":15,"key":"REST"},{"data":"Machine Learning","floor":23,"key":"SMITH"},{"data":"Reboot","floor":29,"key":"SMITH"},{"floor":32,"key":"RECALL"}],"neow_cost":"TEN_PERCENT_HP_LOSS","seed_source_timestamp":1816784561265541,"circlet_count":0,"master_deck":["AscendersBane","Defend_B","Defend_B","Defend_B","Zap+1","Dualcast","Defragment+1","Streamline","Doom and Gloom","Leap","Reboot+1","Bite","Bite","Bite","Bite","Machine Learning+1","Decay","Leap+1","Loop+1","Echo Form","Capacitor"],"relics":["Cracked Core","Thread and Needle","FaceOfCleric","PreservedInsect","Ginger","Bag of Preparation","Happy Flower","Turnip","Cursed Key","Incense Burner","Dead Branch","Juzu Bracelet","Meat on the Bone","White Beast Statue"],"potions_floor_usage":[18,24,28],"damage_taken":[{"damage":0,"enemies":"Jaw Worm","floor":1,"turns":4},{"damage":0,"enemies":"Cultist","floor":3,"turns":3},{"damage":12,"enemies":"Gremlin Nob","floor":7,"turns":3},{"damage":0,"enemies":"2 Louse","floor":8,"turns":2},{"damage":27,"enemies":"3 Sentries","floor":10,"turns":5},{"damage":0,"enemies":"2 Fungi Beasts","floor":12,"turns":2},{"damage":14,"enemies":"Lagavulin","floor":14,"turns":5},{"damage":0,"enemies":"Slime Boss","floor":16,"turns":8},{"damage":1,"enemies":"3 Byrds","floor":18,"turns":5},{"damage":15,"enemies":"2 Thieves","floor":19,"turns":4},{"damage":17,"enemies":"Slavers","floor":24,"turns":4},{"damage":0,"enemies":"Centurion and Healer","floor":25,"turns":6},{"damage":6,"enemies":"Snecko","floor":27,"turns":4},{"damage":12,"enemies":"Book of Stabbing","floor":28,"turns":5},{"damage":12,"enemies":"Chosen and Byrds","floor":31,"turns":6},{"damage":30,"enemies":"Collector","floor":33,"turns":10},{"damage":24,"enemies":"3 Darklings","floor":35,"turns":7},{"damage":27,"enemies":"Orb Walker","floor":36,"turns":4},{"damage":73,"enemies":"2 Orb Walkers","floor":37,"turns":4}],"seed_played":"-76218668756426971","potions_obtained":[{"floor":8,"key":"Weak Potion"},{"floor":12,"key":"PowerPotion"},{"floor":24,"key":"EssenceOfSteel"},{"floor":25,"key":"Dexterity Potion"},{"floor":35,"key":"Poison Potion"},{"floor":36,"key":"FairyPotion"}],"is_trial":false,"path_per_floor":["M","?","M","?","?","?","E","M","T","E","R","M","R","E","R","B",null,"M","M","?","$","?","R","E","M","T","M","E","R","?","M","R","B",null,"M","M","?"],"character_chosen":"DEFECT","items_purchased":["Incense Burner"],"campfire_rested":1,"item_purchase_floors":[21],"current_hp_per_floor":[68,68,69,74,56,56,45,46,46,20,20,21,21,8,31,32,68,68,54,54,54,54,54,42,59,59,54,53,53,43,44,44,37,60,45,41,0],"gold":266,"neow_bonus":"ONE_RARE_RELIC","is_prod":false,"is_daily":false,"chose_seed":false,"campfire_upgraded":4,"win_rate":0,"timestamp":1549369090,"path_taken":["M","?","?","?","?","?","E","M","T","E","R","M","R","E","R","BOSS","M","M","?","$","?","R","E","M","T","M","E","R","?","M","R","BOSS","M","M","?"],"build_version":"2019-01-23","purchased_purges":1,"victory":false,"max_hp_per_floor":[68,68,69,74,74,74,75,76,76,77,77,78,78,79,79,80,80,81,82,57,57,57,57,58,59,59,60,61,61,66,67,67,68,68,69,70,70],"card_choices":[{"not_picked":["Streamline","Rebound"],"picked":"Defragment","floor":1},{"not_picked":["Rebound","Cold Snap"],"picked":"Streamline","floor":3},{"not_picked":["Steam","Beam Cell"],"picked":"Doom and Gloom","floor":7},{"not_picked":["Barrage","Cold Snap","Gash"],"picked":"SKIP","floor":8},{"not_picked":["Fission","Turbo","Sweeping Beam"],"picked":"SKIP","floor":10},{"not_picked":["Static Discharge","Fusion"],"picked":"Leap","floor":12},{"not_picked":["Steam Power","Steam","Hologram"],"picked":"SKIP","floor":14},{"not_picked":["Meteor Strike","Fission"],"picked":"Reboot","floor":16},{"not_picked":["Ball Lightning","Turbo","Redo"],"picked":"SKIP","floor":18},{"not_picked":["Double Energy","Hologram+1","Beam Cell"],"picked":"SKIP","floor":19},{"not_picked":["Streamline","Ball Lightning","Static Discharge"],"picked":"SKIP","floor":24},{"not_picked":["Scrape","Gash","Sweeping Beam"],"picked":"SKIP","floor":25},{"not_picked":["Streamline","Beam Cell","Ball Lightning"],"picked":"SKIP","floor":27},{"not_picked":["Fusion","Gash+1"],"picked":"Leap+1","floor":28},{"not_picked":["Sweeping Beam","Scrape"],"picked":"Loop+1","floor":31},{"not_picked":["Amplify","All For One"],"picked":"Echo Form","floor":33},{"not_picked":["Genetic Algorithm+1","Rebound","Steam"],"picked":"SKIP","floor":35},{"not_picked":["Fusion","Compile Driver"],"picked":"Capacitor","floor":36}],"player_experience":967904,"relics_obtained":[{"floor":7,"key":"Ginger"},{"floor":9,"key":"Bag of Preparation"},{"floor":10,"key":"Happy Flower"},{"floor":14,"key":"Turnip"},{"floor":24,"key":"Dead Branch"},{"floor":26,"key":"Juzu Bracelet"},{"floor":28,"key":"Meat on the Bone"}],"event_choices":[{"damage_healed":0,"gold_gain":0,"player_choice":"Trade","damage_taken":0,"relics_obtained":["FaceOfCleric"],"max_hp_gain":0,"max_hp_loss":0,"event_name":"FaceTrader","floor":2,"gold_loss":0},{"damage_healed":0,"gold_gain":0,"player_choice":"Donut","damage_taken":0,"max_hp_gain":5,"max_hp_loss":0,"event_name":"Big Fish","floor":4,"gold_loss":0},{"damage_healed":0,"gold_gain":0,"player_choice":"Success","damage_taken":18,"relics_obtained":["PreservedInsect"],"max_hp_gain":0,"max_hp_loss":0,"event_name":"Scrap Ooze","floor":5,"gold_loss":0},{"damage_healed":0,"gold_gain":0,"player_choice":"Ignored","damage_taken":0,"max_hp_gain":0,"max_hp_loss":0,"event_name":"Liars Game","floor":6,"gold_loss":0},{"damage_healed":0,"gold_gain":0,"player_choice":"Became a vampire","damage_taken":0,"max_hp_gain":0,"max_hp_loss":25,"event_name":"Vampires","floor":20,"gold_loss":0,"cards_obtained":["Bite","Bite","Bite","Bite","Bite"]},{"damage_healed":0,"gold_gain":0,"cards_transformed":["Defend_B"],"player_choice":"Transformed","damage_taken":0,"max_hp_gain":0,"max_hp_loss":0,"event_name":"Transmorgrifier","floor":22,"gold_loss":0,"cards_obtained":["Machine Learning"]},{"damage_healed":0,"gold_gain":0,"player_choice":"Shed Blood","damage_taken":15,"max_hp_gain":5,"max_hp_loss":0,"event_name":"Forgotten Altar","floor":30,"gold_loss":0},{"damage_healed":0,"gold_gain":0,"player_choice":"Fight","damage_taken":0,"max_hp_gain":0,"max_hp_loss":0,"event_name":"Mysterious Sphere","floor":37,"gold_loss":0}],"is_beta":false,"boss_relics":[{"not_picked":["Eternal Feather","Astrolabe"],"picked":"Cursed Key"},{"not_picked":["Pandora\u0027s Box","Nuclear Battery"],"picked":"White Beast Statue"}],"items_purged_floors":[21],"is_endless":false,"potions_floor_spawned":[8,12,24,25,27,35,36],"killed_by":"2 Orb Walkers","ascension_level":13}