{"gold_per_floor":[119,139,62,72,82,82,112,124,124,124,124],"floor_reached":11,"playtime":1013,"items_purged":[],"score":75,"play_id":"d98ca091-b7b0-45d4-bd83-b08d97112cd3","local_time":"20190302185158","is_ascension_mode":false,"campfire_choices":[{"data":"Double Tap","floor":6,"key":"SMITH"},{"floor":10,"key":"REST"}],"neow_cost":"NONE","seed_source_timestamp":584407036347193,"circlet_count":0,"master_deck":["Strike_R","Strike_R","Strike_R","Strike_R","Strike_R","Defend_R","Defend_R","Defend_R","Defend_R","Bash","Warcry","Disarm","Feel No Pain","Shrug It Off","Double Tap+1","Searing Blow","Intimidate"],"special_seed":0,"relics":["Burning Blood","NeowsBlessing","Self Forming Clay","Gremlin Horn"],"potions_floor_usage":[8,8],"damage_taken":[{"damage":0,"enemies":"Cultist","floor":1,"turns":1},{"damage":0,"enemies":"2 Louse","floor":2,"turns":1},{"damage":0,"enemies":"Small Slimes","floor":4,"turns":1},{"damage":18,"enemies":"3 Louse","floor":5,"turns":7},{"damage":65,"enemies":"Gremlin Nob","floor":7,"turns":7},{"damage":20,"enemies":"Exordium Wildlife","floor":8,"turns":8},{"damage":43,"enemies":"Lagavulin","floor":11,"turns":9}],"seed_played":"-4869836716111832401","potions_obtained":[{"floor":1,"key":"SpeedPotion"},{"floor":4,"key":"SpeedPotion"},{"floor":5,"key":"Regen Potion"}],"is_trial":false,"path_per_floor":["M","M","$","M","M","R","E","M","T","R","E"],"character_chosen":"IRONCLAD","items_purchased":["Feel No Pain"],"campfire_rested":1,"item_purchase_floors":[3],"current_hp_per_floor":[80,80,80,80,68,68,9,10,10,34,0],"gold":124,"neow_bonus":"THREE_ENEMY_KILL","is_prod":false,"is_daily":false,"chose_seed":true,"campfire_upgraded":1,"win_rate":0.0,"timestamp":1551577918,"path_taken":["M","M","?","M","M","R","E","M","T","R","E"],"build_version":"2019-01-23","purchased_purges":0,"victory":false,"max_hp_per_floor":[80,80,80,80,80,80,80,80,80,80,80],"card_choices":[{"not_picked":["Evolve","Heavy Blade"],"picked":"Warcry","floor":1},{"not_picked":["Anger","Searing Blow"],"picked":"Disarm","floor":2},{"not_picked":["Cleave","Disarm"],"picked":"Shrug It Off","floor":4},{"not_picked":["Ghostly Armor","Sever Soul"],"picked":"Double Tap","floor":5},{"not_picked":["Cleave","True Grit"],"picked":"Searing Blow","floor":7},{"not_picked":["Heavy Blade","Pommel Strike"],"picked":"Intimidate","floor":8}],"player_experience":39786,"relics_obtained":[{"floor":7,"key":"Self Forming Clay"},{"floor":9,"key":"Gremlin Horn"}],"event_choices":[],"is_beta":false,"boss_relics":[],"items_purged_floors":[],"is_endless":false,"potions_floor_spawned":[1,4,5],"killed_by":"Lagavulin","ascension_level":0}