{"gold_per_floor":[113,124,124,144,160,188,188,223,223,223],"floor_reached":10,"playtime":589,"items_purged":[],"score":121,"play_id":"90f218b0-9a70-4abd-8cba-773987f2bbb2","local_time":"20190123193922","is_ascension_mode":true,"campfire_choices":[{"floor":7,"key":"REST"}],"neow_cost":"NONE","seed_source_timestamp":1132839676005435,"circlet_count":0,"master_deck":["AscendersBane","Strike_R","Strike_R","Strike_R","Strike_R","Strike_R","Defend_R","Defend_R","Defend_R","Defend_R","Bash","Shrug It Off","Pommel Strike","Decay","Hemokinesis","Armaments","Battle Trance"],"relics":["Burning Blood","Potion Belt","Smiling Mask","Darkstone Periapt","Frozen Egg 2"],"potions_floor_usage":[10],"damage_taken":[{"damage":6,"enemies":"Jaw Worm","floor":1,"turns":6},{"damage":1,"enemies":"Cultist","floor":2,"turns":4},{"damage":9,"enemies":"Small Slimes","floor":4,"turns":3},{"damage":13,"enemies":"3 Louse","floor":5,"turns":4},{"damage":49,"enemies":"3 Sentries","floor":6,"turns":12},{"damage":45,"enemies":"Gremlin Nob","floor":8,"turns":5},{"damage":10,"enemies":"Blue Slaver","floor":10,"turns":3}],"seed_played":"-6231318068421885059","potions_obtained":[{"floor":5,"key":"Ancient Potion"},{"floor":6,"key":"Energy Potion"}],"is_trial":false,"path_per_floor":["M","M","?","M","M","E","R","E","T","M"],"character_chosen":"IRONCLAD","items_purchased":[],"campfire_rested":1,"item_purchase_floors":[],"current_hp_per_floor":[72,77,77,74,67,24,48,9,9,0],"gold":223,"neow_bonus":"RANDOM_COMMON_RELIC","is_prod":false,"is_daily":false,"chose_seed":false,"campfire_upgraded":0,"win_rate":0,"timestamp":1548290362,"path_taken":["M","M","?","M","M","E","R","E","T","?"],"build_version":"2019-01-23","purchased_purges":0,"victory":false,"max_hp_per_floor":[80,80,80,80,80,80,80,80,80,80],"card_choices":[{"not_picked":["Cleave","Armaments"],"picked":"Shrug It Off","floor":1},{"not_picked":["Sword Boomerang","True Grit"],"picked":"Pommel Strike","floor":2},{"not_picked":["Rupture","Disarm"],"picked":"Hemokinesis","floor":4},{"not_picked":["Sword Boomerang","Shrug It Off"],"picked":"Armaments","floor":5},{"not_picked":["Pommel Strike","Power Through"],"picked":"Battle Trance","floor":6},{"not_picked":["Berserk","Intimidate","Reckless Charge"],"picked":"SKIP","floor":8}],"player_experience":489146,"relics_obtained":[{"floor":6,"key":"Smiling Mask"},{"floor":8,"key":"Darkstone Periapt"},{"floor":9,"key":"Frozen Egg 2"}],"event_choices":[{"damage_healed":0,"gold_gain":0,"player_choice":"Cursed","damage_taken":0,"max_hp_gain":0,"max_hp_loss":0,"event_name":"Wheel of Change","floor":3,"gold_loss":0,"cards_obtained":["Decay"]}],"is_beta":false,"boss_relics":[],"items_purged_floors":[],"is_endless":false,"potions_floor_spawned":[5,6],"killed_by":"Blue Slaver","ascension_level":11}