{"gold_per_floor":[112,112,132,92,103,133,133,158,185,201,220,220,20,50,50,147,147,163,163,163,163,182,215,226,226,249,262,262],"floor_reached":28,"playtime":8050,"items_purged":[],"score":412,"play_id":"e664ff76-fd16-4ad6-bf7c-88a964f9ba19","local_time":"20190119172708","is_ascension_mode":true,"campfire_choices":[{"data":"Buffer","floor":7,"key":"SMITH"},{"floor":12,"key":"REST"},{"data":"Zap","floor":15,"key":"SMITH"},{"data":"Biased Cognition","floor":25,"key":"SMITH"}],"neow_cost":"NONE","seed_source_timestamp":380358824807435,"circlet_count":0,"master_deck":["AscendersBane","Strike_B+1","Strike_B+1","Strike_B+1","Strike_B+1","Defend_B+1","Defend_B+1","Defend_B+1","Defend_B+1","Zap+1","Dualcast","Compile Driver+1","Coolheaded","Rip and Tear","Buffer+1","Core Surge","Self Repair","BootSequence","Biased Cognition+1","Coolheaded","Undo"],"relics":["Cracked Core","NeowsBlessing","Regal Pillow","Whetstone","Centennial Puzzle","Lee\u0027s Waffle","Strawberry","Inserter","Pantograph","MutagenicStrength","Pocketwatch","Blood Vial"],"potions_floor_usage":[23],"damage_taken":[{"damage":0,"enemies":"Jaw Worm","floor":1,"turns":1},{"damage":0,"enemies":"Small Slimes","floor":3,"turns":1},{"damage":0,"enemies":"Cultist","floor":5,"turns":1},{"damage":38,"enemies":"Lagavulin","floor":6,"turns":9},{"damage":26,"enemies":"Gremlin Nob","floor":8,"turns":5},{"damage":0,"enemies":"Looter","floor":10,"turns":3},{"damage":2,"enemies":"Exordium Wildlife","floor":11,"turns":4},{"damage":32,"enemies":"3 Sentries","floor":14,"turns":8},{"damage":21,"enemies":"The Guardian","floor":16,"turns":13},{"damage":15,"enemies":"Shell Parasite","floor":18,"turns":6},{"damage":0,"enemies":"Spheric Guardian","floor":22,"turns":3},{"damage":32,"enemies":"Slavers","floor":23,"turns":8},{"damage":0,"enemies":"Centurion and Healer","floor":24,"turns":8},{"damage":0,"enemies":"Cultist and Chosen","floor":27,"turns":6},{"damage":70,"enemies":"Gremlin Leader","floor":28,"turns":8}],"seed_played":"-5029231820655138980","potions_obtained":[{"floor":4,"key":"LiquidBronze"},{"floor":4,"key":"Block Potion"},{"floor":4,"key":"FearPotion"},{"floor":5,"key":"Explosive Potion"},{"floor":22,"key":"Ancient Potion"},{"floor":23,"key":"Block Potion"}],"is_trial":false,"path_per_floor":["M","?","M","?","M","E","R","E","T","M","M","R","$","E","R","B",null,"M","?","T","?","M","E","M","R","T","M","E"],"character_chosen":"DEFECT","items_purchased":["Lee\u0027s Waffle"],"campfire_rested":1,"item_purchase_floors":[13],"current_hp_per_floor":[68,73,73,73,73,35,35,9,9,9,7,46,87,69,69,55,84,69,69,69,69,69,44,51,51,51,60,0],"gold":262,"neow_bonus":"THREE_ENEMY_KILL","is_prod":false,"is_daily":false,"chose_seed":false,"campfire_upgraded":3,"win_rate":0,"timestamp":1547940428,"path_taken":["M","?","M","?","?","E","R","E","T","M","M","R","$","E","R","BOSS","M","?","?","?","M","E","M","R","T","M","E"],"build_version":"2019-01-17v2","purchased_purges":0,"victory":false,"max_hp_per_floor":[75,80,80,80,80,80,80,80,80,80,80,80,87,94,94,94,94,94,94,94,94,94,94,94,94,94,94,94],"card_choices":[{"not_picked":["Steam","Hologram"],"picked":"Compile Driver","floor":1},{"not_picked":["Rebound","Steam"],"picked":"Coolheaded","floor":3},{"not_picked":["Aggregate","Stack"],"picked":"Rip and Tear","floor":5},{"not_picked":["Loop","Coolheaded"],"picked":"Buffer","floor":6},{"not_picked":["Ball Lightning","Stack"],"picked":"Core Surge","floor":8},{"not_picked":["Turbo","Genetic Algorithm"],"picked":"Self Repair","floor":10},{"not_picked":["Stack","Turbo","Streamline"],"picked":"SKIP","floor":11},{"not_picked":["Melter","Rebound"],"picked":"BootSequence","floor":14},{"not_picked":["Fission","Thunder Strike"],"picked":"Biased Cognition","floor":16},{"not_picked":["Steam Power+1","Rip and Tear"],"picked":"Coolheaded","floor":18},{"not_picked":["Rebound","Compile Driver","Beam Cell"],"picked":"SKIP","floor":22},{"not_picked":["Genetic Algorithm","Beam Cell"],"picked":"Undo","floor":23},{"not_picked":["Tempest","Gash+1","Static Discharge"],"picked":"SKIP","floor":24},{"not_picked":["Cold Snap","Go for the Eyes","Sweeping Beam+1"],"picked":"SKIP","floor":27}],"player_experience":781028,"relics_obtained":[{"floor":6,"key":"Regal Pillow"},{"floor":8,"key":"Whetstone"},{"floor":9,"key":"Centennial Puzzle"},{"floor":14,"key":"Strawberry"},{"floor":20,"key":"Pantograph"},{"floor":23,"key":"Pocketwatch"},{"floor":26,"key":"Blood Vial"}],"event_choices":[{"damage_healed":0,"gold_gain":0,"player_choice":"Donut","damage_taken":0,"max_hp_gain":5,"max_hp_loss":0,"event_name":"Big Fish","floor":2,"gold_loss":0},{"damage_healed":0,"gold_gain":0,"player_choice":"Bought 3 Potions","damage_taken":0,"max_hp_gain":0,"max_hp_loss":0,"event_name":"The Woman in Blue","floor":4,"gold_loss":0},{"damage_healed":0,"gold_gain":0,"player_choice":"Simplicity","damage_taken":0,"max_hp_gain":0,"max_hp_loss":0,"event_name":"Back to Basics","floor":19,"gold_loss":0,"cards_upgraded":["Strike_B","Strike_B","Strike_B","Defend_B","Defend_B","Defend_B","Defend_B"]},{"damage_healed":0,"gold_gain":0,"player_choice":"Inject Mutagens","damage_taken":0,"relics_obtained":["MutagenicStrength"],"max_hp_gain":0,"max_hp_loss":0,"event_name":"Drug Dealer","floor":21,"gold_loss":0}],"is_beta":false,"boss_relics":[{"not_picked":["Snecko Eye","White Beast Statue"],"picked":"Inserter"}],"items_purged_floors":[],"is_endless":false,"potions_floor_spawned":[5,6,10,16,22,23,27],"killed_by":"Gremlin Leader","ascension_level":10}