{"gold_per_floor":[113,123,73,73,87,87,116,135,218,218,229,36,51,51],"floor_reached":14,"playtime":488,"items_purged":[],"score":152,"play_id":"b7b24693-54d4-4f0a-9f67-84e674765b9e","local_time":"20190205211731","is_ascension_mode":true,"campfire_choices":[{"data":"Coolheaded","floor":6,"key":"SMITH"},{"data":"Go for the Eyes","floor":10,"key":"SMITH"}],"neow_cost":"TEN_PERCENT_HP_LOSS","seed_source_timestamp":1872077046984641,"circlet_count":0,"master_deck":["AscendersBane","Strike_B","Defend_B","Defend_B","Defend_B","Defend_B","Zap+1","Dualcast","Coolheaded+1","Go for the Eyes+1","Genetic Algorithm","Sweeping Beam","Doom and Gloom","White Noise"],"relics":["Cracked Core","Kunai","Tiny Chest","Toy Ornithopter"],"potions_floor_usage":[7,11,14],"damage_taken":[{"damage":0,"enemies":"2 Louse","floor":1,"turns":2},{"damage":2,"enemies":"Jaw Worm","floor":2,"turns":3},{"damage":0,"enemies":"Cultist","floor":5,"turns":3},{"damage":45,"enemies":"Gremlin Nob","floor":7,"turns":6},{"damage":17,"enemies":"Gremlin Gang","floor":8,"turns":4},{"damage":2,"enemies":"3 Louse","floor":11,"turns":3},{"damage":0,"enemies":"2 Fungi Beasts","floor":13,"turns":2},{"damage":7,"enemies":"Exordium Wildlife","floor":14,"turns":1}],"seed_played":"-4737127345537643588","potions_obtained":[{"floor":5,"key":"FocusPotion"},{"floor":8,"key":"EssenceOfSteel"},{"floor":13,"key":"Ancient Potion"}],"is_trial":false,"path_per_floor":["M","M","?","?","M","R","E","M","T","R","M","$","M","M"],"character_chosen":"DEFECT","items_purchased":["Toy Ornithopter"],"campfire_rested":0,"item_purchase_floors":[12],"current_hp_per_floor":[68,66,66,66,66,66,21,4,4,4,2,2,2,0],"gold":51,"neow_bonus":"REMOVE_TWO","is_prod":false,"is_daily":false,"chose_seed":false,"campfire_upgraded":2,"win_rate":0,"timestamp":1549423051,"path_taken":["M","M","?","?","?","R","E","M","T","R","?","$","M","M"],"build_version":"2019-01-23","purchased_purges":0,"victory":false,"max_hp_per_floor":[68,68,68,68,68,68,68,68,68,68,68,68,68,68],"card_choices":[{"not_picked":["Tempest","Hello World"],"picked":"Coolheaded","floor":1},{"not_picked":["Beam Cell","Cold Snap"],"picked":"Go for the Eyes","floor":2},{"not_picked":["Leap","Go for the Eyes"],"picked":"Genetic Algorithm","floor":5},{"not_picked":["Redo","Steam"],"picked":"Sweeping Beam","floor":7},{"not_picked":["Gash","Beam Cell"],"picked":"Doom and Gloom","floor":8},{"not_picked":["Sunder","Barrage","Go for the Eyes"],"picked":"SKIP","floor":11},{"not_picked":["Steam","Static Discharge"],"picked":"White Noise","floor":13}],"player_experience":969721,"relics_obtained":[{"floor":7,"key":"Kunai"},{"floor":9,"key":"Tiny Chest"}],"event_choices":[{"cards_removed":["Strike_B"],"damage_healed":0,"gold_gain":0,"player_choice":"Card Removal","damage_taken":0,"max_hp_gain":0,"max_hp_loss":0,"event_name":"The Cleric","floor":3,"gold_loss":50},{"damage_healed":0,"gold_gain":0,"player_choice":"Forge","damage_taken":0,"max_hp_gain":0,"max_hp_loss":0,"event_name":"Accursed Blacksmith","floor":4,"gold_loss":0,"cards_upgraded":["Zap"]}],"is_beta":false,"boss_relics":[],"items_purged_floors":[],"is_endless":false,"potions_floor_spawned":[5,8,13],"killed_by":"Exordium Wildlife","ascension_level":13}