{"gold_per_floor":[117,40,58,71,37,66,66,130,153,177,177,209,209,240,240,341,341,357,457,657,267,283,311,330,330,330,1,17,36,61,89,101,213,225,254,266,294,326,56,87,87,115,115,148,163,163,163,179,179,179],"floor_reached":51,"playtime":5166,"items_purged":["Strike_G"],"score":973,"play_id":"d9b9f592-442a-4555-a744-a499b13dec51","local_time":"20181118144108","is_ascension_mode":true,"campfire_choices":[{"data":"Well Laid Plans","floor":7,"key":"SMITH"},{"data":"Neutralize","floor":11,"key":"SMITH"},{"data":"Footwork","floor":15,"key":"SMITH"},{"floor":25,"key":"REST"},{"floor":32,"key":"REST"},{"floor":41,"key":"REST"},{"floor":46,"key":"REST"},{"floor":49,"key":"REST"}],"neow_cost":"NONE","seed_source_timestamp":2788663895988,"circlet_count":0,"master_deck":["Defend_G","Defend_G","Defend_G","Defend_G","Defend_G","Strike_G","Strike_G","Strike_G","Strike_G+1","Survivor","Neutralize+1","Well Laid Plans+1","Predator","Finisher","Dash","Infinite Blades","All Out Attack+1","Backstab","Footwork+1","PiercingWail+1","Storm of Steel","Accuracy","Backstab","Acrobatics+1","Slice+1","Blur","Leg Sweep","Choke+1","Cloak And Dagger","After Image","A Thousand Cuts","Escape Plan+1","Calculated Gamble+1","Flying Knee+1","Night Terror","Backflip+1","Acrobatics","Acrobatics+1","Terror+1","Cloak And Dagger+1","Blur+1"],"relics":["Ring of the Snake","Orichalcum","Tiny Chest","Whetstone","Strawberry","Mummified Hand","Dream Catcher","Bag of Marbles","Fusion Hammer","Du-Vu Doll","Pantograph","Kunai","Oddly Smooth Stone","Omamori","Ornamental Fan","MawBank","Sozu","HandDrill","FossilizedHelix","Question Card","Dead Branch","Anchor"],"potions_floor_usage":[8,19,19,19,23,24,29],"damage_taken":[{"damage":0,"enemies":"2 Louse","floor":1,"turns":2},{"damage":1,"enemies":"Jaw Worm","floor":3,"turns":4},{"damage":0,"enemies":"Small Slimes","floor":4,"turns":2},{"damage":17,"enemies":"Lagavulin","floor":6,"turns":8},{"damage":2,"enemies":"Gremlin Nob","floor":8,"turns":4},{"damage":4,"enemies":"3 Sentries","floor":12,"turns":5},{"damage":6,"enemies":"Gremlin Nob","floor":14,"turns":3},{"damage":7,"enemies":"The Guardian","floor":16,"turns":13},{"damage":1,"enemies":"2 Thieves","floor":18,"turns":3},{"damage":0,"enemies":"Colosseum Slavers","floor":19,"turns":3},{"damage":0,"enemies":"Colosseum Nobs","floor":19,"turns":3},{"damage":0,"enemies":"3 Byrds","floor":22,"turns":5},{"damage":10,"enemies":"Slavers","floor":23,"turns":5},{"damage":8,"enemies":"Snake Plant","floor":24,"turns":3},{"damage":2,"enemies":"Centurion and Healer","floor":28,"turns":5},{"damage":0,"enemies":"Shelled Parasite and Fungi","floor":29,"turns":6},{"damage":0,"enemies":"Gremlin Leader","floor":30,"turns":6},{"damage":0,"enemies":"Snecko","floor":31,"turns":3},{"damage":4,"enemies":"Collector","floor":33,"turns":12},{"damage":0,"enemies":"Orb Walker","floor":35,"turns":5},{"damage":15,"enemies":"3 Darklings","floor":37,"turns":6},{"damage":0,"enemies":"Writhing Mass","floor":38,"turns":6},{"damage":10,"enemies":"Reptomancer","floor":40,"turns":7},{"damage":15,"enemies":"Giant Head","floor":42,"turns":12},{"damage":0,"enemies":"Reptomancer","floor":44,"turns":6},{"damage":0,"enemies":"Maw","floor":45,"turns":6},{"damage":0,"enemies":"3 Darklings","floor":48,"turns":4},{"damage":13,"enemies":"Donu and Deca","floor":50,"turns":10}],"seed_played":"-1339446271872709377","potions_obtained":[{"floor":1,"key":"GhostInAJar"},{"floor":6,"key":"AttackPotion"},{"floor":8,"key":"SteroidPotion"},{"floor":12,"key":"Explosive Potion"},{"floor":19,"key":"SkillPotion"},{"floor":22,"key":"Poison Potion"},{"floor":28,"key":"GhostInAJar"},{"floor":30,"key":"Energy Potion"},{"floor":33,"key":"Ancient Potion"}],"is_trial":false,"path_per_floor":["M","$","M","M","?","E","R","E","T","T","R","E","?","E","R","B",null,"M","?","?","$","M","E","M","R","T","$","M","M","E","M","R","B",null,"M","?","M","M","$","E","R","E","T","E","M","R","?","M","R","B",null],"character_chosen":"THE_SILENT","items_purchased":["Predator","Kunai","Storm of Steel","Accuracy","Ornamental Fan","Blur","HandDrill"],"campfire_rested":5,"item_purchase_floors":[2,21,21,21,27,27,39],"current_hp_per_floor":[70,70,69,69,69,52,52,50,50,57,57,53,50,44,44,37,77,76,76,76,76,76,66,58,77,77,77,75,75,75,75,77,73,77,77,77,62,62,62,52,75,60,60,60,60,77,77,77,77,64],"gold":179,"neow_bonus":"THREE_CARDS","is_prod":false,"is_daily":false,"chose_seed":false,"campfire_upgraded":3,"win_rate":0,"timestamp":1542548468,"path_taken":["M","$","M","M","?","E","R","E","T","?","R","E","?","E","R","BOSS","M","?","?","$","M","E","M","R","T","$","M","M","E","?","R","BOSS","M","?","?","M","$","E","R","E","T","E","M","R","?","M","R","BOSS"],"build_version":"2018-11-01","purchased_purges":1,"victory":true,"max_hp_per_floor":[70,70,70,70,70,70,70,70,70,77,77,77,77,77,77,77,77,77,77,77,77,77,77,77,77,77,77,77,77,77,77,77,77,77,77,77,77,77,77,77,77,77,77,77,77,77,77,77,77,77],"card_choices":[{"not_picked":["Terror","Bane"],"picked":"Well Laid Plans","floor":0},{"not_picked":["Setup","Well Laid Plans","Outmaneuver"],"picked":"SKIP","floor":1},{"not_picked":["Heel Hook","Accuracy"],"picked":"Finisher","floor":3},{"not_picked":["Heel Hook","Sucker Punch"],"picked":"Dash","floor":4},{"not_picked":["Backflip","Crippling Poison"],"picked":"Infinite Blades","floor":6},{"not_picked":["Sucker Punch","Calculated Gamble"],"picked":"All Out Attack","floor":8},{"not_picked":["Terror","Deflect"],"picked":"Backstab","floor":12},{"not_picked":["Eviscerate","Cloak And Dagger"],"picked":"Footwork","floor":14},{"not_picked":["Underhanded Strike","Masterful Stab","Flechettes+1"],"picked":"SKIP","floor":18},{"not_picked":["Cloak And Dagger","Sucker Punch"],"picked":"PiercingWail+1","floor":19},{"not_picked":["Endless Agony","PiercingWail"],"picked":"Backstab","floor":22},{"not_picked":["Distraction","Storm of Steel","Blade Dance"],"picked":"SKIP","floor":23},{"not_picked":["Distraction","Storm of Steel","Blade Dance"],"picked":"SKIP","floor":23},{"not_picked":["Deflect","Slice"],"picked":"Acrobatics+1","floor":24},{"not_picked":["Skewer","PiercingWail"],"picked":"Slice+1","floor":25},{"not_picked":["Catalyst+1","Dodge and Roll","Concentrate"],"picked":"SKIP","floor":28},{"not_picked":["Deadly Poison","Sucker Punch+1"],"picked":"Leg Sweep","floor":29},{"not_picked":["Dagger Throw+1","Dodge and Roll"],"picked":"Choke+1","floor":30},{"not_picked":["Outmaneuver+1","Underhanded Strike"],"picked":"Cloak And Dagger","floor":31},{"not_picked":["Escape Plan","Flying Knee"],"picked":"After Image","floor":32},{"not_picked":["Tools of the Trade","Corpse Explosion"],"picked":"A Thousand Cuts","floor":33},{"not_picked":["Sucker Punch+1","Slice+1"],"picked":"Escape Plan+1","floor":35},{"not_picked":["Poisoned Stab","Dagger Spray+1"],"picked":"Calculated Gamble+1","floor":37},{"not_picked":["Venomology","Tactician"],"picked":"Flying Knee+1","floor":38},{"not_picked":["Slice+1","Tactician"],"picked":"Night Terror","floor":40},{"not_picked":["Masterful Stab+1","Sucker Punch+1"],"picked":"Backflip+1","floor":41},{"not_picked":["Underhanded Strike+1","Flying Knee+1","Deadly Poison"],"picked":"SKIP","floor":42},{"not_picked":["Concentrate","Deadly Poison","Slice+1"],"picked":"Acrobatics","floor":44},{"not_picked":["Burst","Underhanded Strike+1","Finisher"],"picked":"Acrobatics+1","floor":45},{"not_picked":["Underhanded Strike+1","Dagger Spray+1","Deflect"],"picked":"Terror+1","floor":46},{"not_picked":["Dash","Endless Agony+1","Leg Sweep+1"],"picked":"Cloak And Dagger+1","floor":48},{"not_picked":["PiercingWail+1","Slice","Outmaneuver"],"picked":"Blur+1","floor":49}],"player_experience":251770,"relics_obtained":[{"floor":6,"key":"Orichalcum"},{"floor":8,"key":"Tiny Chest"},{"floor":9,"key":"Whetstone"},{"floor":10,"key":"Strawberry"},{"floor":12,"key":"Mummified Hand"},{"floor":14,"key":"Bag of Marbles"},{"floor":19,"key":"Du-Vu Doll"},{"floor":19,"key":"Pantograph"},{"floor":23,"key":"Oddly Smooth Stone"},{"floor":26,"key":"Omamori"},{"floor":30,"key":"MawBank"},{"floor":40,"key":"FossilizedHelix"},{"floor":42,"key":"Question Card"},{"floor":43,"key":"Dead Branch"},{"floor":44,"key":"Anchor"}],"event_choices":[{"damage_healed":0,"gold_gain":0,"player_choice":"Left Gold","damage_taken":0,"max_hp_gain":0,"max_hp_loss":0,"event_name":"World of Goop","floor":5,"gold_loss":34},{"damage_healed":0,"gold_gain":0,"player_choice":"Success","damage_taken":3,"relics_obtained":["Dream Catcher"],"max_hp_gain":0,"max_hp_loss":0,"event_name":"Scrap Ooze","floor":13,"gold_loss":0},{"damage_healed":0,"gold_gain":0,"player_choice":"Fight","damage_taken":0,"max_hp_gain":0,"max_hp_loss":0,"event_name":"Colosseum","floor":19,"gold_loss":0},{"damage_healed":0,"gold_gain":0,"player_choice":"Fought Nobs","damage_taken":0,"max_hp_gain":0,"max_hp_loss":0,"event_name":"Colosseum","floor":19,"gold_loss":0},{"damage_healed":0,"gold_gain":250,"player_choice":"Bet on Owner","damage_taken":0,"max_hp_gain":0,"max_hp_loss":0,"event_name":"The Joust","floor":20,"gold_loss":50},{"damage_healed":0,"gold_gain":0,"player_choice":"Ignored","damage_taken":0,"max_hp_gain":0,"max_hp_loss":0,"event_name":"SecretPortal","floor":36,"gold_loss":0},{"damage_healed":0,"gold_gain":0,"player_choice":"Memory 1","damage_taken":0,"max_hp_gain":0,"max_hp_loss":0,"event_name":"SensoryStone","floor":47,"gold_loss":0}],"is_beta":false,"boss_relics":[{"not_picked":["Coffee Dripper","Snecko Eye"],"picked":"Fusion Hammer"},{"not_picked":["Astrolabe","Velvet Choker"],"picked":"Sozu"}],"items_purged_floors":[39],"is_endless":false,"potions_floor_spawned":[1,6,8,12,16,19,19,22,28,30,33,35,37,40,44,48],"ascension_level":3}