{"gold_per_floor":[11,27,39,0,14,48,48,113,113,113,129,145,145,161,161,256,256,272,11,22,40,55,85,99,110,110,210,210,222,222,234,234,334,334,346,346,358,378,393,393,393],"floor_reached":41,"playtime":3722,"items_purged":[],"score":448,"play_id":"c7dcb6c2-86e9-457d-994e-3d06b388a2cd","local_time":"20190219134631","is_ascension_mode":false,"campfire_choices":[{"data":"Uppercut","floor":7,"key":"SMITH"},{"data":"Immolate","floor":13,"key":"SMITH"},{"floor":15,"key":"REST"},{"data":"Uppercut","floor":30,"key":"SMITH"},{"floor":32,"key":"REST"},{"data":"Apotheosis","floor":40,"key":"SMITH"}],"neow_cost":"NO_GOLD","seed_source_timestamp":49818004346914,"circlet_count":0,"master_deck":["Strike_R","Strike_R","Strike_R","Strike_R","Defend_R","Defend_R","Defend_R","Bash","Perfected Strike","Uppercut+1","Warcry","Immolate+1","Perfected Strike","Double Tap","Uppercut+1","Wild Strike","Dropkick","Dropkick","Twin Strike+1","Pommel Strike+1","Thunderclap","Wild Strike+1","Wild Strike","Warcry","Twin Strike+1","Double Tap","Shrug It Off+1","Apotheosis+1","Thunderclap+1","Perfected Strike","Wild Strike+1"],"relics":["Black Blood","Bottled Flame","Ginger","Pocketwatch","Matryoshka","Orrery","Meat on the Bone","Sundial","Happy Flower","Kunai","Charon\u0027s Ashes","Mercury Hourglass"],"potions_floor_usage":[6,16,21,29,33,33,33,41],"damage_taken":[{"damage":9,"enemies":"2 Louse","floor":1,"turns":4},{"damage":14,"enemies":"Small Slimes","floor":2,"turns":3},{"damage":6,"enemies":"Jaw Worm","floor":3,"turns":2},{"damage":0,"enemies":"3 Louse","floor":5,"turns":4},{"damage":31,"enemies":"Lagavulin","floor":6,"turns":6},{"damage":10,"enemies":"Gremlin Nob","floor":8,"turns":3},{"damage":2,"enemies":"Looter","floor":11,"turns":2},{"damage":11,"enemies":"Blue Slaver","floor":12,"turns":3},{"damage":8,"enemies":"Red Slaver","floor":14,"turns":2},{"damage":44,"enemies":"Hexaghost","floor":16,"turns":9},{"damage":0,"enemies":"2 Thieves","floor":18,"turns":1},{"damage":0,"enemies":"3 Byrds","floor":20,"turns":1},{"damage":18,"enemies":"3 Cultists","floor":21,"turns":3},{"damage":0,"enemies":"Snecko","floor":22,"turns":2},{"damage":32,"enemies":"Slavers","floor":23,"turns":2},{"damage":10,"enemies":"Cultist and Chosen","floor":24,"turns":2},{"damage":0,"enemies":"Snake Plant","floor":25,"turns":2},{"damage":25,"enemies":"Colosseum Slavers","floor":27,"turns":2},{"damage":0,"enemies":"Colosseum Nobs","floor":27,"turns":2},{"damage":20,"enemies":"Centurion and Healer","floor":29,"turns":3},{"damage":0,"enemies":"Snecko","floor":31,"turns":2},{"damage":73,"enemies":"Champ","floor":33,"turns":8},{"damage":0,"enemies":"3 Darklings","floor":35,"turns":1},{"damage":19,"enemies":"3 Shapes","floor":37,"turns":2},{"damage":0,"enemies":"Transient","floor":38,"turns":5},{"damage":21,"enemies":"Maw","floor":39,"turns":6},{"damage":69,"enemies":"Nemesis","floor":41,"turns":6}],"seed_played":"4443171210425296834","potions_obtained":[{"floor":5,"key":"Fire Potion"},{"floor":8,"key":"Swift Potion"},{"floor":11,"key":"Poison Potion"},{"floor":16,"key":"GamblersBrew"},{"floor":20,"key":"Explosive Potion"},{"floor":22,"key":"SpeedPotion"},{"floor":23,"key":"EssenceOfSteel"},{"floor":27,"key":"Poison Potion"},{"floor":31,"key":"SteroidPotion"},{"floor":33,"key":"Energy Potion"},{"floor":37,"key":"Ancient Potion"},{"floor":39,"key":"AttackPotion"}],"is_trial":false,"path_per_floor":["M","M","M","$","M","E","R","?","T","?","M","M","R","M","R","B",null,"M","$","M","M","M","E","M","M","T","?","?","M","R","M","R","B",null,"M","?","M","M","M","R","E"],"character_chosen":"IRONCLAD","items_purchased":["Uppercut","Meat on the Bone"],"campfire_rested":2,"item_purchase_floors":[4,19],"current_hp_per_floor":[77,69,69,69,75,50,50,46,46,43,47,42,42,40,64,26,80,80,80,80,68,74,48,56,62,62,61,61,47,47,53,77,22,80,80,80,71,80,69,69,0],"gold":393,"neow_bonus":"REMOVE_TWO","is_prod":false,"is_daily":false,"chose_seed":false,"campfire_upgraded":4,"win_rate":0.0,"timestamp":1550601991,"path_taken":["M","M","M","$","M","E","R","?","T","?","M","M","R","M","R","BOSS","M","$","M","M","M","E","M","M","T","?","?","M","R","M","R","BOSS","M","?","M","M","M","R","E"],"build_version":"2019-01-23","purchased_purges":0,"victory":false,"max_hp_per_floor":[80,80,80,80,80,80,80,80,80,80,80,80,80,80,80,80,80,80,80,80,80,80,80,80,80,80,80,80,80,80,80,80,80,80,80,80,80,80,80,80,80],"card_choices":[{"not_picked":["Anger","Sword Boomerang"],"picked":"Perfected Strike","floor":1},{"not_picked":["Iron Wave","Thunderclap","Whirlwind"],"picked":"SKIP","floor":2},{"not_picked":["Clothesline","Power Through","Seeing Red"],"picked":"SKIP","floor":3},{"not_picked":["Clothesline","Bloodletting"],"picked":"Warcry","floor":5},{"not_picked":["True Grit","Rampage"],"picked":"Immolate","floor":6},{"not_picked":["Body Slam","Armaments"],"picked":"Perfected Strike","floor":8},{"not_picked":["Body Slam","Inflame","Reckless Charge"],"picked":"SKIP","floor":11},{"not_picked":["Iron Wave","Corruption","True Grit"],"picked":"SKIP","floor":12},{"not_picked":["Fire Breathing","Infernal Blade","Thunderclap"],"picked":"SKIP","floor":14},{"not_picked":["Impervious","Brutality"],"picked":"Double Tap","floor":16},{"not_picked":["Armaments","Iron Wave"],"picked":"Uppercut","floor":17},{"not_picked":["Burning Pact","Infernal Blade"],"picked":"Wild Strike","floor":17},{"not_picked":["Sentinel","Inflame"],"picked":"Dropkick","floor":17},{"not_picked":["Pummel","Entrench"],"picked":"Dropkick","floor":18},{"not_picked":["Headbutt","Havoc+1"],"picked":"Twin Strike+1","floor":20},{"not_picked":["Iron Wave+1","Cleave+1"],"picked":"Pommel Strike+1","floor":21},{"not_picked":["Burning Pact","Limit Break"],"picked":"Thunderclap","floor":22},{"not_picked":["Barricade","Combust"],"picked":"Wild Strike+1","floor":23},{"not_picked":["Disarm","Clothesline"],"picked":"Wild Strike","floor":24},{"not_picked":["Armaments+1","Clothesline"],"picked":"Warcry","floor":25},{"not_picked":["Body Slam+1","Anger","Clash"],"picked":"SKIP","floor":29},{"not_picked":["Bloodletting","Searing Blow"],"picked":"Twin Strike+1","floor":31},{"not_picked":["Immolate","Reaper"],"picked":"Double Tap","floor":33},{"not_picked":["Headbutt","Rupture"],"picked":"Shrug It Off+1","floor":35},{"not_picked":["Panache","Panacea"],"picked":"Apotheosis","floor":36},{"not_picked":["Feel No Pain+1","Clash"],"picked":"Thunderclap+1","floor":37},{"not_picked":["Havoc+1","Heavy Blade+1"],"picked":"Perfected Strike","floor":38},{"not_picked":["Metallicize+1","Blood for Blood"],"picked":"Wild Strike+1","floor":39}],"player_experience":94520,"relics_obtained":[{"floor":6,"key":"Bottled Flame"},{"floor":8,"key":"Ginger"},{"floor":9,"key":"Pocketwatch"},{"floor":23,"key":"Sundial"},{"floor":26,"key":"Happy Flower"},{"floor":26,"key":"Kunai"},{"floor":27,"key":"Charon\u0027s Ashes"},{"floor":27,"key":"Mercury Hourglass"}],"event_choices":[{"damage_healed":0,"gold_gain":0,"player_choice":"Searched \u00271\u0027 times","damage_taken":0,"max_hp_gain":0,"max_hp_loss":0,"event_name":"Dead Adventurer","floor":8,"gold_loss":0},{"damage_healed":0,"gold_gain":0,"player_choice":"Success","damage_taken":3,"relics_obtained":["Matryoshka"],"max_hp_gain":0,"max_hp_loss":0,"event_name":"Scrap Ooze","floor":10,"gold_loss":0},{"damage_healed":0,"gold_gain":0,"player_choice":"Fight","damage_taken":0,"max_hp_gain":0,"max_hp_loss":0,"event_name":"Colosseum","floor":27,"gold_loss":0},{"damage_healed":0,"gold_gain":0,"player_choice":"Fought Nobs","damage_taken":0,"max_hp_gain":0,"max_hp_loss":0,"event_name":"Colosseum","floor":27,"gold_loss":0},{"damage_healed":0,"gold_gain":0,"player_choice":"Ignored","damage_taken":0,"max_hp_gain":0,"max_hp_loss":0,"event_name":"Ghosts","floor":28,"gold_loss":0},{"damage_healed":0,"gold_gain":0,"player_choice":"Memory 1","damage_taken":0,"max_hp_gain":0,"max_hp_loss":0,"event_name":"SensoryStone","floor":36,"gold_loss":0}],"is_beta":false,"boss_relics":[{"not_picked":["Empty Cage","Snecko Eye"],"picked":"Orrery"},{"not_picked":["Mark of Pain","Busted Crown"],"picked":"Black Blood"}],"items_purged_floors":[],"is_endless":false,"potions_floor_spawned":[5,8,11,16,20,22,23,25,27,31,33,37,39],"killed_by":"Nemesis","ascension_level":0}