{"gold_per_floor":[119,119,132,132,151,151,182,198,221,236,253,253,273,293,293,368,368,381,304,334,173,187,187,215,215],"floor_reached":25,"playtime":2300,"items_purged":["Strike_R"],"score":450,"play_id":"5b563fd7-c467-46fa-b7fa-f89c4c4fd4d5","local_time":"20190302001318","is_ascension_mode":true,"campfire_choices":[{"data":"Uppercut","floor":6,"key":"SMITH"},{"floor":15,"key":"REST"},{"data":"Immolate","floor":23,"key":"SMITH"}],"neow_cost":"NONE","seed_source_timestamp":190738986128618,"circlet_count":0,"master_deck":["AscendersBane","Strike_R","Strike_R","Strike_R","Strike_R","Defend_R","Defend_R","Defend_R","Defend_R","Bash+1","Metallicize","Infernal Blade","Uppercut+1","Shrug It Off","Barricade","Entrench","Spot Weakness","Shrug It Off","Immolate+1","Sword Boomerang","Power Through","Feel No Pain","Shockwave"],"relics":["Burning Blood","Red Skull","Art of War","Coffee Dripper","Tiny Chest","Potion Belt"],"potions_floor_usage":[16,16,25],"damage_taken":[{"damage":2,"enemies":"2 Louse","floor":1,"turns":4},{"damage":4,"enemies":"Cultist","floor":3,"turns":3},{"damage":6,"enemies":"Small Slimes","floor":5,"turns":4},{"damage":41,"enemies":"3 Sentries","floor":7,"turns":13},{"damage":15,"enemies":"Gremlin Gang","floor":8,"turns":5},{"damage":18,"enemies":"Lots of Slimes","floor":10,"turns":5},{"damage":6,"enemies":"3 Louse","floor":11,"turns":4},{"damage":15,"enemies":"Gremlin Gang","floor":13,"turns":4},{"damage":3,"enemies":"Exordium Thugs","floor":14,"turns":3},{"damage":31,"enemies":"The Guardian","floor":16,"turns":14},{"damage":7,"enemies":"Chosen","floor":18,"turns":5},{"damage":25,"enemies":"Spheric Guardian","floor":22,"turns":5},{"damage":27,"enemies":"Gremlin Leader","floor":24,"turns":5},{"damage":21,"enemies":"Shelled Parasite and Fungi","floor":25,"turns":4}],"seed_played":"1736458610203629105","potions_obtained":[{"floor":3,"key":"Dexterity Potion"},{"floor":7,"key":"Strength Potion"},{"floor":16,"key":"BloodPotion"},{"floor":22,"key":"SteroidPotion"}],"is_trial":false,"path_per_floor":["M","?","M","$","M","R","E","M","T","M","M","?","M","M","R","B",null,"M","$","?","$","M","R","E","M"],"character_chosen":"IRONCLAD","items_purchased":["Power Through","Feel No Pain"],"campfire_rested":1,"item_purchase_floors":[19,21],"current_hp_per_floor":[72,72,74,74,74,74,39,30,30,18,18,23,14,17,39,14,60,59,59,59,59,40,40,19,0],"gold":215,"neow_bonus":"UPGRADE_CARD","is_prod":false,"is_daily":false,"chose_seed":false,"campfire_upgraded":2,"win_rate":0,"timestamp":1551445998,"path_taken":["M","?","M","$","M","R","E","?","T","M","M","?","?","M","R","BOSS","M","?","?","$","M","R","E","?"],"build_version":"2019-01-23","purchased_purges":1,"victory":false,"max_hp_per_floor":[75,75,75,75,75,75,75,75,75,75,75,75,75,75,75,75,75,75,75,75,75,75,75,75,75],"card_choices":[{"not_picked":["Clothesline","Thunderclap"],"picked":"Metallicize","floor":1},{"not_picked":["Intimidate","Clash"],"picked":"Infernal Blade","floor":3},{"not_picked":["Thunderclap","Pommel Strike"],"picked":"Uppercut","floor":5},{"not_picked":["Entrench","Havoc"],"picked":"Shrug It Off","floor":7},{"not_picked":["Heavy Blade","Armaments"],"picked":"Barricade","floor":8},{"not_picked":["Iron Wave","Pommel Strike"],"picked":"Entrench","floor":10},{"not_picked":["Perfected Strike","Flame Barrier"],"picked":"Spot Weakness","floor":11},{"not_picked":["Twin Strike","Thunderclap","Juggernaut"],"picked":"SKIP","floor":13},{"not_picked":["Hemokinesis","Warcry"],"picked":"Shrug It Off","floor":14},{"not_picked":["Double Tap","Dark Embrace"],"picked":"Immolate","floor":16},{"not_picked":["Headbutt","Havoc"],"picked":"Sword Boomerang","floor":18},{"not_picked":["Perfected Strike","Shrug It Off"],"picked":"Shockwave","floor":22},{"not_picked":["Cleave","Heavy Blade","Clash"],"picked":"SKIP","floor":24}],"player_experience":765751,"relics_obtained":[{"floor":7,"key":"Red Skull"},{"floor":9,"key":"Art of War"},{"floor":24,"key":"Potion Belt"}],"event_choices":[{"damage_healed":0,"gold_gain":0,"player_choice":"1 cards matched","damage_taken":0,"max_hp_gain":0,"max_hp_loss":0,"event_name":"Match and Keep!","floor":2,"gold_loss":0,"cards_obtained":["Clothesline"]},{"cards_removed":["Clothesline"],"damage_healed":5,"gold_gain":0,"player_choice":"Offered Common","damage_taken":0,"max_hp_gain":0,"max_hp_loss":0,"event_name":"Bonfire Elementals","floor":12,"gold_loss":0},{"cards_removed":["Clothesline"],"damage_healed":5,"gold_gain":0,"player_choice":"Offered Special","damage_taken":0,"max_hp_gain":0,"max_hp_loss":0,"event_name":"Bonfire Elementals","floor":12,"gold_loss":0},{"damage_healed":0,"gold_gain":0,"player_choice":"Gave Potion","damage_taken":0,"relics_obtained":["Tiny Chest"],"max_hp_gain":0,"max_hp_loss":0,"event_name":"WeMeetAgain","floor":20,"gold_loss":0}],"is_beta":false,"boss_relics":[{"not_picked":["Fusion Hammer","Runic Cube"],"picked":"Coffee Dripper"}],"items_purged_floors":[21],"is_endless":false,"potions_floor_spawned":[3,7,8,14,16,22],"killed_by":"Shelled Parasite and Fungi","ascension_level":20}