{"gold_per_floor":[115,135,149,224,152,152,166,166,246,266,266,294,314,314,314,392,392,402,416,430,448,448,448,480,492,572,584,606,650,762,774],"floor_reached":31,"playtime":1114,"items_purged":[],"score":471,"play_id":"faf3ee11-430c-4bcd-8fb3-ef5b206c45fb","local_time":"20190303161001","is_ascension_mode":true,"campfire_choices":[{"data":"Rampage","floor":6,"key":"SMITH"},{"data":"Feed","floor":8,"key":"SMITH"},{"data":"Bash","floor":11,"key":"SMITH"},{"data":"Spot Weakness","floor":15,"key":"SMITH"},{"data":"Whirlwind","floor":23,"key":"SMITH"},{"data":"Reaper","floor":25,"key":"SMITH"},{"data":"Demon Form","floor":27,"key":"SMITH"}],"neow_cost":"NONE","seed_source_timestamp":136077118329611,"circlet_count":0,"master_deck":["AscendersBane","Defend_R","Defend_R","Defend_R","Defend_R","Bash+1","Feed+1","Shrug It Off","Headbutt","Rampage+1","Cleave","Spot Weakness+1","Reaper+1","Shockwave+1","Anger+1","Reckless Charge+1","Disarm","Shrug It Off","Whirlwind+1","Demon Form+1","Sentinel","Exhume"],"relics":["Burning Blood","Boot","Gremlin Horn","Prayer Wheel","Astrolabe","MawBank","Bottled Lightning","Matryoshka"],"potions_floor_usage":[12,12,24,28,29,29],"damage_taken":[{"damage":1,"enemies":"2 Louse","floor":1,"turns":3},{"damage":11,"enemies":"Jaw Worm","floor":2,"turns":6},{"damage":0,"enemies":"Cultist","floor":3,"turns":3},{"damage":3,"enemies":"Blue Slaver","floor":7,"turns":5},{"damage":4,"enemies":"Looter","floor":10,"turns":3},{"damage":32,"enemies":"Gremlin Nob","floor":12,"turns":4},{"damage":0,"enemies":"Lots of Slimes","floor":13,"turns":1},{"damage":54,"enemies":"Hexaghost","floor":16,"turns":8},{"damage":4,"enemies":"Chosen","floor":18,"turns":3},{"damage":11,"enemies":"3 Byrds","floor":19,"turns":5},{"damage":12,"enemies":"Snecko","floor":20,"turns":5},{"damage":20,"enemies":"Shelled Parasite and Fungi","floor":21,"turns":5},{"damage":24,"enemies":"Gremlin Leader","floor":24,"turns":5},{"damage":13,"enemies":"Snake Plant","floor":28,"turns":5},{"damage":53,"enemies":"Book of Stabbing","floor":29,"turns":5},{"damage":37,"enemies":"Cultist and Chosen","floor":31,"turns":6}],"seed_played":"-4875284700608150862","potions_obtained":[{"floor":2,"key":"Fire Potion"},{"floor":3,"key":"EssenceOfSteel"},{"floor":7,"key":"Regen Potion"},{"floor":10,"key":"Ancient Potion"},{"floor":20,"key":"Fire Potion"},{"floor":21,"key":"Fire Potion"},{"floor":24,"key":"PowerPotion"},{"floor":28,"key":"SkillPotion"}],"is_trial":false,"path_per_floor":["M","M","M","?","?","R","M","R","T","M","R","E","M","?","R","B",null,"M","M","M","M","?","R","E","R","T","R","M","E","?","M"],"character_chosen":"IRONCLAD","items_purchased":[],"campfire_rested":0,"item_purchase_floors":[],"current_hp_per_floor":[76,74,83,72,72,72,75,75,75,77,77,51,57,57,57,9,65,71,82,88,74,74,74,56,56,56,56,59,12,12,0],"gold":774,"neow_bonus":"TRANSFORM_CARD","is_prod":false,"is_daily":false,"chose_seed":false,"campfire_upgraded":7,"win_rate":0,"timestamp":1551625801,"path_taken":["M","M","M","?","?","R","M","R","T","M","R","E","?","?","R","BOSS","M","M","M","M","?","R","E","R","T","R","?","E","?","M"],"build_version":"2019-01-23","purchased_purges":0,"victory":false,"max_hp_per_floor":[78,81,84,84,84,84,84,84,84,84,84,84,84,84,84,84,84,88,92,92,92,92,92,92,92,92,92,92,92,92,92],"card_choices":[{"not_picked":["Havoc","Headbutt"],"picked":"Shrug It Off","floor":1},{"not_picked":["Feel No Pain","Entrench"],"picked":"Headbutt","floor":2},{"not_picked":["Anger","Reaper"],"picked":"Rampage","floor":3},{"not_picked":["Body Slam","Flex"],"picked":"Cleave","floor":7},{"not_picked":["Havoc","Sever Soul","Armaments"],"picked":"SKIP","floor":10},{"not_picked":["Clash","Searing Blow","Twin Strike"],"picked":"SKIP","floor":12},{"not_picked":["Dual Wield","Fire Breathing"],"picked":"Spot Weakness","floor":13},{"not_picked":["Clothesline","Anger","Perfected Strike"],"picked":"SKIP","floor":13},{"not_picked":["Feed","Fiend Fire"],"picked":"Reaper","floor":16},{"not_picked":["Dropkick","Havoc"],"picked":"Disarm","floor":18},{"not_picked":["Rage","Reckless Charge","Sword Boomerang"],"picked":"SKIP","floor":18},{"not_picked":["Evolve","Armaments"],"picked":"Shrug It Off","floor":19},{"not_picked":["Body Slam","Havoc","Anger"],"picked":"SKIP","floor":19},{"not_picked":["Twin Strike","Cleave","Power Through"],"picked":"SKIP","floor":20},{"not_picked":["Corruption","Clothesline+1","Infernal Blade"],"picked":"SKIP","floor":20},{"not_picked":["Immolate","Havoc"],"picked":"Whirlwind","floor":21},{"not_picked":["True Grit","Sword Boomerang"],"picked":"Demon Form","floor":21},{"not_picked":["Reckless Charge","Infernal Blade","Havoc"],"picked":"SKIP","floor":24},{"not_picked":["Cleave","Iron Wave","Armaments"],"picked":"SKIP","floor":28},{"not_picked":["Clash","Anger+1","Wild Strike"],"picked":"SKIP","floor":28},{"not_picked":["Pummel","Shrug It Off"],"picked":"Exhume","floor":29}],"player_experience":790656,"relics_obtained":[{"floor":9,"key":"Gremlin Horn"},{"floor":12,"key":"Prayer Wheel"},{"floor":24,"key":"MawBank"},{"floor":26,"key":"Bottled Lightning"},{"floor":29,"key":"Matryoshka"}],"event_choices":[{"damage_healed":0,"gold_gain":75,"player_choice":"Gather Gold","damage_taken":11,"max_hp_gain":0,"max_hp_loss":0,"event_name":"World of Goop","floor":4,"gold_loss":0},{"damage_healed":0,"gold_gain":0,"player_choice":"Paid Gold","damage_taken":0,"relics_obtained":["Boot"],"max_hp_gain":0,"max_hp_loss":0,"event_name":"WeMeetAgain","floor":5,"gold_loss":72},{"damage_healed":0,"gold_gain":0,"player_choice":"Ignored","damage_taken":0,"max_hp_gain":0,"max_hp_loss":0,"event_name":"Liars Game","floor":14,"gold_loss":0},{"damage_healed":0,"gold_gain":0,"cards_transformed":["Strike_R"],"player_choice":"Transformed","damage_taken":0,"max_hp_gain":0,"max_hp_loss":0,"event_name":"Transmorgrifier","floor":22,"gold_loss":0,"cards_obtained":["Sentinel"]},{"damage_healed":0,"gold_gain":100,"player_choice":"Pray","damage_taken":0,"max_hp_gain":0,"max_hp_loss":0,"event_name":"Golden Shrine","floor":30,"gold_loss":0}],"is_beta":false,"boss_relics":[{"not_picked":["Runic Dome","Runic Pyramid"],"picked":"Astrolabe"}],"items_purged_floors":[],"is_endless":false,"potions_floor_spawned":[2,3,7,10,20,21,24,28],"killed_by":"Cultist and Chosen","ascension_level":14}