{"gold_per_floor":[117,131,78,95,110,110,124,134,203,203,222,222,239,239,239,239],"floor_reached":16,"playtime":852,"items_purged":[],"score":96,"play_id":"72240052-55bf-4008-8821-91310456a8eb","local_time":"20180729085855","is_ascension_mode":false,"campfire_choices":[{"data":"Neutralize","floor":6,"key":"SMITH"},{"data":"Tactician","floor":10,"key":"SMITH"},{"data":"Outmaneuver","floor":12,"key":"SMITH"},{"floor":15,"key":"REST"}],"neow_cost":"NONE","seed_source_timestamp":1352329966800598,"circlet_count":0,"master_deck":["Defend_G","Defend_G","Defend_G","Defend_G","Defend_G","Strike_G","Strike_G","Strike_G","Strike_G","Survivor","Neutralize+1","Quick Slash","Dagger Spray","Flying Knee","Outmaneuver+1","Dodge and Roll","Blur","Deadly Poison","Tactician+1","PiercingWail","Flying Knee"],"relics":["Ring of the Snake","Matryoshka"],"potions_floor_usage":[16,16,16],"damage_taken":[{"damage":0,"enemies":"Cultist","floor":1,"turns":3},{"damage":0,"enemies":"2 Louse","floor":2,"turns":3},{"damage":0,"enemies":"Small Slimes","floor":4,"turns":5},{"damage":2,"enemies":"2 Fungi Beasts","floor":5,"turns":4},{"damage":18,"enemies":"Gremlin Gang","floor":7,"turns":6},{"damage":0,"enemies":"Red Slaver","floor":8,"turns":5},{"damage":0,"enemies":"Blue Slaver","floor":11,"turns":7},{"damage":5,"enemies":"Lots of Slimes","floor":13,"turns":5},{"damage":59,"enemies":"Slime Boss","floor":16,"turns":14}],"seed_played":"4696707762141027966","potions_obtained":[{"floor":1,"key":"FearPotion"},{"floor":11,"key":"EssenceOfSteel"},{"floor":13,"key":"Poison Potion"}],"is_trial":false,"path_per_floor":["M","M","$","M","M","R","M","M","T","R","M","R","M","?","R"],"character_chosen":"THE_SILENT","items_purchased":["Outmaneuver"],"campfire_rested":1,"item_purchase_floors":[3],"current_hp_per_floor":[70,70,70,70,68,68,50,50,50,50,50,50,45,38,59,0],"gold":239,"neow_bonus":"THREE_CARDS","is_prod":false,"is_daily":false,"chose_seed":false,"campfire_upgraded":3,"win_rate":0,"timestamp":1532847535,"path_taken":["M","M","?","M","M","R","M","M","T","R","?","R","M","?","R","BOSS"],"build_version":"2018-07-26","purchased_purges":0,"victory":false,"max_hp_per_floor":[70,70,70,70,70,70,70,70,70,70,70,70,70,70,70,70],"card_choices":[{"not_picked":["Predator","Setup"],"picked":"Quick Slash","floor":0},{"not_picked":["Catalyst","Quick Slash"],"picked":"Dagger Spray","floor":1},{"not_picked":["Setup","PiercingWail"],"picked":"Flying Knee","floor":2},{"not_picked":["Bouncing Flask","Dagger Spray"],"picked":"Dodge and Roll","floor":4},{"not_picked":["Slice","Sucker Punch"],"picked":"Blur","floor":5},{"not_picked":["Poisoned Stab","Storm of Steel"],"picked":"Deadly Poison","floor":7},{"not_picked":["Deadly Poison","Cloak And Dagger"],"picked":"Tactician","floor":8},{"not_picked":["Finisher","Poisoned Stab"],"picked":"PiercingWail","floor":11},{"not_picked":["Dagger Throw","Calculated Gamble"],"picked":"Flying Knee","floor":13}],"player_experience":72287,"relics_obtained":[{"floor":9,"key":"Matryoshka"}],"event_choices":[{"event_name":"Golden Wing","player_choice":"Card Removal","floor":14,"damage_taken":0}],"is_beta":false,"boss_relics":[],"items_purged_floors":[],"is_endless":false,"potions_floor_spawned":[1,11,13],"killed_by":"Slime Boss","ascension_level":0}