{"gold_per_floor":[118,118,129,129,143,143,159,140,140,150,150,150,164,184,184,281,281,292,64,64,64,163,163,163],"floor_reached":24,"playtime":1017,"items_purged":["Regret"],"score":188,"play_id":"b1ef9bfa-6996-4740-a9d0-b82ca53469fc","local_time":"20181104181558","is_ascension_mode":false,"campfire_choices":[{"data":"Neutralize","floor":6,"key":"SMITH"},{"floor":12,"key":"REST"},{"data":"Enlightenment","floor":15,"key":"SMITH"}],"neow_cost":"NONE","seed_source_timestamp":1543481248406108,"circlet_count":0,"master_deck":["Defend_G","Defend_G","Defend_G","Defend_G","Defend_G","Strike_G","Strike_G","Strike_G","Strike_G","Strike_G","Survivor","Neutralize+1","Backstab","Decay","Dagger Spray","Enlightenment+1","Deflect","Heel Hook","Flying Knee","All Out Attack","Venomology","Quick Slash+1","Prepared"],"relics":["Ring of the Snake","Regal Pillow","Pantograph","Frozen Egg 2","Mercury Hourglass","Cursed Key","Oddly Smooth Stone"],"potions_floor_usage":[16,16,18,21],"damage_taken":[{"damage":0,"enemies":"2 Louse","floor":1,"turns":4},{"damage":0,"enemies":"Cultist","floor":3,"turns":3},{"damage":2,"enemies":"Small Slimes","floor":5,"turns":3},{"damage":3,"enemies":"Blue Slaver","floor":7,"turns":4},{"damage":22,"enemies":"Exordium Thugs","floor":8,"turns":7},{"damage":10,"enemies":"Large Slime","floor":10,"turns":7},{"damage":0,"enemies":"3 Louse","floor":13,"turns":2},{"damage":9,"enemies":"Red Slaver","floor":14,"turns":2},{"damage":67,"enemies":"The Guardian","floor":16,"turns":17},{"damage":16,"enemies":"3 Byrds","floor":18,"turns":4},{"damage":7,"enemies":"Colosseum Slavers","floor":21,"turns":5},{"damage":62,"enemies":"Gremlin Leader","floor":24,"turns":7}],"seed_played":"-4682515830984914299","potions_obtained":[{"floor":1,"key":"EssenceOfSteel"},{"floor":8,"key":"Block Potion"},{"floor":13,"key":"SteroidPotion"}],"is_trial":false,"path_per_floor":["M","?","M","?","M","R","M","M","T","M","T","R","M","M","R","B",null,"M","$","?","?","?","?","E"],"character_chosen":"THE_SILENT","items_purchased":["Oddly Smooth Stone"],"campfire_rested":1,"item_purchase_floors":[19],"current_hp_per_floor":[70,70,70,70,68,68,65,43,43,33,33,69,69,60,60,3,70,54,54,54,47,47,47,0],"gold":163,"neow_bonus":"RANDOM_COMMON_RELIC","is_prod":false,"is_daily":false,"chose_seed":false,"campfire_upgraded":2,"win_rate":0,"timestamp":1541351758,"path_taken":["M","?","?","?","M","R","M","M","T","M","?","R","M","M","R","BOSS","M","$","?","?","?","?","E"],"build_version":"2018-11-01","purchased_purges":1,"victory":false,"max_hp_per_floor":[70,70,70,70,70,70,70,70,70,70,70,70,70,70,70,70,70,70,70,70,70,70,70,70],"card_choices":[{"not_picked":["Caltrops","Bane"],"picked":"Backstab","floor":1},{"not_picked":["Deadly Poison","Dodge and Roll","Masterful Stab"],"picked":"SKIP","floor":3},{"not_picked":["Blade Dance","Backflip"],"picked":"Deflect","floor":5},{"not_picked":["Phantasmal Killer","Eviscerate"],"picked":"Heel Hook","floor":7},{"not_picked":["Acrobatics","Heel Hook"],"picked":"Flying Knee","floor":8},{"not_picked":["Concentrate","Dodge and Roll","Blade Dance"],"picked":"SKIP","floor":10},{"not_picked":["Blade Dance","Bane"],"picked":"All Out Attack","floor":13},{"not_picked":["Night Terror","Bane","Deadly Poison"],"picked":"SKIP","floor":14},{"not_picked":["Night Terror","Malaise"],"picked":"Venomology","floor":16},{"not_picked":["Caltrops+1","Dagger Spray"],"picked":"Quick Slash+1","floor":18}],"player_experience":266170,"relics_obtained":[{"floor":9,"key":"Frozen Egg 2"},{"floor":11,"key":"Mercury Hourglass"}],"event_choices":[{"damage_healed":0,"gold_gain":0,"player_choice":"3 cards matched","damage_taken":0,"max_hp_gain":0,"max_hp_loss":0,"event_name":"Match and Keep!","floor":2,"gold_loss":0,"cards_obtained":["Decay","Dagger Spray","Enlightenment"]},{"damage_healed":0,"gold_gain":0,"player_choice":"Box","damage_taken":0,"relics_obtained":["Pantograph"],"max_hp_gain":0,"max_hp_loss":0,"event_name":"Big Fish","floor":4,"gold_loss":0,"cards_obtained":["Regret"]},{"damage_healed":0,"gold_gain":0,"player_choice":"Ignored","damage_taken":0,"max_hp_gain":0,"max_hp_loss":0,"event_name":"Beggar","floor":20,"gold_loss":0},{"damage_healed":0,"gold_gain":0,"player_choice":"Fight","damage_taken":0,"max_hp_gain":0,"max_hp_loss":0,"event_name":"Colosseum","floor":21,"gold_loss":0},{"damage_healed":0,"gold_gain":0,"player_choice":"Fled From Nobs","damage_taken":0,"max_hp_gain":0,"max_hp_loss":0,"event_name":"Colosseum","floor":21,"gold_loss":0},{"damage_healed":0,"gold_gain":99,"player_choice":"Stole From Cult","damage_taken":0,"max_hp_gain":0,"max_hp_loss":0,"event_name":"Nest","floor":22,"gold_loss":0},{"damage_healed":0,"gold_gain":0,"player_choice":"1 cards matched","damage_taken":0,"max_hp_gain":0,"max_hp_loss":0,"event_name":"Match and Keep!","floor":23,"gold_loss":0,"cards_obtained":["Prepared"]}],"is_beta":false,"boss_relics":[{"not_picked":["Velvet Choker","Astrolabe"],"picked":"Cursed Key"}],"items_purged_floors":[19],"is_endless":false,"potions_floor_spawned":[1,8,13,21],"killed_by":"Gremlin Leader","ascension_level":0}