{"gold_per_floor":[110,126,126,126,126,154,154,171,197,228,403,421,447,129,129,226,226,238,254,272,283,302,302,322,322,322,322,352,11,11,24,24,120,120,136,36,36,36,0,0,0,30,79,90,90,17,17,36,36,36],"floor_reached":51,"playtime":2881,"items_purged":["Pain","Doubt"],"score":1216,"play_id":"26c686cf-9b7d-4d1f-b1cd-369341c50d22","local_time":"20190129163925","is_ascension_mode":true,"campfire_choices":[{"data":"Bash","floor":7,"key":"SMITH"},{"data":"Bandage Up","floor":15,"key":"SMITH"},{"data":"Feed","floor":23,"key":"SMITH"},{"floor":25,"key":"REST"},{"data":"True Grit","floor":27,"key":"SMITH"},{"floor":32,"key":"REST"},{"data":"Heavy Blade","floor":40,"key":"SMITH"},{"floor":45,"key":"REST"},{"floor":49,"key":"REST"}],"neow_cost":"NONE","seed_source_timestamp":1638071756855107,"circlet_count":0,"master_deck":["AscendersBane","Strike_R+1","Defend_R","Defend_R","Defend_R","Defend_R","Bash+1","Armaments","Thunderclap","Cleave","Clothesline","Bandage Up+1","Feed+1","True Grit+1","Battle Trance","Carnage","Ghostly Armor","Flash of Steel","Heavy Blade+1","Feed","Immolate+1","Ghostly Armor+1","Heavy Blade+1","Sword Boomerang","Reaper","Battle Trance"],"relics":["Burning Blood","NeowsBlessing","Bag of Preparation","WarpedTongs","Boot","Whetstone","Orichalcum","Pear","Vajra","Mark of Pain","Potion Belt","Bag of Marbles","Brimstone","Bronze Scales","Astrolabe","Red Mask","Smiling Mask","Juzu Bracelet"],"potions_floor_usage":[10,12,16,16,20,22,28,33,42,50,50,50],"damage_taken":[{"damage":0,"enemies":"2 Louse","floor":1,"turns":1},{"damage":0,"enemies":"Cultist","floor":2,"turns":1},{"damage":1,"enemies":"Gremlin Nob","floor":6,"turns":1},{"damage":11,"enemies":"Jaw Worm","floor":8,"turns":4},{"damage":11,"enemies":"3 Sentries","floor":10,"turns":7},{"damage":9,"enemies":"Blue Slaver","floor":12,"turns":2},{"damage":8,"enemies":"Gremlin Nob","floor":13,"turns":4},{"damage":31,"enemies":"Slime Boss","floor":16,"turns":13},{"damage":19,"enemies":"3 Byrds","floor":18,"turns":5},{"damage":12,"enemies":"Shell Parasite","floor":19,"turns":4},{"damage":13,"enemies":"3 Cultists","floor":20,"turns":5},{"damage":22,"enemies":"Snecko","floor":21,"turns":5},{"damage":26,"enemies":"Cultist and Chosen","floor":22,"turns":7},{"damage":22,"enemies":"3 Cultists","floor":24,"turns":5},{"damage":33,"enemies":"Slavers","floor":28,"turns":8},{"damage":13,"enemies":"Centurion and Healer","floor":31,"turns":3},{"damage":103,"enemies":"Automaton","floor":33,"turns":7},{"damage":2,"enemies":"3 Darklings","floor":35,"turns":3},{"damage":31,"enemies":"Reptomancer","floor":42,"turns":4},{"damage":3,"enemies":"Orb Walker","floor":44,"turns":2},{"damage":30,"enemies":"Jaw Worm Horde","floor":48,"turns":3},{"damage":119,"enemies":"Donu and Deca","floor":50,"turns":7}],"seed_played":"1863637529558475155","potions_obtained":[{"floor":6,"key":"Dexterity Potion"},{"floor":8,"key":"PowerPotion"},{"floor":10,"key":"Fire Potion"},{"floor":13,"key":"BloodPotion"},{"floor":19,"key":"Poison Potion"},{"floor":20,"key":"SpeedPotion"},{"floor":21,"key":"Energy Potion"},{"floor":33,"key":"Regen Potion"},{"floor":35,"key":"FearPotion"},{"floor":42,"key":"Strength Potion"},{"floor":44,"key":"LiquidBronze"}],"is_trial":false,"path_per_floor":["M","M","?","?","?","E","R","M","T","E","?","M","E","$","R","B",null,"M","M","M","M","M","R","M","R","T","R","E","$","?","M","R","B",null,"M","$","?","?","?","R","$","E","T","M","R","$","?","M","R","B",null],"character_chosen":"IRONCLAD","items_purchased":["Vajra","Bandage Up","Brimstone","Flash of Steel","Energy Potion","Reaper"],"campfire_rested":4,"item_purchase_floors":[14,14,29,29,29,46],"current_hp_per_floor":[78,80,64,57,57,62,62,57,57,52,52,49,57,57,57,47,79,75,79,81,71,61,61,55,87,87,87,70,70,70,73,107,16,91,95,95,95,95,95,95,95,74,74,77,111,111,111,97,118,28],"gold":36,"neow_bonus":"THREE_ENEMY_KILL","is_prod":false,"is_daily":false,"chose_seed":false,"campfire_upgraded":5,"win_rate":0,"timestamp":1548797965,"path_taken":["M","M","?","?","?","E","R","?","T","E","?","M","E","$","R","BOSS","M","M","M","M","M","R","M","R","T","R","E","$","?","M","R","BOSS","M","$","?","?","?","R","$","E","T","M","R","?","?","M","R","BOSS"],"build_version":"2019-01-23","purchased_purges":2,"victory":true,"max_hp_per_floor":[80,80,80,80,80,80,80,80,80,80,80,80,90,90,90,90,90,93,97,100,100,104,104,108,108,108,108,112,112,112,116,116,116,116,116,116,110,110,110,110,110,114,114,114,114,114,114,118,118,122],"card_choices":[{"not_picked":["Dual Wield","Infernal Blade"],"picked":"Armaments","floor":1},{"not_picked":["Burning Pact","Dual Wield","Evolve"],"picked":"SKIP","floor":2},{"not_picked":["Rage","Flex"],"picked":"Thunderclap","floor":6},{"not_picked":["Wild Strike","Thunderclap","Havoc"],"picked":"SKIP","floor":8},{"not_picked":["Flame Barrier","Burning Pact"],"picked":"Cleave","floor":10},{"not_picked":["Heavy Blade","Twin Strike"],"picked":"Clothesline","floor":12},{"not_picked":["Rage","Warcry","Entrench"],"picked":"SKIP","floor":13},{"not_picked":["Brutality","Impervious"],"picked":"Feed","floor":16},{"not_picked":["Warcry","Sword Boomerang","Second Wind"],"picked":"SKIP","floor":18},{"not_picked":["Twin Strike","Blood for Blood","Anger"],"picked":"SKIP","floor":19},{"not_picked":["Clash","Heavy Blade"],"picked":"True Grit","floor":20},{"not_picked":["Power Through","Armaments"],"picked":"Battle Trance","floor":21},{"not_picked":["Flex","Bludgeon"],"picked":"Carnage","floor":22},{"not_picked":["Heavy Blade","Sever Soul","Cleave"],"picked":"SKIP","floor":24},{"not_picked":["Perfected Strike","Headbutt"],"picked":"Ghostly Armor","floor":28},{"not_picked":["Cleave","Headbutt"],"picked":"Heavy Blade","floor":31},{"not_picked":["Offering","Demon Form"],"picked":"Feed","floor":33},{"not_picked":["Twin Strike","Entrench"],"picked":"Heavy Blade+1","floor":35},{"not_picked":["Armaments","Wild Strike+1"],"picked":"Sword Boomerang","floor":42},{"not_picked":["Perfected Strike","Second Wind+1","Combust"],"picked":"SKIP","floor":44},{"not_picked":["Iron Wave","Clothesline","Perfected Strike"],"picked":"SKIP","floor":48}],"player_experience":510947,"relics_obtained":[{"floor":6,"key":"Boot"},{"floor":9,"key":"Whetstone"},{"floor":10,"key":"Orichalcum"},{"floor":13,"key":"Pear"},{"floor":26,"key":"Potion Belt"},{"floor":28,"key":"Bag of Marbles"},{"floor":42,"key":"Smiling Mask"},{"floor":43,"key":"Juzu Bracelet"}],"event_choices":[{"damage_healed":0,"gold_gain":0,"player_choice":"Entered Light","damage_taken":16,"max_hp_gain":0,"max_hp_loss":0,"event_name":"Shining Light","floor":3,"gold_loss":0,"cards_upgraded":["Strike_R","Strike_R"]},{"damage_healed":0,"gold_gain":0,"player_choice":"Success","damage_taken":7,"relics_obtained":["Bag of Preparation"],"max_hp_gain":0,"max_hp_loss":0,"event_name":"Scrap Ooze","floor":4,"gold_loss":0},{"damage_healed":0,"gold_gain":0,"player_choice":"Rummage","damage_taken":0,"relics_obtained":["WarpedTongs"],"max_hp_gain":0,"max_hp_loss":0,"event_name":"Accursed Blacksmith","floor":5,"gold_loss":0,"cards_obtained":["Pain"]},{"damage_healed":0,"gold_gain":175,"player_choice":"AGREE","damage_taken":0,"max_hp_gain":0,"max_hp_loss":0,"event_name":"Liars Game","floor":11,"gold_loss":0,"cards_obtained":["Doubt"]},{"damage_healed":0,"gold_gain":0,"player_choice":"Opened","damage_taken":0,"relics_obtained":["Bronze Scales"],"max_hp_gain":0,"max_hp_loss":0,"event_name":"The Mausoleum","floor":30,"gold_loss":0},{"damage_healed":0,"gold_gain":0,"player_choice":"Max HP","damage_taken":0,"max_hp_gain":0,"max_hp_loss":6,"event_name":"Winding Halls","floor":37,"gold_loss":0},{"cards_removed":["Barricade"],"damage_healed":0,"gold_gain":0,"player_choice":"Removed Power","damage_taken":0,"max_hp_gain":0,"max_hp_loss":0,"event_name":"Falling","floor":38,"gold_loss":0},{"damage_healed":0,"gold_gain":0,"player_choice":"Paid","damage_taken":0,"relics_obtained":["Red Mask"],"max_hp_gain":0,"max_hp_loss":0,"event_name":"Tomb of Lord Red Mask","floor":39,"gold_loss":36},{"damage_healed":0,"gold_gain":0,"cards_transformed":["Strike_R"],"player_choice":"Transformed","damage_taken":0,"max_hp_gain":0,"max_hp_loss":0,"event_name":"Transmorgrifier","floor":47,"gold_loss":0,"cards_obtained":["Battle Trance"]}],"is_beta":false,"boss_relics":[{"not_picked":["Black Blood","Empty Cage"],"picked":"Mark of Pain"},{"not_picked":["Philosopher\u0027s Stone","Calling Bell"],"picked":"Astrolabe"}],"items_purged_floors":[14,36],"is_endless":false,"potions_floor_spawned":[6,8,10,13,19,20,21,33,35,42,44],"ascension_level":12}