{"gold_per_floor":[117,134,134,134,147,147,147,147,173,173,191,211,211,238,238,238],"floor_reached":16,"playtime":392,"items_purged":[],"score":122,"play_id":"777dfa0d-6994-4408-9efb-2bc366a818ff","local_time":"20190105220953","is_ascension_mode":true,"campfire_choices":[{"data":"Survivor","floor":6,"key":"SMITH"},{"data":"Dash","floor":8,"key":"SMITH"},{"data":"Flechettes","floor":10,"key":"SMITH"},{"data":"Tactician","floor":15,"key":"SMITH"}],"neow_cost":"NONE","seed_source_timestamp":338292886162187,"circlet_count":0,"master_deck":["Defend_G","Defend_G+1","Defend_G+1","Defend_G","Defend_G","Strike_G","Strike_G","Strike_G","Survivor+1","Neutralize+1","Dash+1","Flechettes+1","Tactician+1","Flying Knee","Dagger Spray"],"relics":["Ring of the Snake","NeowsBlessing","Gremlin Horn","War Paint","Odd Mushroom"],"potions_floor_usage":[14,16,16],"damage_taken":[{"damage":0,"enemies":"Jaw Worm","floor":1,"turns":1},{"damage":0,"enemies":"Cultist","floor":2,"turns":1},{"damage":0,"enemies":"2 Louse","floor":5,"turns":1},{"damage":8,"enemies":"Looter","floor":11,"turns":3},{"damage":6,"enemies":"Large Slime","floor":12,"turns":5},{"damage":0,"enemies":"The Mushroom Lair","floor":14,"turns":3},{"damage":42,"enemies":"Slime Boss","floor":16,"turns":11}],"seed_played":"-5292380871812048426","potions_obtained":[{"floor":5,"key":"PowerPotion"},{"floor":11,"key":"SkillPotion"},{"floor":12,"key":"SpeedPotion"}],"is_trial":false,"path_per_floor":["M","M","?","?","M","R","T","R","T","R","M","M","?","?","R","B"],"character_chosen":"THE_SILENT","items_purchased":[],"campfire_rested":0,"item_purchase_floors":[],"current_hp_per_floor":[63,63,56,56,56,56,56,56,56,56,48,42,42,42,42,0],"gold":238,"neow_bonus":"THREE_ENEMY_KILL","is_prod":false,"is_daily":false,"chose_seed":false,"campfire_upgraded":4,"win_rate":0,"timestamp":1546722593,"path_taken":["M","M","?","?","?","R","?","R","T","R","?","M","?","?","R","BOSS"],"build_version":"2019-01-03v4","purchased_purges":0,"victory":false,"max_hp_per_floor":[70,70,70,70,70,70,70,70,70,70,70,70,70,70,70,70],"card_choices":[{"not_picked":["Dagger Throw","Slice"],"picked":"Dash","floor":1},{"not_picked":["Setup","Quick Slash"],"picked":"Flechettes","floor":2},{"not_picked":["Flechettes","Underhanded Strike","Prepared"],"picked":"SKIP","floor":5},{"not_picked":["Dagger Throw","Expertise"],"picked":"Tactician","floor":11},{"not_picked":["Heel Hook","Quick Slash"],"picked":"Flying Knee","floor":12},{"not_picked":["Expertise","Poisoned Stab"],"picked":"Dagger Spray","floor":14}],"player_experience":483885,"relics_obtained":[{"floor":7,"key":"Gremlin Horn"},{"floor":9,"key":"War Paint"},{"floor":14,"key":"Odd Mushroom"}],"event_choices":[{"cards_removed":["Strike_G"],"damage_healed":0,"gold_gain":0,"player_choice":"Card Removal","damage_taken":7,"max_hp_gain":0,"max_hp_loss":0,"event_name":"Golden Wing","floor":3,"gold_loss":0},{"damage_healed":0,"gold_gain":0,"player_choice":"Upgraded","damage_taken":0,"max_hp_gain":0,"max_hp_loss":0,"event_name":"Upgrade Shrine","floor":4,"gold_loss":0,"cards_upgraded":["Neutralize"]},{"cards_removed":["Strike_G"],"damage_healed":0,"gold_gain":0,"player_choice":"Forget","damage_taken":0,"max_hp_gain":0,"max_hp_loss":0,"event_name":"Living Wall","floor":13,"gold_loss":0},{"damage_healed":0,"gold_gain":0,"player_choice":"Fought Mushrooms","damage_taken":0,"max_hp_gain":0,"max_hp_loss":0,"event_name":"Mushrooms","floor":14,"gold_loss":0}],"is_beta":false,"boss_relics":[],"items_purged_floors":[],"is_endless":false,"potions_floor_spawned":[5,11,12],"killed_by":"Slime Boss","ascension_level":7}