{"gold_per_floor":[117,42,42,317,71,97,117,143,143,143,157,157,157,170,170,270,270,286,311,53,53,53,53,53,53,103,28,46,46,77,97,97,197,197,214,214],"floor_reached":36,"playtime":3808,"items_purged":["Defend_B","Regret"],"score":482,"play_id":"73d49480-5e70-4dd8-a941-6caaeb111888","local_time":"20190224130650","is_ascension_mode":true,"campfire_choices":[{"data":"Recycle","floor":10,"key":"SMITH"},{"data":"Coolheaded","floor":13,"key":"SMITH"},{"data":"Conserve Battery","floor":15,"key":"SMITH"},{"data":"White Noise","floor":23,"key":"SMITH"},{"floor":32,"key":"REST"}],"neow_cost":"NONE","seed_source_timestamp":230638804699426,"circlet_count":0,"master_deck":["Strike_B","Strike_B","Strike_B","Strike_B","Defend_B","Defend_B","Zap","Dualcast","Leap","FTL","Conserve Battery+1","Recycle+1","Coolheaded+1","Machine Learning","Decay","Pain","Parasite","White Noise+1","BootSequence+1","RitualDagger","Turbo","Machine Learning"],"relics":["FrozenCore","NeowsBlessing","Juzu Bracelet","Kunai","Darkstone Periapt","Blue Candle","Calling Bell","Pen Nib","Pear","Nunchaku","Oddly Smooth Stone","Tiny Chest","PreservedInsect","Enchiridion","Unceasing Top","Regal Pillow","Bronze Scales"],"potions_floor_usage":[8,16,30,30,31,33,33,33,36],"damage_taken":[{"damage":0,"enemies":"2 Louse","floor":1,"turns":1},{"damage":0,"enemies":"Gremlin Nob","floor":6,"turns":1},{"damage":0,"enemies":"Small Slimes","floor":7,"turns":1},{"damage":22,"enemies":"Lagavulin","floor":8,"turns":5},{"damage":0,"enemies":"Cultist","floor":11,"turns":3},{"damage":0,"enemies":"Red Slaver","floor":14,"turns":4},{"damage":16,"enemies":"The Guardian","floor":16,"turns":13},{"damage":18,"enemies":"Chosen","floor":18,"turns":8},{"damage":13,"enemies":"Spheric Guardian","floor":28,"turns":6},{"damage":8,"enemies":"Book of Stabbing","floor":30,"turns":4},{"damage":10,"enemies":"Snake Plant","floor":31,"turns":3},{"damage":61,"enemies":"Collector","floor":33,"turns":11},{"damage":3,"enemies":"3 Shapes","floor":35,"turns":7},{"damage":6,"enemies":"3 Darklings","floor":36,"turns":8}],"seed_played":"7275579481581113299","potions_obtained":[{"floor":1,"key":"FearPotion"},{"floor":6,"key":"Energy Potion"},{"floor":11,"key":"SteroidPotion"},{"floor":12,"key":"EntropicBrew"},{"floor":18,"key":"SkillPotion"},{"floor":30,"key":"AttackPotion"}],"is_trial":false,"path_per_floor":["M","$","?","?","$","E","M","E","T","R","M","?","R","M","R","B",null,"M","T","$","?","$","R","?","T","T","?","M","?","E","M","R","B",null,"M","M"],"character_chosen":"DEFECT","items_purchased":["Juzu Bracelet","Tiny Chest","PreservedInsect"],"campfire_rested":1,"item_purchase_floors":[5,20,20],"current_hp_per_floor":[75,75,80,80,80,80,80,58,58,58,58,58,58,58,58,42,108,90,90,90,74,74,74,74,74,74,74,61,55,47,37,84,23,108,105,99],"gold":214,"neow_bonus":"THREE_ENEMY_KILL","is_prod":false,"is_daily":false,"chose_seed":false,"campfire_upgraded":4,"win_rate":0,"timestamp":1551031610,"path_taken":["M","$","?","?","$","E","M","E","T","R","M","?","R","M","R","BOSS","M","?","$","?","?","R","?","?","T","?","M","?","E","M","R","BOSS","M","M"],"build_version":"2019-01-23","purchased_purges":2,"victory":false,"max_hp_per_floor":[75,75,80,80,80,80,80,80,80,80,80,80,80,80,80,80,108,108,108,108,108,108,108,108,108,108,108,108,108,108,108,108,108,108,108,108],"card_choices":[{"not_picked":["Coolheaded","Go for the Eyes"],"picked":"Leap","floor":1},{"not_picked":["Stack","Gash"],"picked":"FTL","floor":6},{"not_picked":["Consume","Cold Snap"],"picked":"Conserve Battery","floor":7},{"not_picked":["Redo","Hello World"],"picked":"Recycle","floor":8},{"not_picked":["Scrape","Blizzard"],"picked":"Coolheaded","floor":11},{"not_picked":["Skim","Reinforced Body","Stack"],"picked":"SKIP","floor":14},{"not_picked":["Seek","Meteor Strike"],"picked":"Machine Learning","floor":16},{"not_picked":["Loop","Compile Driver"],"picked":"White Noise","floor":18},{"not_picked":["Compile Driver+1","Lockon+1"],"picked":"BootSequence+1","floor":28},{"not_picked":["Creative AI","Ball Lightning+1"],"picked":"Turbo","floor":30},{"not_picked":["Hologram","Aggregate","Skim"],"picked":"SKIP","floor":31},{"not_picked":["Electrodynamics","Thunder Strike"],"picked":"Machine Learning","floor":33},{"not_picked":["Redo","Conserve Battery","Steam"],"picked":"SKIP","floor":35}],"player_experience":198147,"relics_obtained":[{"floor":6,"key":"Kunai"},{"floor":8,"key":"Darkstone Periapt"},{"floor":9,"key":"Blue Candle"},{"floor":17,"key":"Pen Nib"},{"floor":17,"key":"Pear"},{"floor":17,"key":"Nunchaku"},{"floor":19,"key":"Oddly Smooth Stone"},{"floor":21,"key":"Enchiridion"},{"floor":25,"key":"Unceasing Top"},{"floor":26,"key":"Regal Pillow"},{"floor":30,"key":"Bronze Scales"}],"event_choices":[{"damage_healed":0,"gold_gain":0,"player_choice":"Donut","damage_taken":0,"max_hp_gain":5,"max_hp_loss":0,"event_name":"Big Fish","floor":3,"gold_loss":0},{"damage_healed":0,"gold_gain":275,"player_choice":"Desecrate","damage_taken":0,"max_hp_gain":0,"max_hp_loss":0,"event_name":"Golden Shrine","floor":4,"gold_loss":0,"cards_obtained":["Regret"]},{"damage_healed":0,"gold_gain":0,"player_choice":"Got Potions","damage_taken":0,"max_hp_gain":0,"max_hp_loss":0,"event_name":"Lab","floor":12,"gold_loss":0},{"damage_healed":0,"gold_gain":0,"player_choice":"Obtained Book","damage_taken":16,"max_hp_gain":0,"max_hp_loss":0,"event_name":"Cursed Tome","floor":21,"gold_loss":0},{"damage_healed":0,"gold_gain":0,"player_choice":"Ignored","damage_taken":0,"max_hp_gain":0,"max_hp_loss":0,"event_name":"Ghosts","floor":24,"gold_loss":0},{"cards_removed":["Defend_B"],"damage_healed":0,"gold_gain":0,"player_choice":"Gave Gold","damage_taken":0,"max_hp_gain":0,"max_hp_loss":0,"event_name":"Beggar","floor":27,"gold_loss":75},{"damage_healed":0,"gold_gain":0,"player_choice":"Joined the Cult","damage_taken":6,"max_hp_gain":0,"max_hp_loss":0,"event_name":"Nest","floor":29,"gold_loss":0,"cards_obtained":["RitualDagger"]}],"is_beta":false,"boss_relics":[{"not_picked":["Runic Dome","Sozu"],"picked":"Calling Bell"},{"not_picked":["Lizard Tail","Snecko Eye"],"picked":"FrozenCore"}],"items_purged_floors":[2,5],"is_endless":false,"potions_floor_spawned":[1,6,11,18,30],"killed_by":"3 Darklings","ascension_level":1}