{"gold_per_floor":[117,117,130,130,305,305,319,354,407,57,22,22,33,48,48,150,150,166,185,234,245,256,284,284,284,310,310,320,320,332,349,349,445,445,462,476,496,510,510,510,510,520,575,590,590,25,0,15,15,15],"floor_reached":50,"playtime":4397,"items_purged":["Doubt"],"score":491,"play_id":"cdb644fe-3646-44f3-9421-4e78e52f800d","local_time":"20180729013420","is_ascension_mode":true,"campfire_choices":[{"data":"Sunder","floor":6.0,"key":"SMITH"},{"floor":12.0,"key":"REST"},{"data":"Loop","floor":15.0,"key":"SMITH"},{"data":"Zap","floor":25,"key":"SMITH"},{"data":"Tempest","floor":27,"key":"SMITH"},{"data":"Electrodynamics","floor":29,"key":"SMITH"},{"floor":32,"key":"REST"},{"floor":40,"key":"REST"},{"data":"Static Discharge","floor":49,"key":"SMITH"}],"neow_cost":"NONE","seed_source_timestamp":0,"circlet_count":0,"master_deck":["Defend_B","Defend_B","Defend_B","Defend_B","Zap+1","Dualcast","Sunder+1","Cold Snap+1","Static Discharge+1","Go for the Eyes+1","Loop+1","Melter+1","Go for the Eyes+1","Electrodynamics+1","Force Field+1","Go for the Eyes+1","Tempest+1","Steam","Ball Lightning+1","Static Discharge+1","Core Surge+1","Redo+1","Self Repair+1","BootSequence+1","Panache","Thunder Strike+1"],"special_seed":0,"relics":["Cracked Core","Boot","Molten Egg 2","Pen Nib","Thread and Needle","Empty Cage","Bronze Scales","Mercury Hourglass","Oddly Smooth Stone","White Beast Statue","Lantern","Torii","Anchor","Whetstone","Red Mask"],"potions_floor_usage":[30,33,33,37,38,42,50,50,50],"damage_taken":[{"damage":6.0,"enemies":"Jaw Worm","floor":1.0,"turns":3.0},{"damage":1.0,"enemies":"Cultist","floor":3.0,"turns":4.0},{"damage":1.0,"enemies":"Small Slimes","floor":7.0,"turns":2.0},{"damage":37.0,"enemies":"Lagavulin","floor":8.0,"turns":7.0},{"damage":0.0,"enemies":"Exordium Wildlife","floor":13.0,"turns":2.0},{"damage":0.0,"enemies":"3 Louse","floor":14.0,"turns":3.0},{"damage":22.0,"enemies":"Hexaghost","floor":16.0,"turns":9.0},{"damage":2.0,"enemies":"Shell Parasite","floor":18.0,"turns":4.0},{"damage":0.0,"enemies":"Chosen","floor":19.0,"turns":3.0},{"damage":5.0,"enemies":"Snake Plant","floor":21.0,"turns":3.0},{"damage":10.0,"enemies":"Snecko","floor":22.0,"turns":6.0},{"damage":7.0,"enemies":"Gremlin Leader","floor":23.0,"turns":6.0},{"damage":0,"enemies":"Centurion and Healer","floor":28,"turns":4},{"damage":10,"enemies":"Snake Plant","floor":30,"turns":3},{"damage":0,"enemies":"Cultist and Chosen","floor":31,"turns":4},{"damage":23,"enemies":"Collector","floor":33,"turns":8},{"damage":20,"enemies":"Flame Bruiser 1 Orb","floor":35,"turns":5},{"damage":9,"enemies":"Orb Walker","floor":36,"turns":3},{"damage":10,"enemies":"Maw","floor":37,"turns":7},{"damage":5,"enemies":"Spire Growth","floor":38,"turns":4},{"damage":5,"enemies":"4 Shapes","floor":42,"turns":5},{"damage":5,"enemies":"Flame Bruiser 2 Orb","floor":44,"turns":6},{"damage":0,"floor":45,"turns":4},{"damage":5,"enemies":"Sphere and 2 Shapes","floor":48,"turns":4},{"damage":91,"enemies":"Donu and Deca","floor":50,"turns":6}],"seed_played":"8431663723210617995","potions_obtained":[{"floor":1.0,"key":"Weak Potion"},{"floor":3.0,"key":"Dexterity Potion"},{"floor":13.0,"key":"Weak Potion"},{"floor":19.0,"key":"Poison Potion"},{"floor":22.0,"key":"LiquidBronze"},{"floor":23,"key":"SkillPotion"},{"floor":33,"key":"Poison Potion"},{"floor":35,"key":"Explosive Potion"},{"floor":36,"key":"LiquidBronze"},{"floor":37,"key":"SkillPotion"},{"floor":38,"key":"SkillPotion"},{"floor":42,"key":"Block Potion"},{"floor":44,"key":"Regen Potion"}],"is_trial":false,"path_per_floor":["M","?","M","?","?","R","M","E","T","$","?","R","M","M","R","B",null,"M","M","T","M","M","E","?","R","T","R","M","R","M","M","R","B",null,"M","M","M","M","?","R","?","M","T","M","?","$","?","M","R"],"character_chosen":"DEFECT","items_purchased":["Loop","Thread and Needle","Anchor","Whetstone","Panache"],"campfire_rested":3,"item_purchase_floors":[10,10,46,46,46],"current_hp_per_floor":[69,69,68,56,56,56,55,18,18,18,36,58,58,58,58,36,75,73,73,73,68,58,51,51,51,51,51,51,51,41,41,63,40,75,55,46,36,31,31,53,53,58,58,63,73,73,73,75,75,0],"gold":15,"neow_bonus":"REMOVE_CARD","is_prod":false,"is_daily":false,"chose_seed":false,"campfire_upgraded":6,"win_rate":0.0,"timestamp":1532842460,"path_taken":["M","?","M","?","?","R","M","E","T","$","?","R","M","M","R","BOSS","M","M","?","M","M","E","?","R","T","R","M","R","M","?","R","BOSS","M","?","M","M","?","R","?","M","T","M","?","$","?","M","R","BOSS"],"build_version":"2018-07-26","purchased_purges":1,"victory":false,"max_hp_per_floor":[75,75,75,75,75,75,75,75,75,75,75,75,75,75,75,75,75,75,75,75,75,75,75,75,75,75,75,75,75,75,75,75,75,75,75,75,75,75,75,75,75,75,75,75,75,75,75,75,75,75],"card_choices":[{"not_picked":["BootSequence","Cold Snap"],"picked":"Sunder","floor":1.0},{"not_picked":["Reinforced Body","Redo"],"picked":"Cold Snap","floor":3.0},{"not_picked":["Leap","Stack"],"picked":"Static Discharge","floor":7.0},{"not_picked":["Turbo","Buffer"],"picked":"Go for the Eyes","floor":8.0},{"not_picked":["Conserve Battery","Sweeping Beam+1"],"picked":"Melter+1","floor":13.0},{"not_picked":["Leap","Stack"],"picked":"Go for the Eyes+1","floor":14.0},{"not_picked":["Seek","Rainbow"],"picked":"Electrodynamics","floor":16.0},{"not_picked":["Tempest","Scrape+1"],"picked":"Force Field+1","floor":18.0},{"not_picked":["Steam Power+1","Doom and Gloom+1","Conserve Battery"],"picked":"SKIP","floor":19.0},{"not_picked":["Capacitor+1","Beam Cell+1"],"picked":"Go for the Eyes+1","floor":21.0},{"not_picked":["Gash+1","Double Energy"],"picked":"Coolheaded","floor":22.0},{"not_picked":["Double Energy","Go for the Eyes+1"],"picked":"Tempest","floor":23},{"not_picked":["Multi-Cast","Aggregate"],"picked":"Steam","floor":28},{"not_picked":["Loop","Reinforced Body"],"picked":"Ball Lightning+1","floor":30},{"not_picked":["Turbo","Force Field"],"picked":"Static Discharge+1","floor":31},{"not_picked":["Hyperbeam+1","Echo Form"],"picked":"Core Surge+1","floor":33},{"not_picked":["Go for the Eyes+1","Cold Snap+1","Ball Lightning+1"],"picked":"SKIP","floor":35},{"not_picked":["Ball Lightning+1","Lockon+1"],"picked":"Redo+1","floor":36},{"not_picked":["Redo","Rebound+1","Hologram"],"picked":"SKIP","floor":37},{"not_picked":["Scrape+1","Conserve Battery"],"picked":"Self Repair+1","floor":38},{"not_picked":["Beam Cell+1","Stack+1","Steam Power"],"picked":"SKIP","floor":42},{"not_picked":["Double Energy+1","Turbo+1"],"picked":"BootSequence+1","floor":44},{"not_picked":["Sweeping Beam+1","Cold Snap+1"],"picked":"Thunder Strike+1","floor":48}],"player_experience":416906,"relics_obtained":[{"floor":8.0,"key":"Molten Egg 2"},{"floor":9.0,"key":"Pen Nib"},{"floor":20.0,"key":"Bronze Scales"},{"floor":23,"key":"Mercury Hourglass"},{"floor":26,"key":"Oddly Smooth Stone"},{"floor":43,"key":"Lantern"},{"floor":45,"key":"Torii"}],"event_choices":[{"event_name":"Bonfire Elementals","player_choice":"BASIC","floor":2.0,"damage_taken":0.0},{"event_name":"Scrap Ooze","player_choice":"success","floor":4.0,"damage_taken":12.0},{"event_name":"Liars Game","player_choice":"agreed","floor":5.0,"damage_taken":0.0},{"event_name":"The Cleric","player_choice":"Healed","floor":11.0,"damage_taken":0.0},{"event_name":"Drug Dealer","player_choice":"Ignored","floor":24,"damage_taken":0},{"event_name":"Falling","player_choice":"Removed Skill","floor":39,"damage_taken":0},{"event_name":"Mysterious Sphere","player_choice":"Ignore","floor":41,"damage_taken":0},{"event_name":"MindBloom","player_choice":"Fight","floor":45,"damage_taken":0},{"event_name":"Tomb of Lord Red Mask","player_choice":"Paid","floor":47,"damage_taken":0}],"is_beta":false,"boss_relics":[{"not_picked":["Inserter","Nuclear Battery"],"picked":"Empty Cage"},{"not_picked":["Cursed Key","Coffee Dripper"],"picked":"White Beast Statue"}],"items_purged_floors":[46],"is_endless":false,"potions_floor_spawned":[1,3,13,19,22,23,33,35,36,37,38,42,44,45,48],"killed_by":"Donu and Deca","ascension_level":1}