{"gold_per_floor":[113,63,83,83,99,99,134,134,157,172,172,25,59,70,70,174,174,194,194,206,217,217,250,250,267,294,306,140,140,175,194,194,293,293,307,307,60,60,74,103,103,138,138,138,150,150,160,173,173,173],"floor_reached":51,"playtime":4348,"items_purged":["Aggregate"],"score":1171,"play_id":"8579e706-7798-4262-8506-9f5c30f48f04","local_time":"20190303212851","is_ascension_mode":true,"campfire_choices":[{"data":"Beam Cell","floor":6,"key":"SMITH"},{"floor":8,"key":"REST"},{"data":"Electrodynamics","floor":11,"key":"SMITH"},{"data":"Dualcast","floor":15,"key":"SMITH"},{"floor":24,"key":"REST"},{"data":"Lockon","floor":29,"key":"SMITH"},{"floor":32,"key":"REST"},{"floor":41,"key":"REST"},{"floor":49,"key":"REST"}],"neow_cost":"NONE","seed_source_timestamp":1615248759784785,"circlet_count":0,"master_deck":["AscendersBane","Defend_B","Defend_B","Defend_B","Defend_B","Zap+1","Dualcast+1","Rip and Tear","Beam Cell+1","Auto Shields","Electrodynamics+1","Ball Lightning","Core Surge","Conserve Battery","Glacier","Biased Cognition","Stack","Ball Lightning","Genetic Algorithm","FTL","Core Surge","Lockon+1","Bandage Up","Conserve Battery","Meteor Strike","Cold Snap","Defragment","Rainbow"],"relics":["Cracked Core","Bag of Marbles","Happy Flower","Ornamental Fan","Snecko Eye","Mercury Hourglass","Blood Vial","Matryoshka","Eternal Feather","Dodecahedron","Ancient Tea Set","The Courier","Kunai","Darkstone Periapt","Bottled Lightning"],"potions_floor_usage":[7,16,16,16,30,30,33,33,50,50],"damage_taken":[{"damage":7,"enemies":"Small Slimes","floor":1,"turns":4},{"damage":7,"enemies":"Jaw Worm","floor":3,"turns":2},{"damage":0,"enemies":"Cultist","floor":5,"turns":2},{"damage":20,"enemies":"3 Sentries","floor":7,"turns":6},{"damage":8,"enemies":"Blue Slaver","floor":10,"turns":2},{"damage":8,"enemies":"Gremlin Nob","floor":13,"turns":3},{"damage":1,"enemies":"Gremlin Gang","floor":14,"turns":3},{"damage":9,"enemies":"The Guardian","floor":16,"turns":11},{"damage":0,"enemies":"Spheric Guardian","floor":18,"turns":2},{"damage":0,"enemies":"3 Byrds","floor":20,"turns":2},{"damage":9,"enemies":"Shelled Parasite and Fungi","floor":21,"turns":4},{"damage":0,"enemies":"Gremlin Leader","floor":23,"turns":4},{"damage":6,"enemies":"Snecko","floor":25,"turns":4},{"damage":17,"enemies":"Centurion and Healer","floor":27,"turns":5},{"damage":24,"enemies":"Slavers","floor":30,"turns":5},{"damage":10,"enemies":"Snake Plant","floor":31,"turns":2},{"damage":16,"enemies":"Champ","floor":33,"turns":10},{"damage":9,"enemies":"3 Darklings","floor":35,"turns":3},{"damage":0,"enemies":"3 Shapes","floor":39,"turns":5},{"damage":43,"enemies":"Reptomancer","floor":40,"turns":5},{"damage":2,"enemies":"Nemesis","floor":42,"turns":5},{"damage":38,"enemies":"Maw","floor":45,"turns":6},{"damage":14,"enemies":"Spire Growth","floor":47,"turns":5},{"damage":0,"enemies":"4 Shapes","floor":48,"turns":3},{"damage":55,"enemies":"Donu and Deca","floor":50,"turns":9}],"seed_played":"-8104666019434205831","potions_obtained":[{"floor":1,"key":"Strength Potion"},{"floor":7,"key":"EssenceOfSteel"},{"floor":13,"key":"EntropicBrew"},{"floor":16,"key":"FearPotion"},{"floor":18,"key":"SkillPotion"},{"floor":27,"key":"Strength Potion"},{"floor":30,"key":"PowerPotion"},{"floor":31,"key":"Ancient Potion"},{"floor":39,"key":"Dexterity Potion"},{"floor":40,"key":"PowerPotion"}],"is_trial":false,"path_per_floor":["M","?","M","?","M","R","E","R","T","M","R","$","E","M","R","B",null,"M","?","M","M","?","E","R","M","T","M","$","R","E","M","R","B",null,"M","?","$","?","M","E","R","E","T","?","M","T","M","M","R","B",null],"character_chosen":"DEFECT","items_purchased":["Core Surge","Lockon","Bandage Up","Defragment","SteroidPotion","PowerPotion"],"campfire_rested":5,"item_purchase_floors":[12,28,28,37,37,37],"current_hp_per_floor":[61,61,54,47,47,47,27,49,49,41,41,41,33,32,32,23,62,62,62,62,53,39,39,63,57,57,42,42,42,20,12,36,26,67,64,64,64,64,70,33,72,76,76,76,44,44,36,42,80,29],"gold":173,"neow_bonus":"UPGRADE_CARD","is_prod":false,"is_daily":false,"chose_seed":false,"campfire_upgraded":4,"win_rate":0,"timestamp":1551666531,"path_taken":["M","?","M","?","M","R","E","R","T","M","R","$","E","M","R","BOSS","M","?","M","M","?","E","R","M","T","M","$","R","E","M","R","BOSS","M","?","$","?","?","E","R","E","T","?","M","?","M","M","R","BOSS"],"build_version":"2019-01-23","purchased_purges":1,"victory":true,"max_hp_per_floor":[75,75,75,75,75,75,75,75,75,75,75,75,75,75,75,75,75,75,75,75,75,80,80,80,80,80,80,80,80,80,80,80,80,80,80,80,80,80,80,80,80,80,80,80,80,80,80,80,80,80],"card_choices":[{"not_picked":["Auto Shields","Barrage"],"picked":"Rip and Tear","floor":1},{"not_picked":["Consume","Redo"],"picked":"Beam Cell","floor":3},{"not_picked":["Go for the Eyes","Rebound"],"picked":"Auto Shields","floor":5},{"not_picked":["Rip and Tear","Sweeping Beam"],"picked":"Electrodynamics","floor":7},{"not_picked":["Melter","Coolheaded"],"picked":"Ball Lightning","floor":10},{"not_picked":["Steam","Double Energy"],"picked":"Conserve Battery","floor":13},{"not_picked":["Go for the Eyes","Gash"],"picked":"Glacier","floor":14},{"not_picked":["Echo Form","Machine Learning"],"picked":"Biased Cognition","floor":16},{"not_picked":["Sweeping Beam","Redo"],"picked":"Hologram","floor":18},{"not_picked":["Rebound","Sweeping Beam"],"picked":"Ball Lightning","floor":20},{"not_picked":["Rebound","Force Field","Stack"],"picked":"SKIP","floor":21},{"not_picked":["Rip and Tear","Beam Cell"],"picked":"Genetic Algorithm","floor":23},{"not_picked":["Static Discharge","Cold Snap"],"picked":"FTL","floor":25},{"not_picked":["Recycle","Sweeping Beam"],"picked":"Core Surge","floor":27},{"not_picked":["Hello World","Ball Lightning"],"picked":"Conserve Battery","floor":30},{"not_picked":["Aggregate","Storm","Genetic Algorithm"],"picked":"SKIP","floor":31},{"not_picked":["Fission","Thunder Strike"],"picked":"Meteor Strike","floor":33},{"not_picked":["Undo","Leap"],"picked":"Cold Snap","floor":35},{"not_picked":["Sweeping Beam","Conserve Battery","Rebound"],"picked":"SKIP","floor":39},{"not_picked":["Core Surge","FTL","Rebound"],"picked":"SKIP","floor":40},{"not_picked":["Recycle+1","Chaos","Hello World"],"picked":"SKIP","floor":42},{"not_picked":["Barrage","Reprogram","Go for the Eyes"],"picked":"SKIP","floor":45},{"not_picked":["Go for the Eyes","Gash","Double Energy"],"picked":"SKIP","floor":47},{"not_picked":["Compile Driver","Steam"],"picked":"Rainbow","floor":48}],"player_experience":640262,"relics_obtained":[{"floor":7,"key":"Bag of Marbles"},{"floor":9,"key":"Happy Flower"},{"floor":13,"key":"Ornamental Fan"},{"floor":23,"key":"Mercury Hourglass"},{"floor":26,"key":"Blood Vial"},{"floor":30,"key":"Matryoshka"},{"floor":40,"key":"Dodecahedron"},{"floor":42,"key":"Ancient Tea Set"},{"floor":43,"key":"The Courier"},{"floor":43,"key":"Kunai"},{"floor":46,"key":"Darkstone Periapt"},{"floor":46,"key":"Bottled Lightning"}],"event_choices":[{"cards_removed":["Strike_B"],"damage_healed":0,"gold_gain":0,"player_choice":"Card Removal","damage_taken":0,"max_hp_gain":0,"max_hp_loss":0,"event_name":"The Cleric","floor":2,"gold_loss":50},{"cards_removed":["Strike_B"],"damage_healed":0,"gold_gain":0,"player_choice":"Card Removal","damage_taken":7,"max_hp_gain":0,"max_hp_loss":0,"event_name":"Golden Wing","floor":4,"gold_loss":0},{"damage_healed":0,"gold_gain":0,"cards_transformed":["Strike_B","Strike_B"],"player_choice":"Became Test Subject","damage_taken":0,"max_hp_gain":0,"max_hp_loss":0,"event_name":"Drug Dealer","floor":19,"gold_loss":0,"cards_obtained":["Aggregate","Stack"]},{"damage_healed":0,"gold_gain":0,"player_choice":"Shed Blood","damage_taken":19,"max_hp_gain":5,"max_hp_loss":0,"event_name":"Forgotten Altar","floor":22,"gold_loss":0},{"cards_removed":["Hologram"],"damage_healed":0,"gold_gain":0,"player_choice":"Removed Skill","damage_taken":0,"max_hp_gain":0,"max_hp_loss":0,"event_name":"Falling","floor":36,"gold_loss":0},{"damage_healed":0,"gold_gain":0,"player_choice":"Bought 0 Potions","damage_taken":0,"max_hp_gain":0,"max_hp_loss":0,"event_name":"The Woman in Blue","floor":38,"gold_loss":0},{"damage_healed":0,"gold_gain":0,"player_choice":"Memory 1","damage_taken":0,"max_hp_gain":0,"max_hp_loss":0,"event_name":"SensoryStone","floor":44,"gold_loss":0}],"is_beta":false,"boss_relics":[{"not_picked":["Lizard Tail","Ectoplasm"],"picked":"Snecko Eye"},{"not_picked":["Empty Cage","Astrolabe"],"picked":"Eternal Feather"}],"items_purged_floors":[37],"is_endless":false,"potions_floor_spawned":[1,7,13,14,16,18,21,27,30,31,39,40,47,48],"ascension_level":12}