{"gold_per_floor":[117,134,149,167,47,47,58,85,85,85,85,116,130,149,149,244,244,244,10,10,10,10,10,10,10,10,10,10,10,10,10,10,10,10,10,0,0,0,0,0,0,0,0,0,0,0,0,0,0,0],"floor_reached":51,"playtime":4911,"items_purged":["Strike_R"],"score":1106,"play_id":"7b0d40fd-b348-4f46-82ed-93bf2a13f599","local_time":"20190128204612","is_ascension_mode":true,"campfire_choices":[{"data":"Armaments","floor":6,"key":"SMITH"},{"data":"Disarm","floor":10,"key":"SMITH"},{"data":"Anger","floor":15,"key":"SMITH"},{"data":"Offering","floor":23,"key":"SMITH"},{"data":"Metallicize","floor":27,"key":"SMITH"},{"floor":32,"key":"REST"},{"data":"Juggernaut","floor":40,"key":"SMITH"},{"floor":49,"key":"REST"}],"neow_cost":"NONE","seed_source_timestamp":1564447640964916,"circlet_count":0,"master_deck":["AscendersBane","Strike_R","Strike_R+1","Strike_R+1","Defend_R","Defend_R","Defend_R","Defend_R","Bash","Shrug It Off","Carnage+1","Pommel Strike","Armaments+1","Disarm+1","Anger+1","Shrug It Off","Offering+1","Warcry+1","Infernal Blade+1","Metallicize+1","Metallicize+1","Dual Wield+1","Shrug It Off","Juggernaut+1","Pommel Strike+1","Shrug It Off+1","Thinking Ahead","Burning Pact"],"relics":["Burning Blood","Matryoshka","Orichalcum","The Courier","Strawberry","Gremlin Horn","Pear","Ectoplasm","Charon\u0027s Ashes","Question Card","Bronze Scales","Ornamental Fan","Eternal Feather","Red Mask","Bird Faced Urn","Whetstone","Mercury Hourglass"],"potions_floor_usage":[12,12,16,16,25,25,33,33,41,48,50],"damage_taken":[{"damage":9,"enemies":"Cultist","floor":1,"turns":5},{"damage":1,"enemies":"Small Slimes","floor":2,"turns":4},{"damage":3,"enemies":"Jaw Worm","floor":3,"turns":5},{"damage":5,"enemies":"Blue Slaver","floor":4,"turns":4},{"damage":0,"enemies":"Large Slime","floor":7,"turns":4},{"damage":34,"enemies":"3 Sentries","floor":8,"turns":10},{"damage":12,"enemies":"Gremlin Nob","floor":12,"turns":4},{"damage":5,"enemies":"3 Louse","floor":13,"turns":3},{"damage":7,"enemies":"Lots of Slimes","floor":14,"turns":3},{"damage":44,"enemies":"Slime Boss","floor":16,"turns":11},{"damage":13,"enemies":"Spheric Guardian","floor":18,"turns":4},{"damage":0,"enemies":"Chosen","floor":20,"turns":3},{"damage":13,"enemies":"Shelled Parasite and Fungi","floor":22,"turns":4},{"damage":10,"enemies":"Gremlin Leader","floor":25,"turns":3},{"damage":16,"enemies":"Slavers","floor":28,"turns":3},{"damage":8,"enemies":"Snecko","floor":29,"turns":4},{"damage":6,"enemies":"3 Cultists","floor":30,"turns":5},{"damage":6,"enemies":"Sentry and Sphere","floor":31,"turns":3},{"damage":66,"enemies":"Automaton","floor":33,"turns":10},{"damage":35,"enemies":"3 Darklings","floor":35,"turns":4},{"damage":0,"enemies":"3 Shapes","floor":37,"turns":4},{"damage":2,"enemies":"Mind Bloom Boss Battle","floor":38,"turns":13},{"damage":66,"enemies":"Nemesis","floor":41,"turns":5},{"damage":3,"enemies":"Transient","floor":44,"turns":5},{"damage":1,"enemies":"Sphere and 2 Shapes","floor":45,"turns":4},{"damage":13,"enemies":"Writhing Mass","floor":48,"turns":5},{"damage":43,"enemies":"Awakened One","floor":50,"turns":13}],"seed_played":"983887240100066427","potions_obtained":[{"floor":2,"key":"Strength Potion"},{"floor":8,"key":"SteroidPotion"},{"floor":12,"key":"FearPotion"},{"floor":13,"key":"BloodPotion"},{"floor":16,"key":"AttackPotion"},{"floor":22,"key":"Swift Potion"},{"floor":28,"key":"Weak Potion"},{"floor":29,"key":"LiquidBronze"},{"floor":33,"key":"Fire Potion"},{"floor":37,"key":"Explosive Potion"},{"floor":38,"key":"PowerPotion"},{"floor":44,"key":"EssenceOfSteel"}],"is_trial":false,"path_per_floor":["M","M","M","M","$","R","M","E","T","R","T","E","M","M","R","B",null,"M","$","M","$","M","R","?","E","T","R","E","M","M","M","R","B",null,"M","?","M","?","?","R","E","$","T","M","M","?","?","M","R","B",null],"character_chosen":"IRONCLAD","items_purchased":["Armaments","Charon\u0027s Ashes"],"campfire_rested":2,"item_purchase_floors":[5,19],"current_hp_per_floor":[77,82,85,86,86,86,88,60,60,60,67,71,72,71,71,43,90,83,83,89,89,82,82,82,78,78,78,68,66,66,66,97,37,88,59,59,65,69,69,84,36,36,36,45,56,56,56,55,101,74],"gold":0,"neow_bonus":"TEN_PERCENT_HP_BONUS","is_prod":false,"is_daily":false,"chose_seed":false,"campfire_upgraded":6,"win_rate":0,"timestamp":1548726372,"path_taken":["M","M","?","M","$","R","M","E","T","R","?","E","M","?","R","BOSS","M","$","M","$","M","R","?","E","T","R","E","M","M","M","R","BOSS","M","?","M","?","?","R","E","$","T","M","M","?","?","?","R","BOSS"],"build_version":"2019-01-23","purchased_purges":1,"victory":true,"max_hp_per_floor":[88,88,88,88,88,88,88,88,88,88,95,105,105,105,105,105,105,105,105,105,105,105,105,105,105,105,105,105,105,105,105,105,105,105,105,105,105,105,105,105,105,105,105,105,105,105,105,105,105,105],"card_choices":[{"not_picked":["Pommel Strike","Warcry"],"picked":"Shrug It Off","floor":1},{"not_picked":["True Grit","Flame Barrier"],"picked":"Clothesline","floor":2},{"not_picked":["Power Through","Blood for Blood"],"picked":"Carnage","floor":3},{"not_picked":["Intimidate","Warcry"],"picked":"Pommel Strike","floor":4},{"not_picked":["Warcry","Hemokinesis","Searing Blow"],"picked":"SKIP","floor":7},{"not_picked":["Exhume","Dropkick"],"picked":"Disarm","floor":8},{"not_picked":["Twin Strike","Flex"],"picked":"Anger","floor":12},{"not_picked":["Rupture","Perfected Strike","Reckless Charge"],"picked":"SKIP","floor":13},{"not_picked":["Armaments","Flex"],"picked":"Shrug It Off","floor":14},{"not_picked":["Dark Embrace","Exhume"],"picked":"Offering","floor":16},{"not_picked":["Shrug It Off","Wild Strike+1"],"picked":"Warcry+1","floor":18},{"not_picked":["Havoc","Wild Strike"],"picked":"Infernal Blade+1","floor":20},{"not_picked":["Sentinel+1","Perfected Strike","Entrench+1"],"picked":"SKIP","floor":22},{"not_picked":["Bludgeon","Thunderclap"],"picked":"Metallicize","floor":25},{"not_picked":["Body Slam","Whirlwind","Uppercut"],"picked":"Metallicize+1","floor":28},{"not_picked":["Heavy Blade","Warcry","Uppercut"],"picked":"Dual Wield+1","floor":29},{"not_picked":["Cleave","Rampage","Flame Barrier"],"picked":"Shrug It Off","floor":30},{"not_picked":["Power Through","True Grit","Second Wind","Hemokinesis"],"picked":"SKIP","floor":31},{"not_picked":["Brutality","Impervious","Feed"],"picked":"Juggernaut","floor":33},{"not_picked":["Evolve+1","Havoc","Heavy Blade+1","Armaments"],"picked":"SKIP","floor":35},{"not_picked":["Wild Strike+1","True Grit","Combust"],"picked":"Pommel Strike+1","floor":37},{"not_picked":["Reckless Charge+1","Bludgeon","Burning Pact"],"picked":"Shrug It Off+1","floor":41},{"not_picked":["True Grit","Power Through+1","Body Slam+1","Havoc+1"],"picked":"SKIP","floor":44},{"not_picked":["Cleave+1","Rampage","Power Through+1","Entrench"],"picked":"SKIP","floor":45},{"not_picked":["Swift Strike","Sadistic Nature","Chrysalis"],"picked":"Thinking Ahead","floor":46},{"not_picked":["Flex+1","Headbutt","Blood for Blood+1"],"picked":"Burning Pact","floor":48}],"player_experience":504244,"relics_obtained":[{"floor":8,"key":"Matryoshka"},{"floor":9,"key":"Orichalcum"},{"floor":9,"key":"The Courier"},{"floor":11,"key":"Strawberry"},{"floor":11,"key":"Gremlin Horn"},{"floor":12,"key":"Pear"},{"floor":25,"key":"Question Card"},{"floor":26,"key":"Bronze Scales"},{"floor":28,"key":"Ornamental Fan"},{"floor":38,"key":"Bird Faced Urn"},{"floor":41,"key":"Whetstone"},{"floor":43,"key":"Mercury Hourglass"}],"event_choices":[{"damage_healed":0,"gold_gain":0,"player_choice":"Forge","damage_taken":0,"max_hp_gain":0,"max_hp_loss":0,"event_name":"Accursed Blacksmith","floor":24,"gold_loss":0,"cards_upgraded":["Carnage"]},{"damage_healed":0,"gold_gain":0,"player_choice":"Paid","damage_taken":0,"relics_obtained":["Red Mask"],"max_hp_gain":0,"max_hp_loss":0,"event_name":"Tomb of Lord Red Mask","floor":36,"gold_loss":10},{"damage_healed":0,"gold_gain":0,"player_choice":"Fight","damage_taken":0,"max_hp_gain":0,"max_hp_loss":0,"event_name":"MindBloom","floor":38,"gold_loss":0},{"cards_removed":["Clothesline"],"damage_healed":0,"gold_gain":0,"player_choice":"Removed Attack","damage_taken":0,"max_hp_gain":0,"max_hp_loss":0,"event_name":"Falling","floor":39,"gold_loss":0},{"damage_healed":0,"gold_gain":0,"player_choice":"Memory 1","damage_taken":0,"max_hp_gain":0,"max_hp_loss":0,"event_name":"SensoryStone","floor":46,"gold_loss":0},{"cards_removed":["Strike_R"],"damage_healed":0,"gold_gain":0,"player_choice":"Purged","damage_taken":0,"max_hp_gain":0,"max_hp_loss":0,"event_name":"Purifier","floor":47,"gold_loss":0}],"is_beta":false,"boss_relics":[{"not_picked":["Orrery","Calling Bell"],"picked":"Ectoplasm"},{"not_picked":["Philosopher\u0027s Stone","Black Blood"],"picked":"Eternal Feather"}],"items_purged_floors":[5],"is_endless":false,"potions_floor_spawned":[2,8,12,13,16,22,28,29,33,37,38,44],"ascension_level":11}