{"gold_per_floor":[113,133,145,145,145,145,161,186,186,197,197,210,238,258,258,356,356,370,385,400,413,433,433,450,450,450,468,68,83,83,117,117,117],"floor_reached":33,"playtime":1951,"items_purged":["Doubt"],"score":413,"play_id":"e27af8d5-1f8b-4b19-ac7e-c47de822d85f","local_time":"20190117190425","is_ascension_mode":true,"campfire_choices":[{"floor":6.0,"key":"REST"},{"data":"Consume","floor":11.0,"key":"SMITH"},{"floor":15,"key":"REST"},{"data":"Capacitor","floor":23,"key":"SMITH"},{"floor":25,"key":"REST"},{"floor":30,"key":"REST"},{"floor":32,"key":"REST"}],"neow_cost":"PERCENT_DAMAGE","seed_source_timestamp":220851066887317,"circlet_count":0,"master_deck":["Strike_B","Strike_B","Strike_B","Strike_B","Defend_B","Defend_B","Defend_B","Defend_B","Zap+1","Dualcast","Biased Cognition+1","Compile Driver","Go for the Eyes","Flash of Steel","Chill","Zap","Consume+1","Capacitor+1","Core Surge","Self Repair+1","Cold Snap","Coolheaded","Conserve Battery"],"special_seed":0,"relics":["Cracked Core","Ornamental Fan","Blue Candle","Pen Nib","Cursed Key","Smiling Mask","Art of War","TheAbacus","Omamori"],"potions_floor_usage":[16,16,22,31],"damage_taken":[{"damage":1.0,"enemies":"Cultist","floor":1.0,"turns":3.0},{"damage":2.0,"enemies":"2 Louse","floor":2.0,"turns":3.0},{"damage":4.0,"enemies":"Jaw Worm","floor":3.0,"turns":3.0},{"damage":0.0,"enemies":"Red Slaver","floor":7.0,"turns":3.0},{"damage":23.0,"enemies":"3 Sentries","floor":8.0,"turns":8.0},{"damage":9.0,"enemies":"Gremlin Gang","floor":10.0,"turns":4.0},{"damage":0.0,"enemies":"3 Louse","floor":12.0,"turns":3.0},{"damage":8,"enemies":"Gremlin Nob","floor":13,"turns":4},{"damage":0,"enemies":"Blue Slaver","floor":14,"turns":3},{"damage":12,"enemies":"The Guardian","floor":16,"turns":8},{"damage":18,"enemies":"2 Thieves","floor":18,"turns":4},{"damage":7,"enemies":"3 Byrds","floor":19,"turns":5},{"damage":22,"enemies":"Shelled Parasite and Fungi","floor":20,"turns":6},{"damage":4,"enemies":"Snecko","floor":21,"turns":5},{"damage":3,"enemies":"Sentry and Sphere","floor":22,"turns":6},{"damage":32,"enemies":"Shelled Parasite and Fungi","floor":24,"turns":6},{"damage":27,"enemies":"Snake Plant","floor":27,"turns":6},{"damage":0,"enemies":"Centurion and Healer","floor":29,"turns":7},{"damage":38,"enemies":"Slavers","floor":31,"turns":6},{"damage":49,"enemies":"Automaton","floor":33,"turns":6}],"seed_played":"-7620239623523576400","potions_obtained":[{"floor":7.0,"key":"Explosive Potion"},{"floor":8.0,"key":"SkillPotion"},{"floor":13,"key":"Explosive Potion"},{"floor":18,"key":"Dexterity Potion"},{"floor":20,"key":"SkillPotion"},{"floor":24,"key":"Poison Potion"}],"is_trial":false,"path_per_floor":["M","M","M","?","?","R","M","E","T","M","R","M","E","M","R","B",null,"M","M","M","M","M","R","M","R","T","M","$","M","R","E","R","B"],"character_chosen":"DEFECT","items_purchased":["Art of War","TheAbacus"],"campfire_rested":5,"item_purchase_floors":[28,28],"current_hp_per_floor":[49,47,43,28,28,50,50,27,27,18,18,18,10,10,32,20,61,43,36,24,30,37,37,15,37,37,20,20,30,52,24,46,0],"gold":117,"neow_bonus":"THREE_RARE_CARDS","is_prod":false,"is_daily":false,"chose_seed":false,"campfire_upgraded":2,"win_rate":0,"timestamp":1547773465,"path_taken":["M","?","M","?","?","R","?","E","T","M","R","M","E","M","R","BOSS","M","M","?","M","M","R","M","R","T","M","$","M","R","E","R","BOSS"],"build_version":"2019-01-10","purchased_purges":1,"victory":false,"max_hp_per_floor":[75,75,75,75,75,75,75,75,75,75,75,75,75,75,75,75,75,75,75,75,75,75,75,75,75,75,75,75,75,75,75,75,75],"card_choices":[{"not_picked":["Fission","Machine Learning"],"picked":"Biased Cognition","floor":0.0},{"not_picked":["Steam","Sunder"],"picked":"Compile Driver","floor":1.0},{"not_picked":["Conserve Battery","Blizzard"],"picked":"Go for the Eyes","floor":2.0},{"not_picked":["Turbo","Tempest","Reprogram"],"picked":"SKIP","floor":3.0},{"not_picked":["Rip and Tear","Coolheaded"],"picked":"Consume","floor":7.0},{"not_picked":["Stack","Redo","Darkness"],"picked":"SKIP","floor":8.0},{"not_picked":["Consume","Beam Cell","Redo"],"picked":"SKIP","floor":10.0},{"not_picked":["Turbo","Stack","Compile Driver"],"picked":"SKIP","floor":12.0},{"not_picked":["Reinforced Body","Turbo","Double Energy"],"picked":"SKIP","floor":13},{"not_picked":["Hologram","Scrape"],"picked":"Capacitor","floor":14},{"not_picked":["Amplify","Biased Cognition"],"picked":"Core Surge","floor":16},{"not_picked":["Reprogram","Melter","Double Energy+1"],"picked":"SKIP","floor":18},{"not_picked":["Hologram","Compile Driver"],"picked":"Self Repair+1","floor":19},{"not_picked":["Steam+1","Genetic Algorithm+1"],"picked":"Cold Snap","floor":20},{"not_picked":["Turbo","Chaos","Gash+1"],"picked":"SKIP","floor":21},{"not_picked":["Reinforced Body","Streamline","Consume"],"picked":"SKIP","floor":22},{"not_picked":["FTL","Redo"],"picked":"Coolheaded","floor":24},{"not_picked":["Creative AI","Cold Snap"],"picked":"Conserve Battery","floor":27},{"not_picked":["Darkness","Coolheaded","Capacitor"],"picked":"SKIP","floor":29},{"not_picked":["Rebound+1","Aggregate","FTL+1"],"picked":"SKIP","floor":31}],"player_experience":712268,"relics_obtained":[{"floor":8.0,"key":"Ornamental Fan"},{"floor":9.0,"key":"Blue Candle"},{"floor":13,"key":"Pen Nib"},{"floor":26,"key":"Smiling Mask"},{"floor":31,"key":"Omamori"}],"event_choices":[{"damage_healed":0.0,"max_hp_gain":0.0,"max_hp_loss":0.0,"gold_gain":0.0,"event_name":"Shining Light","player_choice":"Entered Light","floor":4.0,"gold_loss":0.0,"damage_taken":15.0,"cards_upgraded":["Biased Cognition","Zap"]},{"damage_healed":0.0,"max_hp_gain":0.0,"max_hp_loss":0.0,"gold_gain":0.0,"event_name":"Match and Keep!","player_choice":"3 cards matched","floor":5.0,"gold_loss":0.0,"damage_taken":0.0,"cards_obtained":["Flash of Steel","Chill","Zap"]}],"is_beta":false,"boss_relics":[{"not_picked":["FrozenCore","Calling Bell"],"picked":"Cursed Key"}],"items_purged_floors":[28],"is_endless":false,"potions_floor_spawned":[7,8,13,18,20,24],"killed_by":"Automaton","ascension_level":9}