{"gold_per_floor":[118,118,143,90,110,151,69,69,96,134,134,170,52,95,95,224,224,245,245,258,297,310,349,349,373,373,373,373,373,248,347,347,466,466,486,586,602,935,935,935,383,395,395,395,395,405,421,421,421,421],"floor_reached":51,"playtime":3981,"items_purged":["Pain"],"score":772,"play_id":"ff85d0f9-ae3c-4cc6-a0ce-becd0657c65b","local_time":"20181108071625","is_ascension_mode":true,"campfire_choices":[{"floor":8,"key":"REST"},{"floor":15,"key":"REST"},{"floor":24,"key":"REST"},{"data":"Seek","floor":28,"key":"SMITH"},{"data":"Loop","floor":32,"key":"SMITH"},{"data":"Biased Cognition","floor":40,"key":"SMITH"},{"data":"Capacitor","floor":45,"key":"SMITH"},{"data":"Zap","floor":49,"key":"SMITH"}],"neow_cost":"PERCENT_DAMAGE","seed_source_timestamp":499452165452,"circlet_count":0,"master_deck":["Defend_B+1","Defend_B+1","Defend_B+1","Defend_B+1","Zap+1","Dualcast+1","Coolheaded","Conserve Battery","Rebound","Compile Driver","Streamline","Melter","Seek+1","Chill","BootSequence","Loop+1","Conserve Battery","Self Repair","Core Surge","Bite","Bite","Bite","Bite","Bite","Capacitor+1","Compile Driver","Cold Snap+1","White Noise","Static Discharge+1","Biased Cognition+1","Hologram","FTL+1","Static Discharge","Dark Shackles","Writhe","Normality","Parasite","Hologram+1","Hologram+1","Glacier"],"relics":["Cracked Core","Centennial Puzzle","War Paint","Incense Burner","Juzu Bracelet","Art of War","Potion Belt","Cursed Key","Red Mask","Prayer Wheel","Lantern","MutagenicStrength","Runic Dome","Orichalcum","Cauldron","Pantograph","Pear"],"potions_floor_usage":[12,14,21,21,23,33,33,46,46,46,50],"damage_taken":[{"damage":0,"enemies":"Cultist","floor":1,"turns":4},{"damage":1,"enemies":"Small Slimes","floor":3,"turns":5},{"damage":0,"enemies":"Jaw Worm","floor":5,"turns":2},{"damage":15,"enemies":"3 Sentries","floor":6,"turns":6},{"damage":7,"enemies":"Lagavulin","floor":10,"turns":7},{"damage":14,"enemies":"Gremlin Nob","floor":12,"turns":3},{"damage":0,"enemies":"Lagavulin","floor":14,"turns":6},{"damage":8,"enemies":"The Guardian","floor":16,"turns":10},{"damage":3,"enemies":"Shell Parasite","floor":18,"turns":5},{"damage":1,"enemies":"3 Byrds","floor":20,"turns":6},{"damage":21,"enemies":"Masked Bandits","floor":21,"turns":6},{"damage":18,"enemies":"Shelled Parasite and Fungi","floor":22,"turns":9},{"damage":50,"enemies":"Gremlin Leader","floor":23,"turns":10},{"damage":0,"enemies":"Centurion and Healer","floor":25,"turns":7},{"damage":29,"enemies":"Collector","floor":33,"turns":14},{"damage":19,"enemies":"3 Darklings","floor":35,"turns":6},{"damage":0,"enemies":"3 Shapes","floor":37,"turns":5},{"damage":12,"enemies":"Transient","floor":42,"turns":5},{"damage":20,"enemies":"Writhing Mass","floor":46,"turns":6},{"damage":8,"enemies":"Maw","floor":47,"turns":7},{"damage":29,"enemies":"Donu and Deca","floor":50,"turns":12}],"seed_played":"2678661385697178273","potions_obtained":[{"floor":6,"key":"FocusPotion"},{"floor":10,"key":"FearPotion"},{"floor":12,"key":"Block Potion"},{"floor":16,"key":"FearPotion"},{"floor":20,"key":"SkillPotion"},{"floor":21,"key":"Poison Potion"},{"floor":25,"key":"FocusPotion"},{"floor":35,"key":"AttackPotion"},{"floor":41,"key":"EssenceOfSteel"},{"floor":41,"key":"Energy Potion"},{"floor":41,"key":"Poison Potion"}],"is_trial":false,"path_per_floor":["M","?","M","$","M","E","$","R","T","E","?","E","$","E","R","B",null,"M","?","M","?","M","E","R","M","T","?","R","?","$","?","R","B",null,"M","?","M","?","?","R","$","M","T","T","R","M","M","?","R","B",null],"character_chosen":"DEFECT","items_purchased":["Streamline","Chill","Loop","Conserve Battery","Energy Potion","Static Discharge","Orichalcum","Cauldron","GamblersBrew","Dark Shackles"],"campfire_rested":3,"item_purchase_floors":[4,7,13,13,30,41,41,41,41,41],"current_hp_per_floor":[54,54,53,53,53,38,38,58,58,51,33,19,19,19,39,38,69,69,48,48,42,48,21,35,48,48,48,48,48,48,48,48,48,48,44,44,48,48,48,48,48,45,45,55,55,56,58,58,58,39],"gold":421,"neow_bonus":"TRANSFORM_TWO_CARDS","is_prod":false,"is_daily":false,"chose_seed":false,"campfire_upgraded":5,"win_rate":0,"timestamp":1541657785,"path_taken":["M","?","M","$","M","E","$","R","T","E","?","E","?","E","R","BOSS","M","?","M","?","M","E","R","M","T","?","R","?","$","?","R","BOSS","M","?","M","?","?","R","$","M","T","?","R","M","M","?","R","BOSS"],"build_version":"2018-11-01","purchased_purges":1,"victory":true,"max_hp_per_floor":[75,69,69,69,69,69,69,69,69,69,69,69,69,69,69,69,69,69,48,48,48,48,48,48,48,48,48,48,48,48,48,48,48,48,48,48,48,48,48,48,48,48,48,58,58,58,58,58,58,58],"card_choices":[{"not_picked":["Beam Cell","Aggregate"],"picked":"Rebound","floor":1},{"not_picked":["Stack","Redo"],"picked":"Compile Driver","floor":3},{"not_picked":["Turbo","Lockon"],"picked":"Melter","floor":5},{"not_picked":["Leap","Redo"],"picked":"Seek","floor":6},{"not_picked":["Coolheaded","Compile Driver"],"picked":"Ball Lightning","floor":10},{"not_picked":["Sunder","Leap"],"picked":"BootSequence","floor":12},{"not_picked":["Gash","Conserve Battery"],"picked":"Self Repair","floor":14},{"not_picked":["Amplify","Meteor Strike"],"picked":"Core Surge","floor":16},{"not_picked":["Barrage+1","Coolheaded","Turbo+1"],"picked":"SKIP","floor":18},{"not_picked":["Loop","Sweeping Beam"],"picked":"Capacitor","floor":20},{"not_picked":["Fusion","Gash+1"],"picked":"Compile Driver","floor":21},{"not_picked":["Leap","Auto Shields"],"picked":"Cold Snap+1","floor":22},{"not_picked":["Leap+1","Sweeping Beam"],"picked":"White Noise","floor":23},{"not_picked":["Streamline","Capacitor+1"],"picked":"Static Discharge+1","floor":25},{"not_picked":["Streamline","Beam Cell","Aggregate+1"],"picked":"SKIP","floor":25},{"not_picked":["Electrodynamics","Echo Form"],"picked":"Biased Cognition","floor":33},{"not_picked":["Gash+1","Stack+1"],"picked":"Hologram","floor":35},{"not_picked":["Rebound+1","Redo+1","Fusion+1"],"picked":"SKIP","floor":35},{"not_picked":["Stack","Cold Snap"],"picked":"FTL+1","floor":37},{"not_picked":["Reprogram","Streamline","Ball Lightning"],"picked":"SKIP","floor":37},{"not_picked":["Doom and Gloom+1","Steam Power+1","Go for the Eyes"],"picked":"SKIP","floor":42},{"not_picked":["Auto Shields","Sweeping Beam","Rebound+1"],"picked":"SKIP","floor":42},{"not_picked":["Beam Cell","Coolheaded+1"],"picked":"Hologram+1","floor":46},{"not_picked":["Beam Cell+1","Compile Driver","Fusion+1"],"picked":"SKIP","floor":46},{"not_picked":["Go for the Eyes+1","Recycle+1"],"picked":"Hologram+1","floor":47},{"not_picked":["Hello World+1","Leap+1"],"picked":"Glacier","floor":47}],"player_experience":241717,"relics_obtained":[{"floor":6,"key":"Centennial Puzzle"},{"floor":9,"key":"War Paint"},{"floor":10,"key":"Incense Burner"},{"floor":12,"key":"Art of War"},{"floor":14,"key":"Potion Belt"},{"floor":21,"key":"Red Mask"},{"floor":23,"key":"Prayer Wheel"},{"floor":26,"key":"Lantern"},{"floor":43,"key":"Pantograph"},{"floor":44,"key":"Pear"}],"event_choices":[{"damage_healed":0,"gold_gain":0,"player_choice":"Lose Max HP","damage_taken":0,"relics_obtained":["Golden Idol"],"max_hp_gain":0,"max_hp_loss":6,"event_name":"Golden Idol","floor":2,"gold_loss":0},{"damage_healed":0,"gold_gain":0,"player_choice":"Success","damage_taken":18,"relics_obtained":["Juzu Bracelet"],"max_hp_gain":0,"max_hp_loss":0,"event_name":"Scrap Ooze","floor":11,"gold_loss":0},{"damage_healed":0,"gold_gain":0,"player_choice":"Became a vampire","damage_taken":0,"max_hp_gain":0,"max_hp_loss":21,"event_name":"Vampires","floor":19,"gold_loss":0,"cards_obtained":["Bite","Bite","Bite","Bite","Bite"]},{"damage_healed":0,"gold_gain":0,"player_choice":"Fought Bandits","damage_taken":0,"max_hp_gain":0,"max_hp_loss":0,"event_name":"Masked Bandits","floor":21,"gold_loss":0},{"damage_healed":0,"gold_gain":0,"player_choice":"Inject Mutagens","damage_taken":0,"relics_obtained":["MutagenicStrength"],"max_hp_gain":0,"max_hp_loss":0,"event_name":"Drug Dealer","floor":27,"gold_loss":0},{"damage_healed":0,"gold_gain":0,"player_choice":"Simplicity","damage_taken":0,"max_hp_gain":0,"max_hp_loss":0,"event_name":"Back to Basics","floor":29,"gold_loss":0,"cards_upgraded":["Defend_B","Defend_B","Defend_B"]},{"damage_healed":0,"gold_gain":99,"player_choice":"Stole From Cult","damage_taken":0,"max_hp_gain":0,"max_hp_loss":0,"event_name":"Nest","floor":31,"gold_loss":0},{"damage_healed":0,"gold_gain":100,"player_choice":"Pray","damage_taken":0,"max_hp_gain":0,"max_hp_loss":0,"event_name":"Golden Shrine","floor":36,"gold_loss":0},{"damage_healed":0,"gold_gain":333,"player_choice":"Gave Idol","damage_taken":0,"max_hp_gain":0,"max_hp_loss":0,"event_name":"The Moai Head","floor":38,"relics_lost":["Golden Idol"],"gold_loss":0},{"cards_removed":["Ball Lightning"],"damage_healed":0,"gold_gain":0,"player_choice":"Removed Attack","damage_taken":0,"max_hp_gain":0,"max_hp_loss":0,"event_name":"Falling","floor":39,"gold_loss":0},{"damage_healed":0,"gold_gain":0,"player_choice":"Ignored","damage_taken":0,"max_hp_gain":0,"max_hp_loss":0,"event_name":"Mysterious Sphere","floor":48,"gold_loss":0}],"is_beta":false,"boss_relics":[{"not_picked":["Fusion Hammer","Calling Bell"],"picked":"Cursed Key"},{"not_picked":["Snecko Eye","Eternal Feather"],"picked":"Runic Dome"}],"items_purged_floors":[30],"is_endless":false,"potions_floor_spawned":[6,10,12,16,20,21,25,35,42],"ascension_level":1}