{"gold_per_floor":[113,124,27,41,11,11,24,24,51,63,80,80,80,100,100,100],"floor_reached":16,"playtime":650,"items_purged":["Defend_R"],"score":99,"play_id":"1664d727-2272-4842-8bbc-f6d1f220dd22","local_time":"20181125133351","is_ascension_mode":true,"campfire_choices":[{"data":"Seeing Red","floor":6,"key":"SMITH"},{"data":"Bash","floor":12,"key":"SMITH"},{"data":"True Grit","floor":15,"key":"SMITH"}],"neow_cost":"NONE","seed_source_timestamp":653942103377051,"circlet_count":0,"master_deck":["Strike_R","Strike_R","Strike_R","Strike_R","Strike_R","Defend_R","Defend_R","Bash+1","Power Through","Seeing Red+1","Cleave","Shrug It Off","Inflame","Entrench","True Grit+1","Iron Wave","Dual Wield"],"relics":["Burning Blood","NeowsBlessing","Regal Pillow"],"potions_floor_usage":[10,16],"damage_taken":[{"damage":0,"enemies":"Cultist","floor":1,"turns":1},{"damage":0,"enemies":"2 Louse","floor":2,"turns":1},{"damage":0,"enemies":"Small Slimes","floor":4,"turns":1},{"damage":0,"enemies":"Looter","floor":5,"turns":4},{"damage":5,"enemies":"2 Fungi Beasts","floor":7,"turns":4},{"damage":13,"enemies":"Large Slime","floor":10,"turns":8},{"damage":7,"enemies":"Blue Slaver","floor":11,"turns":4},{"damage":2,"enemies":"2 Fungi Beasts","floor":14,"turns":4},{"damage":75,"enemies":"Slime Boss","floor":16,"turns":11}],"seed_played":"-6801247261714011769","potions_obtained":[{"floor":7,"key":"AttackPotion"},{"floor":11,"key":"Regen Potion"},{"floor":14,"key":"Strength Potion"}],"is_trial":false,"path_per_floor":["M","M","$","M","M","R","M","$","T","M","M","R","?","M","R","B"],"character_chosen":"IRONCLAD","items_purchased":["Cleave"],"campfire_rested":0,"item_purchase_floors":[3],"current_hp_per_floor":[80,80,80,80,80,80,80,80,80,73,72,72,65,69,69,0],"gold":100,"neow_bonus":"THREE_ENEMY_KILL","is_prod":false,"is_daily":false,"chose_seed":false,"campfire_upgraded":3,"win_rate":0,"timestamp":1543149231,"path_taken":["M","?","$","?","M","R","M","$","T","M","M","R","?","M","R","BOSS"],"build_version":"2018-11-15","purchased_purges":1,"victory":false,"max_hp_per_floor":[80,80,80,80,80,80,80,80,80,80,80,80,80,80,80,80],"card_choices":[{"not_picked":["Thunderclap","Clash"],"picked":"Power Through","floor":1},{"not_picked":["Anger","Headbutt"],"picked":"Seeing Red","floor":2},{"not_picked":["Anger","Wild Strike"],"picked":"Shrug It Off","floor":4},{"not_picked":["Iron Wave","Heavy Blade"],"picked":"Inflame","floor":5},{"not_picked":["Iron Wave","Rage"],"picked":"Entrench","floor":7},{"not_picked":["Headbutt","Havoc"],"picked":"True Grit","floor":10},{"not_picked":["Twin Strike","Heavy Blade"],"picked":"Iron Wave","floor":11},{"not_picked":["Thunderclap","Havoc"],"picked":"Dual Wield","floor":14}],"player_experience":350629,"relics_obtained":[{"floor":9,"key":"Regal Pillow"}],"event_choices":[{"cards_removed":["Defend_R"],"damage_healed":0,"gold_gain":0,"player_choice":"Card Removal","damage_taken":7,"max_hp_gain":0,"max_hp_loss":0,"event_name":"Golden Wing","floor":13,"gold_loss":0}],"is_beta":false,"boss_relics":[],"items_purged_floors":[3],"is_endless":false,"potions_floor_spawned":[7,11,14],"killed_by":"Slime Boss","ascension_level":1}