{"gold_per_floor":[117,134,145,0,0,0,0,12,12,11,29,5,18,34,34,134,134,149,164,64,64,84,84],"floor_reached":23,"playtime":938,"items_purged":["Strike_G","Strike_G"],"score":243,"play_id":"e3a36cf2-d115-44eb-ae6f-eea2ff8a64e0","local_time":"20181224152007","is_ascension_mode":true,"campfire_choices":[{"floor":6,"key":"REST"},{"floor":15,"key":"REST"}],"neow_cost":"PERCENT_DAMAGE","seed_source_timestamp":109451686076707,"circlet_count":0,"master_deck":["Defend_G","Defend_G","Defend_G","Defend_G","Defend_G","Strike_G","Survivor","Neutralize","Dagger Spray","Dodge and Roll","Dagger Spray","Noxious Fumes","Slice","Die Die Die","Flying Knee","Deflect","Bane","Adrenaline","Predator","Bouncing Flask","PiercingWail"],"relics":["Ring of the Snake","Torii","Mercury Hourglass","Letter Opener","Empty Cage","Dodecahedron"],"potions_floor_usage":[8,16,22,22,23,23,23],"damage_taken":[{"damage":16,"enemies":"Jaw Worm","floor":1,"turns":8},{"damage":0,"enemies":"Cultist","floor":2,"turns":4},{"damage":0,"enemies":"Small Slimes","floor":3,"turns":3},{"damage":0,"enemies":"2 Fungi Beasts","floor":8,"turns":3},{"damage":17,"enemies":"Exordium Thugs","floor":10,"turns":4},{"damage":2,"enemies":"Looter","floor":11,"turns":3},{"damage":0,"enemies":"3 Louse","floor":13,"turns":1},{"damage":0,"enemies":"Exordium Thugs","floor":14,"turns":4},{"damage":49,"enemies":"Slime Boss","floor":16,"turns":9},{"damage":10,"enemies":"Spheric Guardian","floor":18,"turns":6},{"damage":0,"enemies":"3 Byrds","floor":19,"turns":3},{"damage":24,"enemies":"Cultist and Chosen","floor":22,"turns":5},{"damage":19,"enemies":"Centurion and Healer","floor":23,"turns":4}],"seed_played":"-5402620514701667960","potions_obtained":[{"floor":1,"key":"EntropicBrew"},{"floor":2,"key":"GhostInAJar"},{"floor":13,"key":"Swift Potion"},{"floor":19,"key":"Block Potion"},{"floor":22,"key":"SkillPotion"}],"is_trial":false,"path_per_floor":["M","M","M","$","?","R","T","M","T","M","M","$","M","M","R","B",null,"M","M","$","?","M","M"],"character_chosen":"THE_SILENT","items_purchased":["Noxious Fumes","Deflect"],"campfire_rested":2,"item_purchase_floors":[4,12],"current_hp_per_floor":[29,29,29,29,29,50,50,50,50,33,31,31,31,31,52,3,53,43,43,43,43,19,0],"gold":84,"neow_bonus":"ONE_RARE_RELIC","is_prod":false,"is_daily":false,"chose_seed":false,"campfire_upgraded":0,"win_rate":0,"timestamp":1545661207,"path_taken":["M","M","M","$","?","R","?","M","T","M","M","?","M","?","R","BOSS","M","M","$","?","M","M"],"build_version":"2018-12-20","purchased_purges":2,"victory":false,"max_hp_per_floor":[70,70,70,70,70,70,70,70,70,70,70,70,70,70,70,70,70,70,70,70,70,70,70],"card_choices":[{"not_picked":["Blur","Bane"],"picked":"Dagger Spray","floor":1},{"not_picked":["Choke","Eviscerate"],"picked":"Dodge and Roll","floor":2},{"not_picked":["Quick Slash","Outmaneuver"],"picked":"Dagger Spray","floor":3},{"not_picked":["Underhanded Strike","Poisoned Stab"],"picked":"Slice","floor":8},{"not_picked":["Underhanded Strike","Poisoned Stab"],"picked":"Die Die Die","floor":10},{"not_picked":["Deadly Poison","Underhanded Strike"],"picked":"Flying Knee","floor":11},{"not_picked":["Dagger Throw","Choke"],"picked":"Bane","floor":13},{"not_picked":["Blade Dance","Quick Slash","Flechettes"],"picked":"SKIP","floor":14},{"not_picked":["Night Terror","Glass Knife"],"picked":"Adrenaline","floor":16},{"not_picked":["Eviscerate","Endless Agony"],"picked":"Predator","floor":18},{"not_picked":["Dagger Spray","Expertise"],"picked":"Bouncing Flask","floor":19},{"not_picked":["Flechettes","Prepared+1"],"picked":"PiercingWail","floor":22}],"player_experience":453347,"relics_obtained":[{"floor":7,"key":"Mercury Hourglass"},{"floor":9,"key":"Letter Opener"}],"event_choices":[{"damage_healed":0,"gold_gain":0,"player_choice":"Fled","damage_taken":0,"max_hp_gain":0,"max_hp_loss":0,"event_name":"Scrap Ooze","floor":5,"gold_loss":0},{"damage_healed":0,"gold_gain":0,"player_choice":"Opened","damage_taken":0,"relics_obtained":["Dodecahedron"],"max_hp_gain":0,"max_hp_loss":0,"event_name":"The Mausoleum","floor":21,"gold_loss":0}],"is_beta":false,"boss_relics":[{"not_picked":["Black Star","Runic Dome"],"picked":"Empty Cage"}],"items_purged_floors":[4,20],"is_endless":false,"potions_floor_spawned":[1,2,13,19,22],"killed_by":"Centurion and Healer","ascension_level":6}