{"gold_per_floor":[109,109,128,128,148,148,186,10,10,35,48,48,68,68,68,193,193,187,187,206,222,222],"floor_reached":22,"playtime":773,"items_purged":[],"score":207,"play_id":"efe2fa23-92be-4ee6-b3d1-d083e9c51718","local_time":"20181109102559","is_ascension_mode":true,"campfire_choices":[{"data":"Defragment","floor":6,"key":"SMITH"},{"data":"Apotheosis","floor":12,"key":"SMITH"},{"floor":15,"key":"REST"}],"neow_cost":"NONE","seed_source_timestamp":22414701570249,"circlet_count":0,"master_deck":["Strike_B","Strike_B","Strike_B","Defend_B","Defend_B","Defend_B","Defend_B","Zap","Dualcast","Streamline","Defragment+1","Gash","Blizzard","Apotheosis+1","Cold Snap","Hologram","Steam","Creative AI","Cold Snap","Hello World","Defragment","Consume"],"relics":["Cracked Core","NeowsBlessing","Golden Idol","NlothsMask","Bottled Flame","Inserter"],"potions_floor_usage":[7,16,22],"damage_taken":[{"damage":0,"enemies":"2 Louse","floor":1,"turns":1},{"damage":0,"enemies":"Jaw Worm","floor":3,"turns":1},{"damage":0,"enemies":"Cultist","floor":5,"turns":1},{"damage":15,"enemies":"Gremlin Nob","floor":7,"turns":4},{"damage":13,"enemies":"Red Slaver","floor":10,"turns":3},{"damage":16,"enemies":"Large Slime","floor":11,"turns":4},{"damage":11,"enemies":"Blue Slaver","floor":13,"turns":3},{"damage":17,"enemies":"The Guardian","floor":16,"turns":13},{"damage":22,"enemies":"2 Thieves","floor":18,"turns":4},{"damage":10,"enemies":"Chosen","floor":20,"turns":6},{"damage":20,"enemies":"Snake Plant","floor":21,"turns":5},{"damage":29,"enemies":"3 Cultists","floor":22,"turns":3}],"seed_played":"5532373641325508719","potions_obtained":[{"floor":1,"key":"EssenceOfSteel"},{"floor":10,"key":"Regen Potion"},{"floor":13,"key":"Ancient Potion"},{"floor":20,"key":"Regen Potion"}],"is_trial":false,"path_per_floor":["M","?","M","?","M","R","E","$","T","M","M","R","M","?","R","B",null,"M","?","M","M","M"],"character_chosen":"DEFECT","items_purchased":["Apotheosis"],"campfire_rested":1,"item_purchase_floors":[8],"current_hp_per_floor":[75,69,69,69,69,69,54,54,54,41,25,25,14,19,41,39,74,52,52,42,22,0],"gold":222,"neow_bonus":"THREE_ENEMY_KILL","is_prod":false,"is_daily":false,"chose_seed":false,"campfire_upgraded":2,"win_rate":0,"timestamp":1541755559,"path_taken":["M","?","M","?","?","R","E","?","T","?","M","R","M","?","R","BOSS","M","?","M","M","?"],"build_version":"2018-11-01","purchased_purges":0,"victory":false,"max_hp_per_floor":[75,69,69,69,69,69,69,69,69,69,69,69,69,74,74,74,74,74,74,74,74,74],"card_choices":[{"not_picked":["Fusion","Tempest"],"picked":"Streamline","floor":1},{"not_picked":["Leap","Beam Cell"],"picked":"Defragment","floor":3},{"not_picked":["Recycle","Beam Cell"],"picked":"Gash","floor":5},{"not_picked":["Fusion","Double Energy"],"picked":"Blizzard","floor":7},{"not_picked":["Leap","FTL"],"picked":"Cold Snap","floor":10},{"not_picked":["Skim","Force Field"],"picked":"Hologram","floor":11},{"not_picked":["Sweeping Beam","FTL"],"picked":"Steam","floor":13},{"not_picked":["Fission","Meteor Strike"],"picked":"Creative AI","floor":16},{"not_picked":["Auto Shields","Streamline"],"picked":"Cold Snap","floor":18},{"not_picked":["Auto Shields","Streamline+1"],"picked":"Defragment","floor":20},{"not_picked":["Streamline","Ball Lightning"],"picked":"Consume","floor":21}],"player_experience":247682,"relics_obtained":[{"floor":7,"key":"Bottled Flame"}],"event_choices":[{"damage_healed":0,"gold_gain":0,"player_choice":"Lose Max HP","damage_taken":0,"relics_obtained":["Golden Idol"],"max_hp_gain":0,"max_hp_loss":6,"event_name":"Golden Idol","floor":2,"gold_loss":0},{"damage_healed":0,"gold_gain":0,"player_choice":"Trade","damage_taken":0,"relics_obtained":["NlothsMask"],"max_hp_gain":0,"max_hp_loss":0,"event_name":"FaceTrader","floor":4,"gold_loss":0},{"damage_healed":0,"gold_gain":0,"player_choice":"Donut","damage_taken":0,"max_hp_gain":5,"max_hp_loss":0,"event_name":"Big Fish","floor":14,"gold_loss":0},{"damage_healed":0,"gold_gain":0,"cards_transformed":["Strike_B"],"player_choice":"Transformed","damage_taken":0,"max_hp_gain":0,"max_hp_loss":0,"event_name":"Transmorgrifier","floor":19,"gold_loss":0,"cards_obtained":["Hello World"]}],"is_beta":false,"boss_relics":[{"not_picked":["Empty Cage","Snecko Eye"],"picked":"Inserter"}],"items_purged_floors":[],"is_endless":false,"potions_floor_spawned":[1,10,13,20],"killed_by":"3 Cultists","ascension_level":2}