{"gold_per_floor":[209,209,220,3,19,19,46,46,46,56,83,83,2,22,22,22],"floor_reached":16,"playtime":454,"items_purged":["Strike_G"],"score":135,"play_id":"50678ce5-e17b-451c-94b5-c64fa94d7caa","local_time":"20190105193812","is_ascension_mode":true,"campfire_choices":[{"data":"Adrenaline","floor":6,"key":"SMITH"},{"floor":15,"key":"REST"}],"neow_cost":"NONE","seed_source_timestamp":329130778937357,"circlet_count":0,"master_deck":["Defend_G","Defend_G","Defend_G","Defend_G","Defend_G","Strike_G","Strike_G+1","Strike_G+1","Survivor","Neutralize","Deadly Poison","Sucker Punch","Adrenaline+1","Flying Knee","Endless Agony","Cloak And Dagger","Panacea","Bane"],"relics":["Ring of the Snake","Bottled Lightning","Frozen Egg 2","Bag of Marbles"],"potions_floor_usage":[],"damage_taken":[{"damage":7,"enemies":"Small Slimes","floor":1,"turns":6},{"damage":0,"enemies":"Cultist","floor":3,"turns":3},{"damage":0,"enemies":"2 Louse","floor":5,"turns":3},{"damage":22,"enemies":"Gremlin Nob","floor":7,"turns":4},{"damage":0,"enemies":"Exordium Wildlife","floor":10,"turns":3},{"damage":0,"enemies":"Exordium Thugs","floor":14,"turns":2},{"damage":55,"enemies":"Slime Boss","floor":16,"turns":13}],"seed_played":"-1377756284899515571","potions_obtained":[{"floor":5,"key":"FairyPotion"},{"floor":10,"key":"SteroidPotion"}],"is_trial":false,"path_per_floor":["M","?","M","$","M","R","E","?","T","M","T","?","$","M","R","B"],"character_chosen":"THE_SILENT","items_purchased":["Adrenaline","Panacea"],"campfire_rested":1,"item_purchase_floors":[4,13],"current_hp_per_floor":[56,42,42,42,42,42,20,20,20,20,20,20,20,20,41,0],"gold":22,"neow_bonus":"HUNDRED_GOLD","is_prod":false,"is_daily":false,"chose_seed":false,"campfire_upgraded":1,"win_rate":0,"timestamp":1546713492,"path_taken":["M","?","M","$","M","R","E","?","T","?","?","?","?","M","R","BOSS"],"build_version":"2019-01-03v4","purchased_purges":1,"victory":false,"max_hp_per_floor":[70,70,70,70,70,70,70,70,70,70,70,70,70,70,70,70],"card_choices":[{"not_picked":["Underhanded Strike","Escape Plan"],"picked":"Deadly Poison","floor":1},{"not_picked":["Slice","Crippling Poison"],"picked":"Sucker Punch","floor":3},{"not_picked":["Deadly Poison","Envenom"],"picked":"Flying Knee","floor":5},{"not_picked":["Bane","Glass Knife","Acrobatics"],"picked":"SKIP","floor":7},{"not_picked":["Underhanded Strike","Endless Agony"],"picked":"Cloak And Dagger","floor":10},{"not_picked":["Sucker Punch","Poisoned Stab"],"picked":"Bane","floor":14}],"player_experience":481541,"relics_obtained":[{"floor":7,"key":"Bottled Lightning"},{"floor":9,"key":"Frozen Egg 2"},{"floor":11,"key":"Bag of Marbles"}],"event_choices":[{"damage_healed":0,"gold_gain":0,"player_choice":"Entered Light","damage_taken":14,"max_hp_gain":0,"max_hp_loss":0,"event_name":"Shining Light","floor":2,"gold_loss":0,"cards_upgraded":["Strike_G","Strike_G"]},{"damage_healed":0,"gold_gain":0,"cards_transformed":["Strike_G"],"player_choice":"Transformed","damage_taken":0,"max_hp_gain":0,"max_hp_loss":0,"event_name":"Transmorgrifier","floor":8,"gold_loss":0,"cards_obtained":["Endless Agony"]},{"damage_healed":0,"gold_gain":0,"player_choice":"Ignored","damage_taken":0,"max_hp_gain":0,"max_hp_loss":0,"event_name":"Liars Game","floor":12,"gold_loss":0}],"is_beta":false,"boss_relics":[],"items_purged_floors":[4],"is_endless":false,"potions_floor_spawned":[5,10],"killed_by":"Slime Boss","ascension_level":7}