{"gold_per_floor":[214,180,210,229,242,242,277,277,277,287,312,332,332,8,8,104,104,117,135,135,135,151,151,162,162,162,77,77,42,61,73,73,73],"floor_reached":33,"playtime":1338,"items_purged":["Strike_G"],"score":436,"play_id":"46b503df-a0b9-4b8e-b748-6a0c590b040a","local_time":"20190211172145","is_ascension_mode":true,"campfire_choices":[{"data":"Neutralize","floor":6,"key":"SMITH"},{"floor":8,"key":"REST"},{"floor":15,"key":"REST"},{"data":"Envenom","floor":23,"key":"SMITH"},{"floor":25,"key":"REST"},{"data":"Footwork","floor":28,"key":"SMITH"},{"floor":32,"key":"REST"}],"neow_cost":"NONE","seed_source_timestamp":709148615230892,"circlet_count":0,"master_deck":["AscendersBane","Defend_G","Defend_G","Defend_G","Defend_G","Survivor","Neutralize+1","Deadly Poison+1","Flying Knee","Bouncing Flask","Calculated Gamble","Footwork+1","Envenom+1","Deflect","Corpse Explosion","Escape Plan","Bite","Bite","Bite","Bite","Bite","Distraction","Poisoned Stab","Backflip","Noxious Fumes","Blur","Backflip"],"relics":["Ring of the Serpent","Tiny Chest","Turnip","Matryoshka","Potion Belt","Lantern","Question Card","Omamori"],"potions_floor_usage":[5,11,18,19,22,24,33],"damage_taken":[{"damage":0,"enemies":"2 Louse","floor":1,"turns":3},{"damage":2,"enemies":"Jaw Worm","floor":4,"turns":4},{"damage":0,"enemies":"Small Slimes","floor":5,"turns":5},{"damage":30,"enemies":"3 Sentries","floor":7,"turns":12},{"damage":4,"enemies":"Looter","floor":10,"turns":4},{"damage":18,"enemies":"Lagavulin","floor":11,"turns":4},{"damage":4,"enemies":"Blue Slaver","floor":12,"turns":4},{"damage":5,"enemies":"Hexaghost","floor":16,"turns":9},{"damage":6,"enemies":"Shell Parasite","floor":18,"turns":7},{"damage":12,"enemies":"Spheric Guardian","floor":19,"turns":4},{"damage":30,"enemies":"Shelled Parasite and Fungi","floor":22,"turns":8},{"damage":29,"enemies":"Cultist and Chosen","floor":24,"turns":6},{"damage":36,"enemies":"Snake Plant","floor":30,"turns":6},{"damage":7,"enemies":"Centurion and Healer","floor":31,"turns":5},{"damage":35,"enemies":"Collector","floor":33,"turns":3}],"seed_played":"7284807990189734052","potions_obtained":[{"floor":1,"key":"GhostInAJar"},{"floor":7,"key":"PowerPotion"},{"floor":10,"key":"Dexterity Potion"},{"floor":19,"key":"PowerPotion"},{"floor":22,"key":"Poison Potion"},{"floor":31,"key":"Regen Potion"}],"is_trial":false,"path_per_floor":["M","?","?","M","M","R","E","R","T","M","E","M","?","$","R","B",null,"M","M","?","?","M","R","M","R","T","?","R","$","M","M","R","B"],"character_chosen":"THE_SILENT","items_purchased":["Envenom","Deflect","Poison Potion","Noxious Fumes"],"campfire_rested":4,"item_purchase_floors":[14,14,14,29],"current_hp_per_floor":[63,63,60,58,58,58,28,49,49,45,27,23,9,9,30,25,59,53,41,41,41,31,31,14,28,28,28,28,28,2,3,17,0],"gold":73,"neow_bonus":"HUNDRED_GOLD","is_prod":false,"is_daily":false,"chose_seed":false,"campfire_upgraded":3,"win_rate":0,"timestamp":1549902105,"path_taken":["M","?","?","M","M","R","E","R","T","M","E","M","?","$","R","BOSS","M","M","?","?","M","R","M","R","T","?","R","$","M","M","R","BOSS"],"build_version":"2019-01-23","purchased_purges":1,"victory":false,"max_hp_per_floor":[70,70,70,70,70,70,70,70,70,70,70,70,70,70,70,70,70,70,70,49,49,49,49,49,49,49,49,49,49,49,49,49,49],"card_choices":[{"not_picked":["Reflex","Eviscerate"],"picked":"Deadly Poison","floor":1},{"not_picked":["Distraction","Sucker Punch"],"picked":"Flying Knee","floor":4},{"not_picked":["Deflect","Masterful Stab"],"picked":"Quick Slash","floor":5},{"not_picked":["Endless Agony","Infinite Blades"],"picked":"Bouncing Flask","floor":7},{"not_picked":["Backflip","Deflect"],"picked":"Calculated Gamble","floor":10},{"not_picked":["Expertise","Acrobatics","Tactician"],"picked":"SKIP","floor":11},{"not_picked":["Masterful Stab","Flying Knee"],"picked":"Footwork","floor":12},{"not_picked":["Wraith Form v2","Tools of the Trade"],"picked":"Corpse Explosion","floor":16},{"not_picked":["Prepared+1","Sucker Punch+1","Deadly Poison"],"picked":"SKIP","floor":18},{"not_picked":["Dagger Throw","Choke+1"],"picked":"Escape Plan","floor":19},{"not_picked":["Underhanded Strike","Cloak And Dagger"],"picked":"Backflip","floor":22},{"not_picked":["Heel Hook","Predator","Prepared"],"picked":"SKIP","floor":24},{"not_picked":["Noxious Fumes","Prepared","Bane"],"picked":"Blur","floor":30},{"not_picked":["Deadly Poison","Bane","Caltrops"],"picked":"Backflip","floor":31}],"player_experience":614684,"relics_obtained":[{"floor":7,"key":"Turnip"},{"floor":9,"key":"Matryoshka"},{"floor":11,"key":"Potion Belt"},{"floor":26,"key":"Lantern"},{"floor":26,"key":"Question Card"}],"event_choices":[{"damage_healed":0,"gold_gain":0,"player_choice":"Left Gold","damage_taken":0,"max_hp_gain":0,"max_hp_loss":0,"event_name":"World of Goop","floor":2,"gold_loss":34},{"damage_healed":0,"gold_gain":0,"player_choice":"Success","damage_taken":3,"relics_obtained":["Tiny Chest"],"max_hp_gain":0,"max_hp_loss":0,"event_name":"Scrap Ooze","floor":3,"gold_loss":0},{"damage_healed":0,"gold_gain":0,"player_choice":"Entered Light","damage_taken":14,"max_hp_gain":0,"max_hp_loss":0,"event_name":"Shining Light","floor":13,"gold_loss":0,"cards_upgraded":["Strike_G","Deadly Poison"]},{"damage_healed":0,"gold_gain":0,"player_choice":"Became a vampire","damage_taken":0,"max_hp_gain":0,"max_hp_loss":21,"event_name":"Vampires","floor":20,"gold_loss":0,"cards_obtained":["Bite","Bite","Bite","Bite","Bite"]},{"damage_healed":0,"gold_gain":0,"cards_transformed":["Quick Slash","Defend_G"],"player_choice":"Became Test Subject","damage_taken":0,"max_hp_gain":0,"max_hp_loss":0,"event_name":"Drug Dealer","floor":21,"gold_loss":0,"cards_obtained":["Distraction","Poisoned Stab"]},{"damage_healed":0,"gold_gain":0,"player_choice":"Obtained Relic","damage_taken":0,"relics_obtained":["Omamori"],"max_hp_gain":0,"max_hp_loss":0,"event_name":"Addict","floor":27,"gold_loss":85}],"is_beta":false,"boss_relics":[{"not_picked":["Cursed Key","Tiny House"],"picked":"Ring of the Serpent"}],"items_purged_floors":[14],"is_endless":false,"potions_floor_spawned":[1,7,10,19,22,31],"killed_by":"Collector","ascension_level":12}