{"gold_per_floor":[111,111,111,123,48,48,82,82,82,82,101,134,144,175,175,247,247,260,260,274,274,293,293,313,346,392,392,286,286,286,296,296,296],"floor_reached":33,"playtime":2357,"items_purged":[],"score":620,"play_id":"9316996f-aa8a-4e0c-a55d-c401e7c57b0c","local_time":"20190302211629","is_ascension_mode":true,"campfire_choices":[{"data":"Bash","floor":6.0,"key":"SMITH"},{"data":"Spot Weakness","floor":15.0,"key":"SMITH"},{"floor":23.0,"key":"REST"},{"data":"Perfected Strike","floor":32.0,"key":"SMITH"}],"neow_cost":"NONE","seed_source_timestamp":23325838082060,"circlet_count":0,"master_deck":["AscendersBane","Strike_R","Strike_R","Strike_R","Strike_R","Defend_R","Defend_R","Defend_R","Bash+1","Perfected Strike+1","Offering","Spot Weakness+1","Twin Strike","Disarm","Flame Barrier","Reaper","Combust+1","Thunderclap","Disarm","Perfected Strike+1","Flex+1"],"special_seed":0,"relics":["Burning Blood","NeowsBlessing","Bottled Lightning","Frozen Egg 2","Gremlin Horn","Mercury Hourglass","Oddly Smooth Stone","Runic Pyramid","Lantern","Torii","Bronze Scales","Toxic Egg 2"],"potions_floor_usage":[33],"damage_taken":[{"damage":0.0,"enemies":"2 Louse","floor":1.0,"turns":1.0},{"damage":0.0,"enemies":"Small Slimes","floor":4.0,"turns":1.0},{"damage":0.0,"enemies":"Lagavulin","floor":7.0,"turns":1.0},{"damage":6.0,"enemies":"Cultist","floor":11.0,"turns":2.0},{"damage":14.0,"enemies":"Gremlin Nob","floor":12.0,"turns":3.0},{"damage":11.0,"enemies":"Exordium Wildlife","floor":13.0,"turns":3.0},{"damage":11.0,"enemies":"3 Sentries","floor":14.0,"turns":5.0},{"damage":12.0,"enemies":"The Guardian","floor":16.0,"turns":10.0},{"damage":30.0,"enemies":"Shell Parasite","floor":18.0,"turns":5.0},{"damage":8.0,"enemies":"Chosen","floor":20.0,"turns":3.0},{"damage":24.0,"enemies":"Colosseum Slavers","floor":21.0,"turns":4.0},{"damage":32.0,"enemies":"Snecko","floor":22.0,"turns":5.0},{"damage":17.0,"enemies":"Centurion and Healer","floor":24.0,"turns":6.0},{"damage":41.0,"enemies":"Slavers","floor":25.0,"turns":4.0},{"damage":6.0,"enemies":"Shelled Parasite and Fungi","floor":30.0,"turns":1.0},{"damage":7.0,"enemies":"3 Cultists","floor":31.0,"turns":3.0},{"damage":80,"enemies":"Automaton","floor":33,"turns":8}],"seed_played":"-8501790830121165564","potions_obtained":[{"floor":11.0,"key":"GamblersBrew"},{"floor":13.0,"key":"EntropicBrew"},{"floor":18.0,"key":"SpeedPotion"},{"floor":24.0,"key":"Block Potion"},{"floor":25.0,"key":"SmokeBomb"}],"is_trial":false,"path_per_floor":["M","?","?","M","?","R","E","T","T","T","M","E","M","E","R","B",null,"M","T","M","?","M","R","M","E","T","T","$","?","M","M","R","B"],"character_chosen":"IRONCLAD","items_purchased":["Strength Potion","Flex+1"],"campfire_rested":1,"item_purchase_floors":[28,28],"current_hp_per_floor":[74,67,67,73,73,73,75,75,75,75,75,67,62,57,57,51,69,57,57,55,41,18,40,53,36,36,36,36,36,36,71,71,0],"gold":296,"neow_bonus":"THREE_ENEMY_KILL","is_prod":false,"is_daily":false,"chose_seed":false,"campfire_upgraded":3,"win_rate":0,"timestamp":1551521789,"path_taken":["M","?","?","?","?","R","E","?","T","?","M","E","M","E","R","BOSS","M","?","M","?","M","R","M","E","T","?","$","?","M","M","R","BOSS"],"build_version":"2019-01-23","purchased_purges":0,"victory":false,"max_hp_per_floor":[75,75,75,75,75,75,75,75,75,75,75,75,75,75,75,75,75,75,75,75,75,75,75,75,75,75,75,75,75,75,75,75,75],"card_choices":[{"not_picked":["Clash","Thunderclap"],"picked":"Perfected Strike","floor":1.0},{"not_picked":["Cleave","True Grit"],"picked":"Offering","floor":4.0},{"not_picked":["Pommel Strike","Sword Boomerang"],"picked":"Spot Weakness","floor":7.0},{"not_picked":["Evolve+1","Wild Strike"],"picked":"Twin Strike","floor":11.0},{"not_picked":["Fire Breathing+1","Clash"],"picked":"Disarm","floor":12.0},{"not_picked":["Clothesline","Armaments","Entrench"],"picked":"SKIP","floor":13.0},{"not_picked":["Armaments","Pommel Strike"],"picked":"Flame Barrier","floor":14.0},{"not_picked":["Demon Form+1","Impervious"],"picked":"Reaper","floor":16.0},{"not_picked":["Power Through","Clash"],"picked":"Combust+1","floor":18.0},{"not_picked":["Warcry","Infernal Blade"],"picked":"Thunderclap","floor":20.0},{"not_picked":["Heavy Blade+1","Clothesline","Rampage"],"picked":"SKIP","floor":22.0},{"not_picked":["Sever Soul","Blood for Blood"],"picked":"Disarm","floor":24.0},{"not_picked":["Fiend Fire","Body Slam"],"picked":"Perfected Strike","floor":25.0},{"not_picked":["True Grit+1","Carnage","Combust+1"],"picked":"SKIP","floor":31.0}],"player_experience":781414,"relics_obtained":[{"floor":7.0,"key":"Bottled Lightning"},{"floor":8.0,"key":"Frozen Egg 2"},{"floor":9.0,"key":"Gremlin Horn"},{"floor":12.0,"key":"Mercury Hourglass"},{"floor":14.0,"key":"Oddly Smooth Stone"},{"floor":19.0,"key":"Lantern"},{"floor":25.0,"key":"Torii"},{"floor":26.0,"key":"Bronze Scales"},{"floor":27.0,"key":"Toxic Egg 2"}],"event_choices":[{"cards_removed":["Strike_R"],"damage_healed":0.0,"max_hp_gain":0.0,"max_hp_loss":0.0,"gold_gain":0.0,"event_name":"Golden Wing","player_choice":"Card Removal","floor":2.0,"gold_loss":0.0,"damage_taken":7.0},{"damage_healed":0.0,"max_hp_gain":0.0,"max_hp_loss":0.0,"gold_gain":0.0,"event_name":"Upgrade Shrine","player_choice":"Upgraded","floor":3.0,"gold_loss":0.0,"damage_taken":0.0,"cards_upgraded":["Perfected Strike"]},{"cards_removed":["Defend_R"],"damage_healed":0.0,"max_hp_gain":0.0,"max_hp_loss":0.0,"gold_gain":0.0,"event_name":"The Cleric","player_choice":"Card Removal","floor":5.0,"gold_loss":75.0,"damage_taken":0.0},{"damage_healed":0.0,"max_hp_gain":0.0,"max_hp_loss":0.0,"gold_gain":0.0,"event_name":"Colosseum","player_choice":"Fight","floor":21.0,"gold_loss":0.0,"damage_taken":0.0},{"damage_healed":0.0,"max_hp_gain":0.0,"max_hp_loss":0.0,"gold_gain":0.0,"event_name":"Colosseum","player_choice":"Fled From Nobs","floor":21.0,"gold_loss":0.0,"damage_taken":0.0},{"damage_healed":0.0,"max_hp_gain":0.0,"max_hp_loss":0.0,"gold_gain":0.0,"event_name":"Colosseum","player_choice":"Fled From Nobs","floor":21.0,"gold_loss":0.0,"damage_taken":0.0},{"damage_healed":0.0,"max_hp_gain":0.0,"max_hp_loss":0.0,"gold_gain":0.0,"event_name":"Colosseum","player_choice":"Fled From Nobs","floor":21.0,"gold_loss":0.0,"damage_taken":0.0},{"damage_healed":0.0,"max_hp_gain":0.0,"max_hp_loss":0.0,"gold_gain":0.0,"event_name":"Vampires","player_choice":"Ignored","floor":29.0,"gold_loss":0.0,"damage_taken":0.0}],"is_beta":false,"boss_relics":[{"not_picked":["Philosopher\u0027s Stone","Orrery"],"picked":"Runic Pyramid"}],"items_purged_floors":[],"is_endless":false,"potions_floor_spawned":[11,13,18,24,25],"killed_by":"Automaton","ascension_level":20}