{"path_per_floor":["M","M","?","?","M","R","?","E","T","R","?","R","M","M","R","B",null,"M","M","?","T","M","R","M","R","T","R","$","M","E","?","R"],"character_chosen":"IRONCLAD","items_purchased":["Feel No Pain","Dramatic Entrance"],"gold_per_floor":[114,126,76,76,90,90,90,120,120,120,90,90,102,122,122,219,219,231,241,241,289,305,305,324,324,324,324,66,82,110,110,110,110],"floor_reached":33,"campfire_rested":5,"playtime":6586,"current_hp_per_floor":[72,72,72,58,62,62,62,8,8,29,29,50,48,45,45,17,72,58,29,29,29,8,33,23,48,48,73,73,70,59,59,59,0],"items_purged":["Strike_R"],"gold":110,"score":278,"play_id":"bf36477a-1aa8-4748-b65f-f20257b19e9d","local_time":"20180413012017","is_prod":false,"is_daily":false,"chose_seed":false,"is_ascension_mode":true,"campfire_upgraded":3,"timestamp":1523596817,"path_taken":["M","M","?","?","M","R","?","E","T","R","?","R","M","M","R","BOSS","M","M","?","?","?","R","M","R","T","R","$","M","E","?","R","BOSS"],"build_version":"2018-04-12","seed_source_timestamp":0,"purchased_purges":1,"victory":false,"master_deck":["Defend_R+1","Defend_R","Defend_R","Defend_R","Bash+1","Power Through+1","Disarm+1","Battle Trance","Warcry","Reckless Charge","Headbutt+1","Impervious","Clash+1","Reckless Charge+1","Feed+1","Disarm+1","Iron Wave+1","Cleave","Entrench","Feel No Pain","Dramatic Entrance","Pummel","Inflame"],"max_hp_per_floor":[72,72,72,72,72,72,72,72,72,72,72,72,72,72,72,72,72,76,80,80,80,84,84,84,84,84,84,84,84,88,88,88,88],"relics":["Burning Blood","Ice Cream","Bird Faced Urn","Oddly Smooth Stone","Red Skull","Astrolabe","Paper Frog","Whetstone","Kunai","Orichalcum"],"card_choices":[{"not_picked":["Havoc","Pommel Strike"],"picked":"Power Through","floor":1.0},{"not_picked":["Seeing Red","Rupture"],"picked":"Disarm","floor":2.0},{"not_picked":["Havoc","Bloodletting"],"picked":"Battle Trance","floor":5.0},{"not_picked":["True Grit","Heavy Blade"],"picked":"Warcry","floor":8.0},{"not_picked":["Heavy Blade","Havoc"],"picked":"Reckless Charge","floor":13.0},{"not_picked":["Carnage","Anger"],"picked":"Headbutt","floor":14.0},{"not_picked":["Juggernaut","Berserk"],"picked":"Impervious","floor":16.0},{"not_picked":["Burning Pact","Carnage"],"picked":"Disarm","floor":18.0},{"not_picked":["Anger","Whirlwind"],"picked":"Iron Wave","floor":19.0},{"not_picked":["Anger","Heavy Blade"],"picked":"Cleave","floor":22.0},{"not_picked":["Thunderclap","Ghostly Armor"],"picked":"Entrench","floor":24},{"not_picked":["Sever Soul","Warcry"],"picked":"Pummel","floor":29},{"not_picked":["Clothesline","Bloodletting"],"picked":"Inflame","floor":30}],"player_experience":227855,"potions_floor_usage":[33,33,33],"damage_taken":[{"damage":5.0,"enemies":"2 Louse","floor":1.0,"turns":3.0},{"damage":6.0,"enemies":"Cultist","floor":2.0,"turns":3.0},{"damage":2.0,"enemies":"Small Slimes","floor":5.0,"turns":5.0},{"damage":60.0,"enemies":"Lagavulin","floor":8.0,"turns":14.0},{"damage":8.0,"enemies":"Looter","floor":13.0,"turns":3.0},{"damage":9.0,"enemies":"2 Fungi Beasts","floor":14.0,"turns":4.0},{"damage":43.0,"enemies":"The Guardian","floor":16.0,"turns":12.0},{"damage":24.0,"enemies":"Chosen","floor":18.0,"turns":6.0},{"damage":39.0,"enemies":"Spheric Guardian","floor":19.0,"turns":6.0},{"damage":31.0,"enemies":"Slaver and Parasite","floor":22.0,"turns":5.0},{"damage":16,"enemies":"Centurion and Healer","floor":24,"turns":5},{"damage":11,"enemies":"Snecko","floor":29,"turns":9},{"damage":23,"enemies":"Book of Stabbing","floor":30,"turns":9},{"damage":85,"enemies":"Automaton","floor":33,"turns":12}],"event_choices":[{"event_name":"The Cleric","player_choice":"Card Removal","floor":3.0,"damage_taken":0.0},{"event_name":"Shining Light","player_choice":"Entered Light","floor":4.0,"damage_taken":0.0},{"event_name":"Big Fish","player_choice":"Box","floor":7.0,"damage_taken":0.0},{"event_name":"The Woman in Blue","player_choice":"Bought 2 Potions","floor":11.0,"damage_taken":0.0},{"event_name":"The Mausoleum","player_choice":"Yes","floor":20.0,"damage_taken":0.0},{"event_name":"Fountain of Cleansing","player_choice":"Removed Curse","floor":31,"damage_taken":0}],"boss_relics":[],"potions_floor_spawned":[8,14,16,18,22,24,30],"seed_played":"2534296870260667255","killed_by":"Automaton","ascension_level":1,"is_trial":false}