{"gold_per_floor":[114,114,126,138,138,138,149,161,161,190,201,201,201,233,233,332,332,342,342,352,352,365,383,396,409,457,305,340,63,63,76,76,172,172,188,188,238,248,98,98,0,0,0,20,40,40,54,54,54,54],"floor_reached":50,"playtime":5455,"items_purged":[],"score":577,"play_id":"95ddfe70-ba85-4c94-9e3e-a43b0b335784","local_time":"20190225202303","is_ascension_mode":true,"campfire_choices":[{"data":"Neutralize","floor":6.0,"key":"SMITH"},{"floor":13.0,"key":"REST"},{"data":"Catalyst","floor":15.0,"key":"SMITH"},{"data":"Terror","floor":32,"key":"SMITH"},{"data":"Corpse Explosion","floor":40,"key":"SMITH"},{"data":"Adrenaline","floor":46,"key":"SMITH"},{"floor":49,"key":"REST"}],"neow_cost":"NONE","seed_source_timestamp":0,"circlet_count":0,"master_deck":["Defend_G","Defend_G+1","Defend_G","Defend_G","Defend_G","Survivor+1","Neutralize+1","Flying Knee","PiercingWail","Corpse Explosion+1","Terror+1","Blur+1","Poisoned Stab","Catalyst+1","Malaise","Bouncing Flask","Ghostly","Ghostly","Ghostly","Ghostly+1","Ghostly","Deflect","Bane","PiercingWail+1","Poisoned Stab","Quick Slash+1","Footwork","Deadly Poison","Adrenaline+1","Good Instincts","Blur+1","Bane+1"],"special_seed":0,"relics":["Ring of the Snake","StoneCalendar","Dead Branch","Meat on the Bone","Empty Cage","Pen Nib","Blood Vial","War Paint","Snake Skull","Busted Crown","Peace Pipe","Strawberry","Red Mask","Vajra"],"potions_floor_usage":[33,33,50,50],"damage_taken":[{"damage":1.0,"enemies":"2 Louse","floor":1.0,"turns":6.0},{"damage":6.0,"enemies":"Cultist","floor":3.0,"turns":5.0},{"damage":0.0,"enemies":"Small Slimes","floor":4.0,"turns":3.0},{"damage":0.0,"enemies":"3 Louse","floor":7.0,"turns":4.0},{"damage":0.0,"enemies":"2 Fungi Beasts","floor":8.0,"turns":2.0},{"damage":7.0,"enemies":"3 Sentries","floor":10.0,"turns":4.0},{"damage":0.0,"enemies":"Blue Slaver","floor":11.0,"turns":4.0},{"damage":6.0,"enemies":"Lagavulin","floor":14.0,"turns":6.0},{"damage":31.0,"enemies":"The Guardian","floor":16.0,"turns":9.0},{"damage":14.0,"enemies":"Spheric Guardian","floor":18.0,"turns":5.0},{"damage":15.0,"enemies":"3 Byrds","floor":20.0,"turns":2.0},{"damage":0.0,"enemies":"Snake Plant","floor":22.0,"turns":6.0},{"damage":13.0,"enemies":"Shelled Parasite and Fungi","floor":23.0,"turns":7.0},{"damage":3.0,"enemies":"Centurion and Healer","floor":24.0,"turns":4.0},{"damage":1.0,"enemies":"Snecko","floor":25.0,"turns":5.0},{"damage":6,"enemies":"Slavers","floor":28,"turns":5},{"damage":5,"enemies":"Sentry and Sphere","floor":31,"turns":7},{"damage":0,"enemies":"Champ","floor":33,"turns":9},{"damage":2,"enemies":"Orb Walker","floor":35,"turns":4},{"damage":24,"enemies":"2 Orb Walkers","floor":37,"turns":5},{"damage":0,"enemies":"3 Shapes","floor":38,"turns":4},{"damage":3,"enemies":"Spire Growth","floor":44,"turns":4},{"damage":1,"enemies":"Transient","floor":45,"turns":5},{"damage":6,"enemies":"4 Shapes","floor":47,"turns":6},{"damage":46,"enemies":"Time Eater","floor":50,"turns":14}],"seed_played":"6572568536500320038","potions_obtained":[{"floor":4.0,"key":"EssenceOfSteel"},{"floor":7.0,"key":"Regen Potion"},{"floor":8.0,"key":"SpeedPotion"},{"floor":16.0,"key":"EssenceOfSteel"},{"floor":22.0,"key":"Regen Potion"},{"floor":24.0,"key":"AttackPotion"},{"floor":25.0,"key":"SkillPotion"},{"floor":33,"key":"SteroidPotion"},{"floor":37,"key":"Swift Potion"}],"is_trial":false,"path_per_floor":["M","?","M","M","?","R","M","M","T","E","M","?","R","E","R","B",null,"M","?","M","?","M","M","M","M","T","$","E","$","?","M","R","B",null,"M","?","?","M","$","R","?","$","T","M","M","R","M","?","R","B"],"character_chosen":"THE_SILENT","items_purchased":["Blood Vial","Footwork","Deadly Poison","Snake Skull","Strawberry"],"campfire_rested":2,"item_purchase_floors":[27,29,29,29,39],"current_hp_per_floor":[69,69,63,63,49,49,49,49,49,42,42,42,63,57,57,41,70,56,35,20,16,28,27,36,35,35,35,31,31,31,28,28,30,40,38,38,28,30,37,37,37,37,37,36,37,37,33,33,45,0],"gold":54,"neow_bonus":"REMOVE_CARD","is_prod":false,"is_daily":false,"chose_seed":false,"campfire_upgraded":5,"win_rate":0,"timestamp":1551144183,"path_taken":["M","?","M","?","?","R","M","M","T","E","M","?","R","E","R","BOSS","M","?","M","?","M","M","M","M","T","$","E","$","?","M","R","BOSS","M","?","?","M","$","R","?","?","T","M","?","R","M","?","R","BOSS"],"build_version":"2019-01-23","purchased_purges":0,"victory":false,"max_hp_per_floor":[70,70,70,70,70,70,70,70,70,70,70,70,70,70,70,70,70,70,35,35,40,40,40,40,40,40,40,40,40,40,40,40,40,40,40,40,40,40,47,47,47,47,47,47,47,47,47,45,45,45],"card_choices":[{"not_picked":["Outmaneuver","Calculated Gamble"],"picked":"Sucker Punch","floor":1.0},{"not_picked":["Outmaneuver","Bane"],"picked":"Flying Knee","floor":3.0},{"not_picked":["Underhanded Strike","Deadly Poison"],"picked":"PiercingWail","floor":4.0},{"not_picked":["Backflip","Prepared"],"picked":"Corpse Explosion","floor":7.0},{"not_picked":["Quick Slash","Dagger Throw"],"picked":"Terror","floor":8.0},{"not_picked":["Calculated Gamble","Crippling Poison"],"picked":"Blur","floor":10.0},{"not_picked":["Infinite Blades","Slice"],"picked":"Poisoned Stab","floor":11.0},{"not_picked":["Noxious Fumes","Cloak And Dagger"],"picked":"Catalyst","floor":14.0},{"not_picked":["Wraith Form v2","Adrenaline"],"picked":"Malaise","floor":16.0},{"not_picked":["Acrobatics","All Out Attack"],"picked":"Bouncing Flask","floor":18.0},{"not_picked":["Backflip","Quick Slash"],"picked":"Deflect","floor":20.0},{"not_picked":["Underhanded Strike+1","Deflect"],"picked":"Bane","floor":22.0},{"not_picked":["Bane","Acrobatics"],"picked":"PiercingWail+1","floor":23.0},{"not_picked":["Infinite Blades+1","Skewer","Finisher+1"],"picked":"SKIP","floor":24.0},{"not_picked":["Prepared+1","Finisher"],"picked":"Poisoned Stab","floor":25.0},{"not_picked":["Corpse Explosion","Dagger Spray+1"],"picked":"Quick Slash+1","floor":28},{"not_picked":["PiercingWail","Reflex","Riddle With Holes"],"picked":"SKIP","floor":31},{"not_picked":["Phantasmal Killer","Bullet Time"],"picked":"Adrenaline","floor":33},{"not_picked":["Dagger Throw+1"],"picked":"SKIP","floor":35},{"not_picked":[],"picked":"Good Instincts","floor":36},{"not_picked":["Dagger Throw"],"picked":"SKIP","floor":38},{"not_picked":[],"picked":"Blur+1","floor":44},{"not_picked":[],"picked":"Bane+1","floor":45},{"not_picked":["Acrobatics"],"picked":"SKIP","floor":47}],"player_experience":463290,"relics_obtained":[{"floor":9.0,"key":"StoneCalendar"},{"floor":10.0,"key":"Dead Branch"},{"floor":14.0,"key":"Meat on the Bone"},{"floor":26.0,"key":"Pen Nib"},{"floor":28,"key":"War Paint"},{"floor":37,"key":"Peace Pipe"},{"floor":43,"key":"Vajra"}],"event_choices":[{"cards_removed":["Strike_G"],"damage_healed":0.0,"max_hp_gain":0.0,"max_hp_loss":0.0,"gold_gain":0.0,"event_name":"Purifier","player_choice":"Purged","floor":2.0,"gold_loss":0.0,"damage_taken":0.0},{"damage_healed":0.0,"max_hp_gain":0.0,"max_hp_loss":0.0,"gold_gain":0.0,"event_name":"Shining Light","player_choice":"Entered Light","floor":5.0,"gold_loss":0.0,"damage_taken":14.0,"cards_upgraded":["Defend_G","Survivor"]},{"cards_removed":["Strike_G"],"damage_healed":0.0,"max_hp_gain":0.0,"max_hp_loss":0.0,"gold_gain":0.0,"event_name":"Living Wall","player_choice":"Forget","floor":12.0,"gold_loss":0.0,"damage_taken":0.0},{"damage_healed":0.0,"max_hp_gain":0.0,"max_hp_loss":35.0,"gold_gain":0.0,"event_name":"Ghosts","player_choice":"Became a Ghost","floor":19.0,"gold_loss":0.0,"damage_taken":0.0,"cards_obtained":["Ghostly","Ghostly","Ghostly","Ghostly","Ghostly"]},{"damage_healed":0.0,"max_hp_gain":5.0,"max_hp_loss":0.0,"gold_gain":0.0,"event_name":"Forgotten Altar","player_choice":"Shed Blood","floor":21.0,"gold_loss":0.0,"damage_taken":9.0},{"cards_removed":["Sucker Punch"],"damage_healed":0,"gold_gain":0,"player_choice":"Elegance","damage_taken":0,"max_hp_gain":0,"max_hp_loss":0,"event_name":"Back to Basics","floor":30,"gold_loss":0},{"damage_healed":0,"gold_gain":0,"player_choice":"Memory 1","damage_taken":0,"max_hp_gain":0,"max_hp_loss":0,"event_name":"SensoryStone","floor":36,"gold_loss":0},{"damage_healed":0,"gold_gain":0,"player_choice":"Fight","damage_taken":0,"max_hp_gain":0,"max_hp_loss":0,"event_name":"Mysterious Sphere","floor":37,"gold_loss":0},{"damage_healed":0,"gold_gain":0,"player_choice":"Paid","damage_taken":0,"relics_obtained":["Red Mask"],"max_hp_gain":0,"max_hp_loss":0,"event_name":"Tomb of Lord Red Mask","floor":41,"gold_loss":98},{"damage_healed":0,"gold_gain":0,"player_choice":"Max HP","damage_taken":0,"max_hp_gain":0,"max_hp_loss":2,"event_name":"Winding Halls","floor":48,"gold_loss":0}],"is_beta":false,"boss_relics":[{"not_picked":["WristBlade","Snecko Eye"],"picked":"Empty Cage"},{"not_picked":["Black Star","Orrery"],"picked":"Busted Crown"}],"items_purged_floors":[],"is_endless":false,"potions_floor_spawned":[4,7,8,16,22,24,25,33,37,38],"killed_by":"Time Eater","ascension_level":1}