{"gold_per_floor":[109,123,93,58,74,91,119,119,119,132,132],"floor_reached":11,"playtime":914,"items_purged":[],"score":75,"play_id":"4db25b01-c905-42fd-95a2-50a766c19fb5","local_time":"20180928205400","is_ascension_mode":false,"campfire_choices":[],"neow_cost":"PERCENT_DAMAGE","seed_source_timestamp":19121312475527,"circlet_count":0,"master_deck":["Defend_G","Defend_G","Defend_G","Defend_G","Defend_G","Strike_G","Strike_G","Strike_G","Strike_G","Strike_G","Survivor","Neutralize","Night Terror","Dagger Spray","Distraction","Dagger Throw","Bane","Footwork","Deadly Poison+1"],"relics":["Ring of the Snake","Bronze Scales","Toxic Egg 2","Omamori"],"potions_floor_usage":[],"damage_taken":[{"damage":2,"enemies":"Jaw Worm","floor":1,"turns":7},{"damage":2,"enemies":"Small Slimes","floor":2,"turns":4},{"damage":0,"enemies":"2 Louse","floor":5,"turns":3},{"damage":0,"enemies":"Looter","floor":6,"turns":3},{"damage":28,"enemies":"3 Sentries","floor":7,"turns":9},{"damage":4,"enemies":"3 Louse","floor":10,"turns":3},{"damage":12,"enemies":"Large Slime","floor":11,"turns":6}],"seed_played":"202915690663483462","potions_obtained":[{"floor":2,"key":"Strength Potion"},{"floor":6,"key":"Regen Potion"}],"is_trial":false,"path_per_floor":["M","M","?","?","M","M","E","?","T","M"],"character_chosen":"THE_SILENT","items_purchased":[],"campfire_rested":0,"item_purchase_floors":[],"current_hp_per_floor":[47,45,45,62,62,62,34,34,34,30,18],"gold":132,"neow_bonus":"THREE_RARE_CARDS","is_prod":false,"is_daily":false,"chose_seed":false,"campfire_upgraded":0,"win_rate":0.0,"timestamp":1538160840,"path_taken":["M","M","?","?","M","M","E","?","T","?","M"],"build_version":"2018-09-20","purchased_purges":0,"victory":false,"max_hp_per_floor":[70,70,70,70,70,70,70,70,70,70,70],"card_choices":[{"not_picked":["Die Die Die","Doppelganger"],"picked":"Night Terror","floor":0},{"not_picked":["Prepared","Bane"],"picked":"Dagger Spray","floor":1},{"not_picked":["Quick Slash","Poisoned Stab"],"picked":"Distraction","floor":2},{"not_picked":["Tactician","Underhanded Strike"],"picked":"Dagger Throw","floor":5},{"not_picked":["Bouncing Flask","Malaise"],"picked":"Bane","floor":6},{"not_picked":["Deflect","Poisoned Stab"],"picked":"Footwork","floor":7},{"not_picked":["Heel Hook","Backstab"],"picked":"Deadly Poison+1","floor":10}],"player_experience":26399,"relics_obtained":[{"floor":7,"key":"Bronze Scales"},{"floor":9,"key":"Omamori"}],"event_choices":[{"event_name":"World of Goop","player_choice":"Left","floor":3,"damage_taken":0},{"event_name":"The Cleric","player_choice":"Healed","floor":4,"damage_taken":0},{"event_name":"Dead Adventurer","player_choice":"Searched \u00272\u0027 times","floor":8,"damage_taken":0}],"is_beta":false,"boss_relics":[],"items_purged_floors":[],"is_endless":false,"potions_floor_spawned":[2,6],"killed_by":"Large Slime","ascension_level":0}