{"gold_per_floor":[118,133,149,164,181,215,233,38,38,48,80,96,69,86,86,86],"floor_reached":16,"playtime":977,"items_purged":["Strike_G"],"score":183,"play_id":"af1c9a27-9933-42ea-ad0e-94486fbac927","local_time":"20190207214600","is_ascension_mode":true,"campfire_choices":[{"floor":15,"key":"REST"}],"neow_cost":"NONE","seed_source_timestamp":379765587408239,"circlet_count":0,"master_deck":["AscendersBane","Defend_G","Defend_G","Defend_G","Defend_G","Defend_G","Strike_G","Strike_G","Strike_G","Strike_G","Survivor","Neutralize","Blur","Quick Slash","Skewer","Tactician","Flying Knee","Blur","Dagger Throw","Acrobatics","Adrenaline","Slice","Deflect"],"relics":["Ring of the Snake","NeowsBlessing","Smiling Mask","Oddly Smooth Stone","Sundial","Potion Belt"],"potions_floor_usage":[4,6,6,14],"damage_taken":[{"damage":0,"enemies":"Cultist","floor":1,"turns":1},{"damage":0,"enemies":"2 Louse","floor":2,"turns":1},{"damage":0,"enemies":"Small Slimes","floor":3,"turns":1},{"damage":8,"enemies":"2 Fungi Beasts","floor":4,"turns":4},{"damage":2,"enemies":"Looter","floor":5,"turns":4},{"damage":12,"enemies":"Gremlin Nob","floor":6,"turns":3},{"damage":8,"enemies":"Blue Slaver","floor":7,"turns":5},{"damage":2,"enemies":"Red Slaver","floor":10,"turns":5},{"damage":13,"enemies":"3 Sentries","floor":11,"turns":14},{"damage":8,"enemies":"3 Louse","floor":12,"turns":5},{"damage":0,"enemies":"Blue Slaver","floor":14,"turns":4},{"damage":31,"enemies":"The Guardian","floor":16,"turns":13}],"seed_played":"3927049339377863538","potions_obtained":[{"floor":1,"key":"FearPotion"},{"floor":3,"key":"Swift Potion"},{"floor":5,"key":"Energy Potion"},{"floor":12,"key":"AttackPotion"},{"floor":14,"key":"FearPotion"}],"is_trial":false,"path_per_floor":["M","M","M","M","M","E","M","$","T","M","E","M","?","M","R","B"],"character_chosen":"THE_SILENT","items_purchased":["Oddly Smooth Stone"],"campfire_rested":1,"item_purchase_floors":[8],"current_hp_per_floor":[63,63,63,55,53,41,33,33,33,31,18,10,10,10,31,0],"gold":86,"neow_bonus":"THREE_ENEMY_KILL","is_prod":false,"is_daily":false,"chose_seed":false,"campfire_upgraded":0,"win_rate":0,"timestamp":1549572360,"path_taken":["M","M","M","M","M","E","?","$","T","M","E","M","?","M","R","BOSS"],"build_version":"2019-01-23","purchased_purges":1,"victory":false,"max_hp_per_floor":[70,70,70,70,70,70,70,70,70,70,70,70,70,70,70,70],"card_choices":[{"not_picked":["Choke","Setup"],"picked":"Blur","floor":1},{"not_picked":["Accuracy","Tactician"],"picked":"Quick Slash","floor":2},{"not_picked":["Quick Slash","Crippling Poison"],"picked":"Skewer","floor":3},{"not_picked":["Poisoned Stab","Reflex"],"picked":"Tactician","floor":4},{"not_picked":["Distraction","Outmaneuver"],"picked":"Flying Knee","floor":5},{"not_picked":["Distraction","Predator"],"picked":"Blur","floor":6},{"not_picked":["Caltrops","Sucker Punch"],"picked":"Dagger Throw","floor":7},{"not_picked":["Well Laid Plans","Bane"],"picked":"Acrobatics","floor":10},{"not_picked":["Backflip","Poisoned Stab"],"picked":"Adrenaline","floor":11},{"not_picked":["Prepared","Blur"],"picked":"Slice","floor":12},{"not_picked":["Flying Knee","Blade Dance"],"picked":"Deflect","floor":14}],"player_experience":578739,"relics_obtained":[{"floor":6,"key":"Smiling Mask"},{"floor":9,"key":"Sundial"},{"floor":11,"key":"Potion Belt"}],"event_choices":[{"damage_healed":0,"gold_gain":0,"player_choice":"Left Gold","damage_taken":0,"max_hp_gain":0,"max_hp_loss":0,"event_name":"World of Goop","floor":13,"gold_loss":27}],"is_beta":false,"boss_relics":[],"items_purged_floors":[8],"is_endless":false,"potions_floor_spawned":[1,3,5,12,14],"killed_by":"The Guardian","ascension_level":11}