{"gold_per_floor":[113,113,128,49,49,49,79,89,89,89,124,136,136,86,86,191,191,211,223,92,92,110,110,110,110,133,167,181,181,195,227,227,332,332,351,362,462,462,513,539,539,539,617,617,55,55,87,98,98,98],"floor_reached":51,"playtime":1974,"items_purged":["Strike_R","Strike_R"],"score":1029,"play_id":"cfec8b3a-1931-40f6-9b1c-2ef18ffb4039","local_time":"20190223180322","is_ascension_mode":true,"campfire_choices":[{"data":"Armaments","floor":6,"key":"SMITH"},{"floor":10,"key":"REST"},{"floor":13,"key":"REST"},{"data":"Seeing Red","floor":15,"key":"SMITH"},{"data":"Pommel Strike","floor":23,"key":"SMITH"},{"data":"Bash","floor":25,"key":"SMITH"},{"floor":29,"key":"REST"},{"floor":32,"key":"REST"},{"floor":44,"key":"REST"},{"data":"Enlightenment","floor":46,"key":"SMITH"},{"floor":49,"key":"REST"}],"neow_cost":"NONE","seed_source_timestamp":517621578369649,"circlet_count":0,"master_deck":["Defend_R","Defend_R","Defend_R","Bash+1","Shrug It Off","Armaments+1","Whirlwind","Seeing Red+1","Dropkick","Feel No Pain+1","Flame Barrier","Demon Form+1","Headbutt+1","Blood for Blood","Shrug It Off","Brutality+1","Pommel Strike+1","Ghostly Armor","Disarm","Armaments+1","Fiend Fire","The Bomb","Battle Trance+1","Seeing Red","Enlightenment+1","Feel No Pain+1","Carnage+1"],"relics":["Burning Blood","Smiling Mask","Mummified Hand","Regal Pillow","Frozen Egg 2","Vajra","Snecko Eye","PreservedInsect","Pear","Bag of Preparation","Busted Crown","Prayer Wheel","Du-Vu Doll","Gremlin Horn","Pantograph","Ornamental Fan","Omamori"],"potions_floor_usage":[11,30,33,33,39],"damage_taken":[{"damage":8,"enemies":"2 Louse","floor":1,"turns":3},{"damage":0,"enemies":"Small Slimes","floor":3,"turns":3},{"damage":51,"enemies":"Lagavulin","floor":7,"turns":10},{"damage":0,"enemies":"Cultist","floor":8,"turns":2},{"damage":35,"enemies":"Gremlin Nob","floor":11,"turns":5},{"damage":2,"enemies":"2 Fungi Beasts","floor":12,"turns":3},{"damage":38,"enemies":"The Guardian","floor":16,"turns":17},{"damage":0,"enemies":"3 Byrds","floor":18,"turns":1},{"damage":22,"enemies":"Spheric Guardian","floor":19,"turns":4},{"damage":10,"enemies":"Cultist and Chosen","floor":22,"turns":4},{"damage":11,"enemies":"Book of Stabbing","floor":27,"turns":4},{"damage":0,"enemies":"Snake Plant","floor":28,"turns":3},{"damage":15,"enemies":"Shelled Parasite and Fungi","floor":30,"turns":5},{"damage":28,"enemies":"Gremlin Leader","floor":31,"turns":3},{"damage":43,"enemies":"Collector","floor":33,"turns":7},{"damage":21,"enemies":"3 Darklings","floor":35,"turns":4},{"damage":3,"enemies":"Orb Walker","floor":36,"turns":2},{"damage":0,"enemies":"Mind Bloom Boss Battle","floor":37,"turns":6},{"damage":29,"enemies":"2 Orb Walkers","floor":39,"turns":4},{"damage":37,"enemies":"Reptomancer","floor":40,"turns":4},{"damage":22,"enemies":"Giant Head","floor":47,"turns":6},{"damage":2,"enemies":"Jaw Worm Horde","floor":48,"turns":3},{"damage":37,"enemies":"Time Eater","floor":50,"turns":6}],"seed_played":"4310354211808606223","potions_obtained":[{"floor":3,"key":"Ancient Potion"},{"floor":8,"key":"FearPotion"},{"floor":16,"key":"Poison Potion"},{"floor":18,"key":"AttackPotion"},{"floor":19,"key":"FearPotion"},{"floor":35,"key":"Swift Potion"},{"floor":47,"key":"FearPotion"}],"is_trial":false,"path_per_floor":["M","?","M","$","?","R","E","M","T","R","E","M","R","?","R","B",null,"M","M","$","?","M","R","?","R","T","E","M","R","M","E","R","B",null,"M","M","?","?","?","E","?","?","T","R","$","R","E","M","R","B",null],"character_chosen":"IRONCLAD","items_purchased":["Whirlwind","Blood for Blood","Shrug It Off","Seeing Red","Ornamental Fan","Enlightenment","PowerPotion","Feel No Pain+1"],"campfire_rested":6,"item_purchase_floors":[4,20,20,45,45,45,45,45],"current_hp_per_floor":[70,70,76,76,64,64,19,25,25,64,35,39,78,78,78,46,72,78,62,62,62,58,58,58,58,58,63,69,90,81,59,90,53,81,66,69,75,75,52,21,21,21,21,61,61,61,45,49,85,54],"gold":98,"neow_bonus":"RANDOM_COMMON_RELIC","is_prod":false,"is_daily":false,"chose_seed":false,"campfire_upgraded":5,"win_rate":0,"timestamp":1550941402,"path_taken":["M","?","M","$","?","R","E","M","T","R","E","M","R","?","R","BOSS","M","M","$","?","?","R","?","R","T","E","?","R","M","E","R","BOSS","M","M","?","?","?","E","?","?","T","R","$","R","E","M","R","BOSS"],"build_version":"2019-01-23","purchased_purges":2,"victory":true,"max_hp_per_floor":[80,80,80,80,80,80,80,80,80,80,80,80,80,80,80,80,80,80,80,80,80,80,80,80,80,80,90,90,90,90,90,90,90,90,90,90,90,90,90,90,85,85,85,85,85,85,85,85,85,85],"card_choices":[{"not_picked":["True Grit","Body Slam"],"picked":"Shrug It Off","floor":1},{"not_picked":["Body Slam","True Grit"],"picked":"Armaments","floor":3},{"not_picked":["Infernal Blade","Armaments"],"picked":"Seeing Red","floor":7},{"not_picked":["Anger","Infernal Blade"],"picked":"Dropkick","floor":8},{"not_picked":["Warcry","Thunderclap"],"picked":"Feel No Pain+1","floor":11},{"not_picked":["Pommel Strike","Clothesline"],"picked":"Flame Barrier","floor":12},{"not_picked":["Juggernaut+1","Fiend Fire"],"picked":"Demon Form+1","floor":16},{"not_picked":["Heavy Blade","Iron Wave"],"picked":"Headbutt+1","floor":18},{"not_picked":["Corruption+1","Whirlwind","Thunderclap+1"],"picked":"SKIP","floor":19},{"not_picked":["True Grit","Disarm"],"picked":"Pommel Strike","floor":22},{"not_picked":["True Grit","Perfected Strike","Anger"],"picked":"SKIP","floor":27},{"not_picked":["Combust+1","Infernal Blade"],"picked":"Ghostly Armor","floor":28},{"not_picked":["Pommel Strike","Shrug It Off"],"picked":"Disarm","floor":30},{"not_picked":["Thunderclap","Warcry+1"],"picked":"Armaments+1","floor":31},{"not_picked":["Demon Form+1","Bludgeon"],"picked":"Fiend Fire","floor":33},{"not_picked":["Cleave+1"],"picked":"SKIP","floor":35},{"not_picked":["Corruption+1"],"picked":"SKIP","floor":36},{"not_picked":[],"picked":"The Bomb","floor":38},{"not_picked":[],"picked":"Battle Trance+1","floor":39},{"not_picked":["Pommel Strike"],"picked":"SKIP","floor":40},{"not_picked":["Iron Wave"],"picked":"SKIP","floor":47},{"not_picked":[],"picked":"Carnage+1","floor":48},{"not_picked":["Iron Wave"],"picked":"SKIP","floor":48}],"player_experience":746161,"relics_obtained":[{"floor":7,"key":"Regal Pillow"},{"floor":9,"key":"Frozen Egg 2"},{"floor":11,"key":"Vajra"},{"floor":26,"key":"PreservedInsect"},{"floor":27,"key":"Pear"},{"floor":31,"key":"Bag of Preparation"},{"floor":37,"key":"Prayer Wheel"},{"floor":39,"key":"Du-Vu Doll"},{"floor":40,"key":"Gremlin Horn"},{"floor":43,"key":"Pantograph"},{"floor":47,"key":"Omamori"}],"event_choices":[{"damage_healed":0,"gold_gain":0,"player_choice":"Ignored","damage_taken":0,"max_hp_gain":0,"max_hp_loss":0,"event_name":"Liars Game","floor":2,"gold_loss":0},{"damage_healed":0,"gold_gain":0,"player_choice":"Success","damage_taken":12,"relics_obtained":["Mummified Hand"],"max_hp_gain":0,"max_hp_loss":0,"event_name":"Scrap Ooze","floor":5,"gold_loss":0},{"cards_removed":["Strike_R"],"damage_healed":0,"gold_gain":0,"player_choice":"Card Removal","damage_taken":0,"max_hp_gain":0,"max_hp_loss":0,"event_name":"The Cleric","floor":14,"gold_loss":50},{"damage_healed":0,"gold_gain":0,"cards_transformed":["Strike_R"],"player_choice":"Transformed","damage_taken":0,"max_hp_gain":0,"max_hp_loss":0,"event_name":"Transmorgrifier","floor":21,"gold_loss":0,"cards_obtained":["Brutality"]},{"cards_removed":["Strike_R"],"damage_healed":0,"gold_gain":0,"player_choice":"Purged","damage_taken":0,"max_hp_gain":0,"max_hp_loss":0,"event_name":"Purifier","floor":24,"gold_loss":0},{"damage_healed":0,"gold_gain":0,"player_choice":"Fight","damage_taken":0,"max_hp_gain":0,"max_hp_loss":0,"event_name":"MindBloom","floor":37,"gold_loss":0},{"damage_healed":0,"gold_gain":0,"player_choice":"Memory 1","damage_taken":0,"max_hp_gain":0,"max_hp_loss":0,"event_name":"SensoryStone","floor":38,"gold_loss":0},{"damage_healed":0,"gold_gain":0,"player_choice":"Fight","damage_taken":0,"max_hp_gain":0,"max_hp_loss":0,"event_name":"Mysterious Sphere","floor":39,"gold_loss":0},{"damage_healed":0,"gold_gain":0,"player_choice":"Max HP","damage_taken":0,"max_hp_gain":0,"max_hp_loss":5,"event_name":"Winding Halls","floor":41,"gold_loss":0},{"cards_removed":["Defend_R"],"damage_healed":0,"gold_gain":0,"player_choice":"Removed Skill","damage_taken":0,"max_hp_gain":0,"max_hp_loss":0,"event_name":"Falling","floor":42,"gold_loss":0}],"is_beta":false,"boss_relics":[{"not_picked":["Black Blood","White Beast Statue"],"picked":"Snecko Eye"},{"not_picked":["Philosopher\u0027s Stone","Cursed Key"],"picked":"Busted Crown"}],"items_purged_floors":[20,45],"is_endless":false,"potions_floor_spawned":[3,8,16,18,19,27,35,47],"ascension_level":8}