{"gold_per_floor":[110,35,110,110,129,164,164,190,240,56,68,68,99,109,109,208,208,223,223,98,98,112,112,143,143,224,224],"floor_reached":27,"playtime":957,"items_purged":["Strike_G","Defend_G","Strike_G"],"score":286,"play_id":"559f903b-ad4c-488d-b719-6da3ae4a6022","local_time":"20181130195426","is_ascension_mode":true,"campfire_choices":[{"data":"Neutralize","floor":7,"key":"SMITH"},{"floor":12,"key":"REST"},{"floor":15,"key":"REST"},{"floor":23,"key":"RECALL"},{"data":"Bouncing Flask","floor":25,"key":"SMITH"}],"neow_cost":"NONE","seed_source_timestamp":1108471670323118,"circlet_count":0,"master_deck":["Defend_G","Defend_G","Defend_G","Defend_G","Strike_G","Strike_G","Survivor","Neutralize+1","Deflect","Leg Sweep","Bullet Time","Terror","Finesse","PiercingWail","Bouncing Flask+1","Poisoned Stab","Burst","Poisoned Stab","Deflect","Poisoned Stab+1"],"relics":["Ring of the Snake","NeowsBlessing","Potion Belt","Bronze Scales","Mercury Hourglass","Oddly Smooth Stone","Pocketwatch","Black Star","MutagenicStrength","Meat on the Bone","Dodecahedron"],"potions_floor_usage":[8,13,13,27],"damage_taken":[{"damage":0,"enemies":"Cultist","floor":1,"turns":1},{"damage":0,"enemies":"Jaw Worm","floor":5,"turns":1},{"damage":0,"enemies":"3 Sentries","floor":6,"turns":2},{"damage":31,"enemies":"Lagavulin","floor":8,"turns":14},{"damage":0,"enemies":"Small Slimes","floor":11,"turns":3},{"damage":9,"enemies":"Gremlin Nob","floor":13,"turns":5},{"damage":0,"enemies":"2 Fungi Beasts","floor":14,"turns":2},{"damage":23,"enemies":"Slime Boss","floor":16,"turns":11},{"damage":0,"enemies":"Chosen","floor":18,"turns":5},{"damage":15,"enemies":"2 Thieves","floor":22,"turns":4},{"damage":4,"enemies":"Book of Stabbing","floor":24,"turns":4},{"damage":58,"enemies":"Gremlin Leader","floor":27,"turns":4}],"seed_played":"-5012518157990547907","potions_obtained":[{"floor":1,"key":"PowerPotion"},{"floor":6,"key":"Ancient Potion"},{"floor":11,"key":"Strength Potion"},{"floor":24,"key":"FearPotion"}],"is_trial":false,"path_per_floor":["M","$","?","?","M","E","R","E","T","$","M","R","E","M","R","B",null,"M","?","$","?","M","R","E","R","T","E"],"character_chosen":"THE_SILENT","items_purchased":["Finesse"],"campfire_rested":2,"item_purchase_floors":[10],"current_hp_per_floor":[70,70,59,52,52,52,52,21,21,21,21,42,33,33,54,31,70,70,70,70,70,55,55,51,51,51,0],"gold":224,"neow_bonus":"THREE_ENEMY_KILL","is_prod":false,"is_daily":false,"chose_seed":false,"campfire_upgraded":2,"win_rate":0,"timestamp":1543604066,"path_taken":["M","?","?","?","M","E","R","E","T","$","M","R","E","M","R","BOSS","M","?","$","?","M","R","E","R","T","E"],"build_version":"2018-11-15","purchased_purges":3,"victory":false,"max_hp_per_floor":[70,70,70,70,70,70,70,70,70,70,70,70,70,70,70,70,70,70,70,70,70,70,70,70,70,70,70],"card_choices":[{"not_picked":["Endless Agony","Blade Dance"],"picked":"Deflect","floor":1},{"not_picked":["Riddle With Holes","Dodge and Roll"],"picked":"Leg Sweep","floor":5},{"not_picked":["Underhanded Strike","Tactician"],"picked":"Bullet Time","floor":6},{"not_picked":["Acrobatics","Catalyst"],"picked":"Terror","floor":8},{"not_picked":["Masterful Stab","Prepared"],"picked":"PiercingWail","floor":11},{"not_picked":["Grand Finale","Prepared"],"picked":"Bouncing Flask","floor":13},{"not_picked":["Dash","Slice"],"picked":"Poisoned Stab","floor":14},{"not_picked":["Doppelganger","Phantasmal Killer"],"picked":"Burst","floor":16},{"not_picked":["Backflip","Sucker Punch+1"],"picked":"Poisoned Stab","floor":18},{"not_picked":["Prepared","Bouncing Flask"],"picked":"Deflect","floor":22},{"not_picked":["Acrobatics","Calculated Gamble"],"picked":"Poisoned Stab+1","floor":24}],"player_experience":360938,"relics_obtained":[{"floor":6,"key":"Bronze Scales"},{"floor":8,"key":"Mercury Hourglass"},{"floor":9,"key":"Oddly Smooth Stone"},{"floor":13,"key":"Pocketwatch"},{"floor":24,"key":"Meat on the Bone"},{"floor":24,"key":"Dodecahedron"}],"event_choices":[{"damage_healed":0,"gold_gain":75,"player_choice":"Gather Gold","damage_taken":11,"max_hp_gain":0,"max_hp_loss":0,"event_name":"World of Goop","floor":3,"gold_loss":0},{"damage_healed":0,"gold_gain":0,"player_choice":"Success","damage_taken":7,"relics_obtained":["Potion Belt"],"max_hp_gain":0,"max_hp_loss":0,"event_name":"Scrap Ooze","floor":4,"gold_loss":0},{"damage_healed":0,"gold_gain":0,"player_choice":"Inject Mutagens","damage_taken":0,"relics_obtained":["MutagenicStrength"],"max_hp_gain":0,"max_hp_loss":0,"event_name":"Drug Dealer","floor":19,"gold_loss":0},{"cards_removed":["Strike_G"],"damage_healed":0,"gold_gain":0,"player_choice":"Elegance","damage_taken":0,"max_hp_gain":0,"max_hp_loss":0,"event_name":"Back to Basics","floor":21,"gold_loss":0}],"is_beta":false,"boss_relics":[{"not_picked":["HoveringKite","Runic Pyramid"],"picked":"Black Star"}],"items_purged_floors":[2,10,20],"is_endless":false,"potions_floor_spawned":[1,6,11,24],"killed_by":"Gremlin Leader","ascension_level":1}