{"gold_per_floor":[119,119,134,134,99,99,12,12,36,64,64,80,96,96,96,96],"floor_reached":16,"playtime":383,"items_purged":[],"score":162,"play_id":"b88c6653-e329-4b3d-8014-9d5706d7fb9c","local_time":"20190228230728","is_ascension_mode":true,"campfire_choices":[{"data":"Bash","floor":6,"key":"SMITH"},{"data":"Offering","floor":11,"key":"SMITH"},{"floor":15,"key":"REST"}],"neow_cost":"TEN_PERCENT_HP_LOSS","seed_source_timestamp":194130097186955,"circlet_count":0,"master_deck":["AscendersBane","Strike_R","Strike_R","Strike_R","Strike_R","Strike_R","Defend_R","Defend_R","Defend_R","Bash+1","Offering+1","Power Through","Twin Strike","Inflame","Flex","Pommel Strike+1","Sentinel","Headbutt+1","Decay"],"relics":["Burning Blood","Anchor","Smiling Mask","Molten Egg 2"],"potions_floor_usage":[],"damage_taken":[{"damage":10,"enemies":"Small Slimes","floor":1,"turns":4},{"damage":16,"enemies":"2 Louse","floor":3,"turns":3},{"damage":41,"enemies":"Lagavulin","floor":10,"turns":5},{"damage":8,"enemies":"Jaw Worm","floor":12,"turns":3},{"damage":13,"enemies":"Blue Slaver","floor":13,"turns":4},{"damage":43,"enemies":"Slime Boss","floor":16,"turns":6}],"seed_played":"-4692782267974268338","potions_obtained":[{"floor":1,"key":"Explosive Potion"},{"floor":13,"key":"Dexterity Potion"}],"is_trial":false,"path_per_floor":["M","?","M","?","?","R","$","?","T","E","R","M","M","?","R","B"],"character_chosen":"IRONCLAD","items_purchased":["Inflame","Flex"],"campfire_rested":1,"item_purchase_floors":[7,7],"current_hp_per_floor":[68,61,51,51,69,69,69,66,66,31,31,29,22,22,43,0],"gold":96,"neow_bonus":"THREE_RARE_CARDS","is_prod":false,"is_daily":false,"chose_seed":false,"campfire_upgraded":2,"win_rate":0,"timestamp":1551391648,"path_taken":["M","?","M","?","?","R","$","?","T","E","R","M","?","?","R","BOSS"],"build_version":"2019-01-23","purchased_purges":0,"victory":false,"max_hp_per_floor":[72,72,72,72,72,72,72,72,72,72,72,72,72,72,72,72],"card_choices":[{"not_picked":["Dark Embrace","Limit Break"],"picked":"Offering","floor":0},{"not_picked":["Fire Breathing","True Grit"],"picked":"Power Through","floor":1},{"not_picked":["Rage","Thunderclap"],"picked":"Twin Strike","floor":3},{"not_picked":["Wild Strike","Shrug It Off"],"picked":"Pommel Strike","floor":10},{"not_picked":["Heavy Blade+1","Fire Breathing"],"picked":"Sentinel","floor":12},{"not_picked":["Evolve","Heavy Blade+1"],"picked":"Headbutt+1","floor":13}],"player_experience":792706,"relics_obtained":[{"floor":9,"key":"Smiling Mask"},{"floor":10,"key":"Molten Egg 2"}],"event_choices":[{"cards_removed":["Defend_R"],"damage_healed":0,"gold_gain":0,"player_choice":"Card Removal","damage_taken":7,"max_hp_gain":0,"max_hp_loss":0,"event_name":"Golden Wing","floor":2,"gold_loss":0},{"damage_healed":0,"gold_gain":0,"player_choice":"Ignored","damage_taken":0,"max_hp_gain":0,"max_hp_loss":0,"event_name":"Liars Game","floor":4,"gold_loss":0},{"damage_healed":18,"gold_gain":0,"player_choice":"Healed","damage_taken":0,"max_hp_gain":0,"max_hp_loss":0,"event_name":"The Cleric","floor":5,"gold_loss":35},{"damage_healed":0,"gold_gain":0,"player_choice":"Success","damage_taken":3,"relics_obtained":["Anchor"],"max_hp_gain":0,"max_hp_loss":0,"event_name":"Scrap Ooze","floor":8,"gold_loss":0},{"damage_healed":0,"gold_gain":0,"player_choice":"Cursed","damage_taken":0,"max_hp_gain":0,"max_hp_loss":0,"event_name":"Wheel of Change","floor":14,"gold_loss":0,"cards_obtained":["Decay"]}],"is_beta":false,"boss_relics":[],"items_purged_floors":[],"is_endless":false,"potions_floor_spawned":[1,13],"killed_by":"Slime Boss","ascension_level":13}