{"gold_per_floor":[114,131,149,36,53,53,80,80,80,93,116,116,135,152,152,256,256,274,284,284,296,308,308,339,352,352,183,195,70,70],"floor_reached":30,"playtime":2739,"items_purged":["Strike_B","Strike_B","Defend_B"],"score":256,"play_id":"24256935-d110-4ac9-aa3f-dd505aa02c44","local_time":"20190220110014","is_ascension_mode":false,"campfire_choices":[{"data":"White Noise","floor":6,"key":"SMITH"},{"floor":8,"key":"REST"},{"floor":12,"key":"REST"},{"data":"Conserve Battery","floor":15,"key":"SMITH"},{"data":"Creative AI","floor":23,"key":"SMITH"}],"neow_cost":"NONE","seed_source_timestamp":80685567848179,"circlet_count":0,"master_deck":["Strike_B","Strike_B","Defend_B","Defend_B","Defend_B","Zap","Dualcast","White Noise+1","Heatsinks","Self Repair","Conserve Battery","Conserve Battery+1","Self Repair","Creative AI+1","Creative AI","Capacitor","Defragment","Heatsinks"],"relics":["Cracked Core","NeowsBlessing","Darkstone Periapt","Kunai","Dream Catcher","Velvet Choker","Pantograph","Matryoshka"],"potions_floor_usage":[7,10,16,16,24,30],"damage_taken":[{"damage":0,"enemies":"Cultist","floor":1,"turns":1},{"damage":0,"enemies":"Small Slimes","floor":2,"turns":1},{"damage":0,"enemies":"2 Louse","floor":3,"turns":1},{"damage":12,"enemies":"Looter","floor":5,"turns":4},{"damage":41,"enemies":"Gremlin Nob","floor":7,"turns":5},{"damage":24,"enemies":"Gremlin Gang","floor":10,"turns":6},{"damage":7,"enemies":"Blue Slaver","floor":13,"turns":5},{"damage":6,"enemies":"Exordium Wildlife","floor":14,"turns":4},{"damage":24,"enemies":"Slime Boss","floor":16,"turns":13},{"damage":26,"enemies":"3 Byrds","floor":18,"turns":5},{"damage":14,"enemies":"Spheric Guardian","floor":19,"turns":7},{"damage":16,"enemies":"Snake Plant","floor":21,"turns":6},{"damage":36,"enemies":"Centurion and Healer","floor":22,"turns":5},{"damage":22,"enemies":"Book of Stabbing","floor":24,"turns":6},{"damage":15,"enemies":"Snecko","floor":25,"turns":7},{"damage":32,"enemies":"Snake Plant","floor":28,"turns":5},{"damage":0,"enemies":"Colosseum Slavers","floor":30,"turns":1},{"damage":21,"enemies":"Colosseum Nobs","floor":30,"turns":3}],"seed_played":"3033354718936587708","potions_obtained":[{"floor":1,"key":"PowerPotion"},{"floor":2,"key":"SpeedPotion"},{"floor":13,"key":"GamblersBrew"},{"floor":14,"key":"Swift Potion"},{"floor":18,"key":"GamblersBrew"},{"floor":19,"key":"SmokeBomb"},{"floor":22,"key":"FearPotion"},{"floor":28,"key":"FearPotion"}],"is_trial":false,"path_per_floor":["M","M","M","$","M","R","E","R","T","M","T","R","M","M","R","B",null,"M","M","?","M","M","R","E","M","T","$","M","$","?"],"character_chosen":"DEFECT","items_purchased":["Self Repair","Defragment"],"campfire_rested":2,"item_purchase_floors":[4,27],"current_hp_per_floor":[75,75,75,75,70,70,36,58,58,41,41,63,63,71,71,61,75,63,63,63,61,46,46,38,37,37,37,19,19,0],"gold":70,"neow_bonus":"THREE_ENEMY_KILL","is_prod":false,"is_daily":false,"chose_seed":false,"campfire_upgraded":3,"win_rate":0.0,"timestamp":1550678414,"path_taken":["M","M","M","$","?","R","E","R","T","M","?","R","M","M","R","BOSS","M","?","?","M","M","R","E","M","T","$","M","$","?"],"build_version":"2019-01-23","purchased_purges":3,"victory":false,"max_hp_per_floor":[75,75,75,75,75,75,75,75,75,75,75,75,75,75,75,75,75,75,75,75,75,75,75,75,75,75,75,75,75,75],"card_choices":[{"not_picked":["Conserve Battery","Fusion"],"picked":"White Noise","floor":1},{"not_picked":["Double Energy","Stack","Reprogram"],"picked":"SKIP","floor":2},{"not_picked":["Leap","Melter"],"picked":"Heatsinks","floor":3},{"not_picked":["Steam","Blizzard"],"picked":"Conserve Battery","floor":5},{"not_picked":["Go for the Eyes","Reinforced Body"],"picked":"Conserve Battery","floor":7},{"not_picked":["Stack","Sunder","Barrage"],"picked":"SKIP","floor":10},{"not_picked":["Multi-Cast","Stack"],"picked":"Self Repair","floor":13},{"not_picked":["Cold Snap","Rebound","Blizzard"],"picked":"SKIP","floor":14},{"not_picked":["Machine Learning","Rainbow"],"picked":"Creative AI","floor":16},{"not_picked":["Doom and Gloom","Redo","Leap"],"picked":"SKIP","floor":18},{"not_picked":["Steam","Chill+1","Hologram"],"picked":"SKIP","floor":19},{"not_picked":["Reprogram","Barrage"],"picked":"Creative AI","floor":21},{"not_picked":["Fusion","Coolheaded+1","Reinforced Body+1"],"picked":"SKIP","floor":22},{"not_picked":["Coolheaded","Chaos","Aggregate"],"picked":"SKIP","floor":24},{"not_picked":["Compile Driver","Sweeping Beam"],"picked":"Capacitor","floor":25},{"not_picked":["Skim+1","Coolheaded"],"picked":"Heatsinks","floor":28}],"player_experience":116316,"relics_obtained":[{"floor":7,"key":"Darkstone Periapt"},{"floor":9,"key":"Kunai"},{"floor":11,"key":"Dream Catcher"},{"floor":24,"key":"Pantograph"},{"floor":26,"key":"Matryoshka"}],"event_choices":[{"damage_healed":0,"gold_gain":0,"player_choice":"Ignored","damage_taken":0,"max_hp_gain":0,"max_hp_loss":0,"event_name":"Vampires","floor":20,"gold_loss":0},{"damage_healed":0,"gold_gain":0,"player_choice":"Fight","damage_taken":0,"max_hp_gain":0,"max_hp_loss":0,"event_name":"Colosseum","floor":30,"gold_loss":0},{"damage_healed":0,"gold_gain":0,"player_choice":"Fought Nobs","damage_taken":0,"max_hp_gain":0,"max_hp_loss":0,"event_name":"Colosseum","floor":30,"gold_loss":0}],"is_beta":false,"boss_relics":[{"not_picked":["Black Star","Inserter"],"picked":"Velvet Choker"}],"items_purged_floors":[4,27,29],"is_endless":false,"potions_floor_spawned":[1,2,13,14,18,19,22,28],"killed_by":"Colosseum Nobs","ascension_level":0}