{"gold_per_floor":[110,126,126,201,221,221,252,270,270,304,49,49,84,84,84,84],"floor_reached":16,"playtime":876,"items_purged":[],"score":220,"play_id":"c7468357-4f8e-4009-a429-de56cc090854","local_time":"20190204231550","is_ascension_mode":true,"campfire_choices":[{"data":"Streamline","floor":6.0,"key":"SMITH"},{"data":"Consume","floor":12,"key":"SMITH"},{"data":"Zap","floor":15,"key":"SMITH"}],"neow_cost":"PERCENT_DAMAGE","seed_source_timestamp":1792327114085290,"circlet_count":0,"master_deck":["AscendersBane","Strike_B","Strike_B","Strike_B","Defend_B","Defend_B","Defend_B","Defend_B","Zap+1","Dualcast","Streamline+1","Self Repair","Chill","Consume+1","Undo"],"special_seed":0,"relics":["Cracked Core","Mango","Sundial","Juzu Bracelet","Singing Bowl","Oddly Smooth Stone","Golden Idol"],"potions_floor_usage":[13,16],"damage_taken":[{"damage":0.0,"enemies":"2 Louse","floor":1.0,"turns":3.0},{"damage":4.0,"enemies":"Jaw Worm","floor":2.0,"turns":3.0},{"damage":7.0,"enemies":"Small Slimes","floor":5.0,"turns":4.0},{"damage":5.0,"enemies":"3 Sentries","floor":7.0,"turns":10.0},{"damage":10,"enemies":"3 Louse","floor":8,"turns":4},{"damage":17,"enemies":"Gremlin Nob","floor":10,"turns":4},{"damage":9,"enemies":"3 Sentries","floor":13,"turns":14},{"damage":10,"enemies":"Hexaghost","floor":16,"turns":9}],"seed_played":"2908830288772361642","potions_obtained":[{"floor":2.0,"key":"Poison Potion"},{"floor":5.0,"key":"Energy Potion"},{"floor":8,"key":"Dexterity Potion"}],"is_trial":false,"path_per_floor":["M","M","?","?","M","R","E","M","T","E","$","R","E","?","R","B"],"character_chosen":"DEFECT","items_purchased":["Singing Bowl"],"campfire_rested":0,"item_purchase_floors":[11],"current_hp_per_floor":[64,60,60,49,42,42,44,41,41,31,31,31,31,9,9,0],"gold":84,"neow_bonus":"ONE_RARE_RELIC","is_prod":false,"is_daily":false,"chose_seed":false,"campfire_upgraded":3,"win_rate":0,"timestamp":1549343750,"path_taken":["M","M","?","?","M","R","E","M","T","E","$","R","E","?","R","BOSS"],"build_version":"2019-01-23","purchased_purges":0,"victory":false,"max_hp_per_floor":[89,89,89,89,89,89,89,89,89,89,89,89,91,91,91,91],"card_choices":[{"not_picked":["Sweeping Beam","Beam Cell"],"picked":"Streamline","floor":1.0},{"not_picked":["Steam","Turbo"],"picked":"Self Repair","floor":2.0},{"not_picked":["Steam","Turbo","Rebound"],"picked":"SKIP","floor":5.0},{"not_picked":["Go for the Eyes","Chaos"],"picked":"Consume","floor":7},{"not_picked":["Coolheaded","Chill"],"picked":"Undo","floor":8},{"not_picked":["Tempest","White Noise","Skim"],"picked":"SKIP","floor":10},{"not_picked":["Static Discharge","Redo","Sweeping Beam"],"picked":"Singing Bowl","floor":13}],"player_experience":962646,"relics_obtained":[{"floor":9,"key":"Sundial"},{"floor":10,"key":"Juzu Bracelet"},{"floor":13,"key":"Oddly Smooth Stone"}],"event_choices":[{"damage_healed":0.0,"max_hp_gain":0.0,"max_hp_loss":0.0,"gold_gain":0.0,"cards_transformed":["Strike_B"],"event_name":"Living Wall","player_choice":"Change","floor":3.0,"gold_loss":0.0,"damage_taken":0.0,"cards_obtained":["Chill"]},{"damage_healed":0.0,"max_hp_gain":0.0,"max_hp_loss":0.0,"gold_gain":75.0,"event_name":"World of Goop","player_choice":"Gather Gold","floor":4.0,"gold_loss":0.0,"damage_taken":11.0},{"damage_healed":0,"gold_gain":0,"player_choice":"Take Damage","damage_taken":22,"relics_obtained":["Golden Idol"],"max_hp_gain":0,"max_hp_loss":0,"event_name":"Golden Idol","floor":14,"gold_loss":0}],"is_beta":false,"boss_relics":[],"items_purged_floors":[],"is_endless":false,"potions_floor_spawned":[2,5,8],"killed_by":"Hexaghost","ascension_level":13}