{"gold_per_floor":[109,59,71,85,185,185,195,229,229,229,229,258,272,298,298,298],"floor_reached":16,"playtime":896,"items_purged":[],"score":144,"play_id":"147b7089-9af1-4fcb-a806-c25af0c583bb","local_time":"20181127150220","is_ascension_mode":true,"campfire_choices":[{"data":"Neutralize","floor":6,"key":"SMITH"},{"floor":11,"key":"REST"},{"floor":15,"key":"REST"}],"neow_cost":"NONE","seed_source_timestamp":22547641557843,"circlet_count":0,"master_deck":["Defend_G","Defend_G+1","Defend_G","Defend_G","Defend_G","Strike_G+1","Strike_G","Strike_G","Strike_G","Survivor","Neutralize+1","Dash","PiercingWail","Sucker Punch","Corpse Explosion","Burst","Dodge and Roll"],"relics":["Ring of the Snake","Ancient Tea Set","Kunai","Bottled Lightning","Snake Skull","Molten Egg 2"],"potions_floor_usage":[8,14,16],"damage_taken":[{"damage":4,"enemies":"Small Slimes","floor":1,"turns":4},{"damage":0,"enemies":"Cultist","floor":3,"turns":4},{"damage":0,"enemies":"2 Louse","floor":4,"turns":3},{"damage":5,"enemies":"Blue Slaver","floor":7,"turns":4},{"damage":24,"enemies":"Gremlin Nob","floor":8,"turns":5},{"damage":10,"enemies":"3 Sentries","floor":12,"turns":3},{"damage":1,"enemies":"Looter","floor":13,"turns":4},{"damage":10,"enemies":"Gremlin Nob","floor":14,"turns":6},{"damage":46,"enemies":"Hexaghost","floor":16,"turns":16}],"seed_played":"4231480532713667192","potions_obtained":[{"floor":3,"key":"Swift Potion"},{"floor":8,"key":"SteroidPotion"},{"floor":14,"key":"SkillPotion"}],"is_trial":false,"path_per_floor":["M","?","M","M","?","R","M","E","T","?","R","E","M","E","R","B"],"character_chosen":"THE_SILENT","items_purchased":[],"campfire_rested":2,"item_purchase_floors":[],"current_hp_per_floor":[66,66,66,66,66,66,61,37,37,23,44,34,33,23,44,0],"gold":298,"neow_bonus":"RANDOM_COMMON_RELIC","is_prod":false,"is_daily":false,"chose_seed":false,"campfire_upgraded":1,"win_rate":0,"timestamp":1543327340,"path_taken":["M","?","M","M","?","R","?","E","T","?","R","E","M","E","R","BOSS"],"build_version":"2018-11-15","purchased_purges":0,"victory":false,"max_hp_per_floor":[70,70,70,70,70,70,70,70,70,70,70,70,70,70,70,70],"card_choices":[{"not_picked":["Deflect","Dodge and Roll"],"picked":"Dash","floor":1},{"not_picked":["Prepared","Acrobatics","Distraction"],"picked":"SKIP","floor":3},{"not_picked":["Poisoned Stab","Dagger Spray"],"picked":"PiercingWail","floor":4},{"not_picked":["Deflect","Blade Dance"],"picked":"Sucker Punch","floor":7},{"not_picked":["Prepared","Poisoned Stab"],"picked":"Corpse Explosion","floor":8},{"not_picked":["Heel Hook","Underhanded Strike"],"picked":"Burst","floor":12},{"not_picked":["Dagger Throw","Prepared"],"picked":"Dodge and Roll","floor":13},{"not_picked":["Deflect","Reflex","Skewer"],"picked":"SKIP","floor":14}],"player_experience":269528,"relics_obtained":[{"floor":8,"key":"Kunai"},{"floor":9,"key":"Bottled Lightning"},{"floor":12,"key":"Snake Skull"},{"floor":14,"key":"Molten Egg 2"}],"event_choices":[{"cards_removed":["Strike_G"],"damage_healed":0,"gold_gain":0,"player_choice":"Card Removal","damage_taken":0,"max_hp_gain":0,"max_hp_loss":0,"event_name":"The Cleric","floor":2,"gold_loss":50},{"damage_healed":0,"gold_gain":100,"player_choice":"Pray","damage_taken":0,"max_hp_gain":0,"max_hp_loss":0,"event_name":"Golden Shrine","floor":5,"gold_loss":0},{"damage_healed":0,"gold_gain":0,"player_choice":"Entered Light","damage_taken":14,"max_hp_gain":0,"max_hp_loss":0,"event_name":"Shining Light","floor":10,"gold_loss":0,"cards_upgraded":["Defend_G","Strike_G"]}],"is_beta":false,"boss_relics":[],"items_purged_floors":[],"is_endless":false,"potions_floor_spawned":[3,8,14],"killed_by":"Hexaghost","ascension_level":4}