{"gold_per_floor":[209,209,134,134,34,34,57,57,57,76,76,97,120,136,136,255,255,278,105,129,129,129,170,191,191,244,244,280,295,295,145,145,273,273,297,630,647,663,680,680,692,744,744,744,764,764,777,777,777,777],"floor_reached":50,"playtime":4445,"items_purged":["Strike_B","Strike_B","Defend_B","Parasite"],"score":574,"play_id":"b088d582-d037-4f7b-8436-0c416a75441d","local_time":"20190222092747","is_ascension_mode":false,"campfire_choices":[{"data":"Zap","floor":6,"key":"SMITH"},{"data":"Go for the Eyes","floor":8,"key":"SMITH"},{"data":"Streamline","floor":11,"key":"SMITH"},{"floor":15,"key":"REST"},{"floor":25,"key":"REST"},{"floor":30,"key":"REST"},{"floor":32,"key":"REST"},{"floor":40,"key":"REST"},{"floor":44,"key":"REST"},{"data":"Leap","floor":46,"key":"SMITH"},{"floor":49,"key":"REST"}],"neow_cost":"NONE","seed_source_timestamp":152656251425557,"circlet_count":0,"master_deck":["Defend_B","Defend_B","Zap+1","Dualcast","Go for the Eyes+1","Streamline+1","Scrape","Streamline","Leap+1","Reboot","Beam Cell+1","Reboot","Go for the Eyes","Scrape","Redo","Streamline","All For One","Leap","Conserve Battery+1","Parasite","Scrape+1","Beam Cell+1","Go for the Eyes","BootSequence+1","Go for the Eyes","Beam Cell","Beam Cell+1","Streamline+1"],"relics":["Cracked Core","Bag of Marbles","Empty Cage","MutagenicStrength","Prayer Wheel","Vajra","Ice Cream","Sozu","FossilizedHelix","Dream Catcher"],"potions_floor_usage":[13,16,18,20,33,38],"damage_taken":[{"damage":2,"enemies":"Small Slimes","floor":1,"turns":3},{"damage":1,"enemies":"Jaw Worm","floor":7,"turns":3},{"damage":0,"enemies":"Cultist","floor":10,"turns":2},{"damage":8,"enemies":"Red Slaver","floor":12,"turns":2},{"damage":0,"enemies":"3 Louse","floor":13,"turns":2},{"damage":17,"enemies":"Large Slime","floor":14,"turns":4},{"damage":49,"enemies":"The Guardian","floor":16,"turns":7},{"damage":3,"enemies":"Shell Parasite","floor":18,"turns":4},{"damage":1,"enemies":"3 Byrds","floor":20,"turns":3},{"damage":35,"enemies":"Slavers","floor":23,"turns":6},{"damage":6,"enemies":"Snake Plant","floor":24,"turns":2},{"damage":29,"enemies":"Gremlin Leader","floor":28,"turns":6},{"damage":0,"enemies":"3 Cultists","floor":29,"turns":3},{"damage":30,"enemies":"Champ","floor":33,"turns":7},{"damage":1,"enemies":"3 Shapes","floor":35,"turns":2},{"damage":12,"enemies":"3 Darklings","floor":37,"turns":3},{"damage":22,"enemies":"Spire Growth","floor":38,"turns":3},{"damage":19,"enemies":"Writhing Mass","floor":39,"turns":4},{"damage":7,"enemies":"3 Darklings","floor":41,"turns":2},{"damage":15,"enemies":"2 Orb Walkers","floor":42,"turns":4},{"damage":5,"enemies":"Sphere and 2 Shapes","floor":45,"turns":3},{"damage":0,"enemies":"Jaw Worm Horde","floor":47,"turns":3},{"damage":78,"enemies":"Donu and Deca","floor":50,"turns":8}],"seed_played":"-2432013758800393699","potions_obtained":[{"floor":7,"key":"SteroidPotion"},{"floor":12,"key":"AttackPotion"},{"floor":16,"key":"GamblersBrew"},{"floor":23,"key":"FairyPotion"},{"floor":29,"key":"Swift Potion"},{"floor":33,"key":"PowerPotion"}],"is_trial":false,"path_per_floor":["M","?","$","?","$","R","M","R","T","M","R","M","M","M","R","B",null,"M","$","M","?","?","E","M","R","T","?","E","M","R","$","R","B",null,"M","?","M","M","M","R","M","?","T","R","M","R","M","?","R","B"],"character_chosen":"DEFECT","items_purchased":["Explosive Potion"],"campfire_rested":7,"item_purchase_floors":[19],"current_hp_per_floor":[73,55,55,55,55,55,54,54,54,54,54,46,46,29,51,2,75,72,72,71,71,71,36,30,52,52,52,23,23,45,45,66,36,72,71,71,59,37,18,39,32,17,17,38,33,33,33,33,54,0],"gold":777,"neow_bonus":"HUNDRED_GOLD","is_prod":false,"is_daily":false,"chose_seed":false,"campfire_upgraded":4,"win_rate":0.0,"timestamp":1550845667,"path_taken":["M","?","$","?","$","R","M","R","T","?","R","M","M","M","R","BOSS","M","$","M","?","?","E","M","R","T","?","E","?","R","?","R","BOSS","M","?","M","M","M","R","M","?","T","R","M","R","M","?","R","BOSS"],"build_version":"2019-01-23","purchased_purges":4,"victory":false,"max_hp_per_floor":[75,75,75,75,75,75,75,75,75,75,75,75,75,75,75,75,75,75,75,75,75,75,75,75,75,75,75,75,75,75,72,72,72,72,72,72,72,72,72,72,72,72,72,72,72,72,72,72,72,72],"card_choices":[{"not_picked":["Doom and Gloom","Sweeping Beam"],"picked":"Go for the Eyes","floor":1},{"not_picked":["Barrage","Tempest","Sunder"],"picked":"SKIP","floor":7},{"not_picked":["Barrage","Coolheaded"],"picked":"Streamline","floor":10},{"not_picked":["Ball Lightning","Barrage"],"picked":"Scrape","floor":12},{"not_picked":["Steam Power","Capacitor"],"picked":"Streamline","floor":13},{"not_picked":["Ball Lightning","Recycle"],"picked":"Leap","floor":14},{"not_picked":["Machine Learning","Creative AI"],"picked":"Reboot","floor":16},{"not_picked":["Hologram+1","Tempest+1","Compile Driver+1"],"picked":"SKIP","floor":18},{"not_picked":["Coolheaded","BootSequence"],"picked":"Beam Cell+1","floor":20},{"not_picked":["Capacitor","Hologram+1"],"picked":"Reboot","floor":23},{"not_picked":["Tempest","Turbo"],"picked":"Go for the Eyes","floor":24},{"not_picked":["Conserve Battery","Storm"],"picked":"Scrape","floor":24},{"not_picked":["Turbo","Darkness","Creative AI"],"picked":"SKIP","floor":28},{"not_picked":["Hologram","Turbo","Aggregate+1"],"picked":"SKIP","floor":29},{"not_picked":["Conserve Battery","Rebound+1","Capacitor"],"picked":"SKIP","floor":29},{"not_picked":["Barrage+1","Sweeping Beam"],"picked":"Streamline","floor":35},{"not_picked":["Cold Snap","Self Repair","Sweeping Beam+1"],"picked":"SKIP","floor":35},{"not_picked":["Defragment+1","Glacier"],"picked":"All For One","floor":37},{"not_picked":["Reprogram+1","Compile Driver+1","Double Energy+1"],"picked":"SKIP","floor":37},{"not_picked":["Aggregate+1","Recycle"],"picked":"Leap","floor":38},{"not_picked":["Rebound+1","Fusion"],"picked":"Conserve Battery+1","floor":38},{"not_picked":["Barrage","Hello World"],"picked":"Scrape+1","floor":39},{"not_picked":["Barrage+1","Fusion+1"],"picked":"Beam Cell+1","floor":39},{"not_picked":["Amplify","Turbo+1"],"picked":"Go for the Eyes","floor":41},{"not_picked":["Compile Driver+1","Darkness+1"],"picked":"BootSequence+1","floor":41},{"not_picked":["Reprogram","Blizzard"],"picked":"Go for the Eyes","floor":45},{"not_picked":["Cold Snap+1","Compile Driver+1"],"picked":"Beam Cell","floor":45},{"not_picked":["White Noise","Biased Cognition"],"picked":"Beam Cell+1","floor":47},{"not_picked":["Consume+1","Fusion+1","Cold Snap"],"picked":"SKIP","floor":47},{"not_picked":["Stack","Ball Lightning"],"picked":"Streamline+1","floor":49}],"player_experience":142093,"relics_obtained":[{"floor":9,"key":"Bag of Marbles"},{"floor":23,"key":"Prayer Wheel"},{"floor":26,"key":"Vajra"},{"floor":28,"key":"Ice Cream"},{"floor":42,"key":"FossilizedHelix"},{"floor":43,"key":"Dream Catcher"}],"event_choices":[{"damage_healed":0,"gold_gain":0,"player_choice":"Take Damage","damage_taken":18,"relics_obtained":["Golden Idol"],"max_hp_gain":0,"max_hp_loss":0,"event_name":"Golden Idol","floor":2,"gold_loss":0},{"cards_removed":["Defend_B"],"damage_healed":0,"gold_gain":0,"player_choice":"Offered Basic","damage_taken":0,"max_hp_gain":0,"max_hp_loss":0,"event_name":"Bonfire Elementals","floor":4,"gold_loss":0},{"damage_healed":0,"gold_gain":0,"player_choice":"Ignored","damage_taken":0,"max_hp_gain":0,"max_hp_loss":0,"event_name":"Vampires","floor":21,"gold_loss":0},{"damage_healed":0,"gold_gain":0,"player_choice":"Inject Mutagens","damage_taken":0,"relics_obtained":["MutagenicStrength"],"max_hp_gain":0,"max_hp_loss":0,"event_name":"Drug Dealer","floor":22,"gold_loss":0},{"damage_healed":0,"gold_gain":0,"player_choice":"2 cards matched","damage_taken":0,"max_hp_gain":0,"max_hp_loss":0,"event_name":"Match and Keep!","floor":27,"gold_loss":0,"cards_obtained":["Redo","Parasite"]},{"damage_healed":0,"gold_gain":333,"player_choice":"Gave Idol","damage_taken":0,"max_hp_gain":0,"max_hp_loss":0,"event_name":"The Moai Head","floor":36,"relics_lost":["Golden Idol"],"gold_loss":0},{"damage_healed":0,"gold_gain":0,"player_choice":"Fight","damage_taken":0,"max_hp_gain":0,"max_hp_loss":0,"event_name":"Mysterious Sphere","floor":42,"gold_loss":0},{"damage_healed":0,"gold_gain":0,"player_choice":"Got Potions","damage_taken":0,"max_hp_gain":0,"max_hp_loss":0,"event_name":"Lab","floor":48,"gold_loss":0}],"is_beta":false,"boss_relics":[{"not_picked":["White Beast Statue","Cursed Key"],"picked":"Empty Cage"},{"not_picked":["Snecko Eye","Runic Dome"],"picked":"Sozu"}],"items_purged_floors":[3,5,19,31],"is_endless":false,"potions_floor_spawned":[7,12,16,23,29,33,41,42,45],"killed_by":"Donu and Deca","ascension_level":0}