{"gold_per_floor":[113,113,133,152,166,166,197,213,287,321,332,332,350,360,360,464,464,481,496,506,506,518,518,443,443,443,453,453,464,9,29,29,29],"floor_reached":33,"playtime":1614,"items_purged":[],"score":411,"play_id":"9bcd09cf-18c7-4ebb-9ef5-f46396cf9a6e","local_time":"20190207223416","is_ascension_mode":true,"campfire_choices":[{"data":"Predator","floor":6,"key":"SMITH"},{"data":"1","floor":12,"key":"LIFT"},{"data":"2","floor":15,"key":"LIFT"},{"data":"3","floor":23,"key":"LIFT"},{"floor":25,"key":"REST"},{"data":"After Image","floor":28,"key":"SMITH"},{"floor":32,"key":"REST"}],"neow_cost":"TEN_PERCENT_HP_LOSS","seed_source_timestamp":382023656838876,"circlet_count":0,"master_deck":["AscendersBane","Survivor","Neutralize+1","Quick Slash","Flying Knee","Predator+1","Deadly Poison","Backflip","Crippling Poison","Dagger Spray","After Image+1","Heel Hook","Wraith Form v2","Tools of the Trade","Setup","Riddle With Holes","Quick Slash","Endless Agony","Accuracy","Venomology","Deflect","Sucker Punch","Acrobatics+1","PiercingWail","Dagger Throw","PiercingWail","Slice","Flying Knee","Footwork","Metamorphosis","Riddle With Holes","Blur","Slice"],"relics":["Ring of the Snake","Dream Catcher","Meat on the Bone","Girya","Pandora\u0027s Box","Du-Vu Doll","Pen Nib"],"potions_floor_usage":[5,16,18,19,20,27,29,31,33],"damage_taken":[{"damage":0,"enemies":"2 Louse","floor":1,"turns":3},{"damage":0,"enemies":"Cultist","floor":3,"turns":4},{"damage":2,"enemies":"Small Slimes","floor":4,"turns":3},{"damage":0,"enemies":"2 Fungi Beasts","floor":5,"turns":2},{"damage":22,"enemies":"Lagavulin","floor":7,"turns":5},{"damage":8,"enemies":"Looter","floor":8,"turns":3},{"damage":27,"enemies":"3 Sentries","floor":10,"turns":11},{"damage":11,"enemies":"3 Louse","floor":11,"turns":2},{"damage":10,"enemies":"2 Fungi Beasts","floor":13,"turns":3},{"damage":0,"enemies":"Blue Slaver","floor":14,"turns":5},{"damage":4,"enemies":"Slime Boss","floor":16,"turns":8},{"damage":5,"enemies":"Shell Parasite","floor":18,"turns":5},{"damage":11,"enemies":"Chosen","floor":19,"turns":5},{"damage":6,"enemies":"Snecko","floor":20,"turns":5},{"damage":22,"enemies":"Centurion and Healer","floor":22,"turns":6},{"damage":26,"enemies":"Chosen and Byrds","floor":27,"turns":5},{"damage":13,"enemies":"Sentry and Sphere","floor":29,"turns":6},{"damage":27,"enemies":"Snake Plant","floor":31,"turns":5},{"damage":69,"enemies":"Automaton","floor":33,"turns":10}],"seed_played":"-435121173033837917","potions_obtained":[{"floor":3,"key":"Explosive Potion"},{"floor":5,"key":"FairyPotion"},{"floor":13,"key":"SteroidPotion"},{"floor":22,"key":"Strength Potion"},{"floor":29,"key":"Regen Potion"},{"floor":31,"key":"GamblersBrew"}],"is_trial":false,"path_per_floor":["M","?","M","M","M","R","E","M","T","E","M","R","M","M","R","B",null,"M","M","M","?","M","R","?","R","T","M","R","M","$","M","R","B"],"character_chosen":"THE_SILENT","items_purchased":["Footwork","Pen Nib","Metamorphosis","Riddle With Holes"],"campfire_rested":2,"item_purchase_floors":[30,30,30,30],"current_hp_per_floor":[63,63,63,61,61,61,39,31,31,16,17,17,19,31,31,39,57,52,41,35,35,25,25,25,43,43,29,29,28,28,25,43,0],"gold":29,"neow_bonus":"REMOVE_TWO","is_prod":false,"is_daily":false,"chose_seed":false,"campfire_upgraded":2,"win_rate":0,"timestamp":1549575256,"path_taken":["M","?","M","M","M","R","E","?","T","E","M","R","M","M","R","BOSS","M","?","M","?","M","R","?","R","T","M","R","M","$","M","R","BOSS"],"build_version":"2019-01-23","purchased_purges":0,"victory":false,"max_hp_per_floor":[63,63,63,63,63,63,63,63,63,63,63,63,63,63,63,63,63,63,63,63,63,63,63,63,63,63,63,63,63,63,63,63,63],"card_choices":[{"not_picked":["Prepared","Dodge and Roll"],"picked":"Quick Slash","floor":1},{"not_picked":["Prepared","Choke"],"picked":"Flying Knee","floor":3},{"not_picked":["Bane","Backflip"],"picked":"Predator","floor":4},{"not_picked":["Masterful Stab","Backflip"],"picked":"Deadly Poison","floor":5},{"not_picked":["Deadly Poison","Well Laid Plans"],"picked":"Backflip","floor":7},{"not_picked":["Backflip","Acrobatics"],"picked":"Crippling Poison","floor":8},{"not_picked":["Quick Slash","Poisoned Stab"],"picked":"Dagger Spray","floor":10},{"not_picked":["Choke","Deadly Poison"],"picked":"After Image","floor":11},{"not_picked":["Outmaneuver","Flechettes","Blade Dance"],"picked":"SKIP","floor":13},{"not_picked":["Sucker Punch","Backflip"],"picked":"Heel Hook","floor":14},{"not_picked":["Malaise","Night Terror"],"picked":"Wraith Form v2","floor":16},{"not_picked":["Flechettes","Acrobatics"],"picked":"Sucker Punch","floor":18},{"not_picked":["Deadly Poison+1","Outmaneuver+1"],"picked":"Acrobatics+1","floor":19},{"not_picked":["Glass Knife","Prepared+1"],"picked":"PiercingWail","floor":20},{"not_picked":["Outmaneuver","Underhanded Strike"],"picked":"Dagger Throw","floor":22},{"not_picked":["Acrobatics","All Out Attack"],"picked":"PiercingWail","floor":25},{"not_picked":["Prepared","Acrobatics"],"picked":"Slice","floor":27},{"not_picked":["Deadly Poison+1","Slice"],"picked":"Flying Knee","floor":29},{"not_picked":["Finisher","Bane"],"picked":"Blur","floor":31},{"not_picked":["Expertise+1","Poisoned Stab"],"picked":"Slice","floor":32}],"player_experience":580968,"relics_obtained":[{"floor":7,"key":"Dream Catcher"},{"floor":9,"key":"Meat on the Bone"},{"floor":10,"key":"Girya"},{"floor":26,"key":"Du-Vu Doll"}],"event_choices":[{"damage_healed":0,"gold_gain":0,"player_choice":"Upgraded","damage_taken":0,"max_hp_gain":0,"max_hp_loss":0,"event_name":"Upgrade Shrine","floor":2,"gold_loss":0,"cards_upgraded":["Neutralize"]},{"damage_healed":0,"gold_gain":0,"player_choice":"Smashed Altar","damage_taken":0,"max_hp_gain":0,"max_hp_loss":0,"event_name":"Forgotten Altar","floor":21,"gold_loss":0,"cards_obtained":["Decay"]},{"cards_removed":["Decay"],"damage_healed":0,"gold_gain":0,"player_choice":"Gave Gold","damage_taken":0,"max_hp_gain":0,"max_hp_loss":0,"event_name":"Beggar","floor":24,"gold_loss":75}],"is_beta":false,"boss_relics":[{"not_picked":["White Beast Statue","Snecko Eye"],"picked":"Pandora\u0027s Box"}],"items_purged_floors":[],"is_endless":false,"potions_floor_spawned":[3,5,13,14,22,29,31],"killed_by":"Automaton","ascension_level":11}