{"gold_per_floor":[110,124,199,215,215,215,234,135,135,135,162,175,175,175,175,274,274,260,133,232,251,251],"floor_reached":22,"playtime":779,"items_purged":["Defend_R","Strike_R"],"score":202,"play_id":"0e3f09e5-c7f9-47d8-8425-9dbe3dc84bd3","local_time":"20181224141237","is_ascension_mode":true,"campfire_choices":[{"data":"Entrench","floor":6,"key":"SMITH"},{"data":"Fire Breathing","floor":10,"key":"SMITH"},{"data":"Demon Form","floor":13,"key":"SMITH"},{"data":"Shrug It Off","floor":15,"key":"SMITH"}],"neow_cost":"NONE","seed_source_timestamp":105564640902578,"circlet_count":0,"master_deck":["Strike_R","Strike_R","Defend_R","Defend_R","Defend_R","Bash+1","Fire Breathing+1","Entrench+1","Anger","Flex","Shrug It Off+1","Shrug It Off+1","Clash","Demon Form+1","Barricade","True Grit","Uppercut","Body Slam"],"relics":["Burning Blood","Kunai","Smiling Mask","Black Star"],"potions_floor_usage":[11,22,22],"damage_taken":[{"damage":3,"enemies":"Jaw Worm","floor":1,"turns":6},{"damage":4,"enemies":"Small Slimes","floor":2,"turns":4},{"damage":0,"enemies":"2 Louse","floor":4,"turns":3},{"damage":5,"enemies":"2 Fungi Beasts","floor":7,"turns":4},{"damage":8,"enemies":"Gremlin Nob","floor":11,"turns":3},{"damage":8,"enemies":"Blue Slaver","floor":12,"turns":4},{"damage":21,"enemies":"Hexaghost","floor":16,"turns":8},{"damage":22,"enemies":"2 Thieves","floor":18,"turns":4},{"damage":38,"enemies":"Spheric Guardian","floor":21,"turns":8},{"damage":37,"enemies":"Snake Plant","floor":22,"turns":3}],"seed_played":"1725727815904621953","potions_obtained":[{"floor":1,"key":"Strength Potion"},{"floor":7,"key":"SpeedPotion"},{"floor":12,"key":"LiquidBronze"},{"floor":18,"key":"Fire Potion"}],"is_trial":false,"path_per_floor":["M","M","?","M","?","R","M","$","T","R","E","M","R","?","R","B",null,"M","$","?","M","M"],"character_chosen":"IRONCLAD","items_purchased":["Shrug It Off","Uppercut"],"campfire_rested":0,"item_purchase_floors":[8,19],"current_hp_per_floor":[80,80,69,75,75,75,76,76,76,76,74,72,72,56,56,41,80,64,64,64,32,0],"gold":251,"neow_bonus":"TRANSFORM_CARD","is_prod":false,"is_daily":false,"chose_seed":false,"campfire_upgraded":4,"win_rate":0,"timestamp":1545657157,"path_taken":["M","M","?","M","?","R","M","$","T","R","E","M","R","?","R","BOSS","M","$","?","M","M"],"build_version":"2018-12-20","purchased_purges":2,"victory":false,"max_hp_per_floor":[80,80,80,80,80,80,80,80,80,80,80,80,80,80,80,80,80,80,80,80,80,80],"card_choices":[{"not_picked":["Reckless Charge","Headbutt"],"picked":"Entrench","floor":1},{"not_picked":["Thunderclap","Reckless Charge"],"picked":"Anger","floor":2},{"not_picked":["Bloodletting","Feel No Pain"],"picked":"Flex","floor":4},{"not_picked":["Seeing Red","Blood for Blood"],"picked":"Shrug It Off","floor":7},{"not_picked":["Evolve","Perfected Strike"],"picked":"Clash","floor":11},{"not_picked":["Perfected Strike","Clash"],"picked":"Demon Form","floor":12},{"not_picked":["Immolate","Brutality"],"picked":"Barricade","floor":16},{"not_picked":["Thunderclap","Wild Strike"],"picked":"True Grit","floor":18},{"not_picked":["Inflame","Flex"],"picked":"Body Slam","floor":21}],"player_experience":452568,"relics_obtained":[{"floor":9,"key":"Kunai"},{"floor":11,"key":"Smiling Mask"}],"event_choices":[{"damage_healed":0,"gold_gain":75,"player_choice":"Gather Gold","damage_taken":11,"max_hp_gain":0,"max_hp_loss":0,"event_name":"World of Goop","floor":3,"gold_loss":0},{"cards_removed":["Strike_R"],"damage_healed":0,"gold_gain":0,"player_choice":"Forget","damage_taken":0,"max_hp_gain":0,"max_hp_loss":0,"event_name":"Living Wall","floor":5,"gold_loss":0},{"damage_healed":0,"gold_gain":0,"player_choice":"Entered Light","damage_taken":16,"max_hp_gain":0,"max_hp_loss":0,"event_name":"Shining Light","floor":14,"gold_loss":0,"cards_upgraded":["Bash","Shrug It Off"]},{"damage_healed":0,"gold_gain":99,"player_choice":"Stole From Cult","damage_taken":0,"max_hp_gain":0,"max_hp_loss":0,"event_name":"Nest","floor":20,"gold_loss":0}],"is_beta":false,"boss_relics":[{"not_picked":["Calling Bell","Runic Pyramid"],"picked":"Black Star"}],"items_purged_floors":[8,19],"is_endless":false,"potions_floor_spawned":[1,7,12,18,21],"killed_by":"Snake Plant","ascension_level":2}