{"gold_per_floor":[111,81,100,100,120,120,131,146,146,146,164,164,164,177,177,273,273,293,303,303,313,313,338,355,367,423,423,436,436],"floor_reached":29,"playtime":4277,"items_purged":[],"score":241,"play_id":"a6fd483c-86ae-4a37-98a8-cc21ea90da79","local_time":"20180725222300","is_ascension_mode":false,"campfire_choices":[{"data":"Iron Wave","floor":6,"key":"SMITH"},{"data":"Carnage","floor":10,"key":"SMITH"},{"data":"Flex","floor":15,"key":"SMITH"}],"neow_cost":"NONE","seed_source_timestamp":1051545916991468,"circlet_count":0,"master_deck":["Strike_R","Strike_R","Strike_R","Strike_R","Strike_R","Defend_R","Defend_R","Defend_R","Defend_R","Bash","Reaper","Carnage+1","Anger","Iron Wave+1","Shrug It Off","Cleave","Dropkick","Flex+1","Barricade","Shockwave","Armaments","Flex","True Grit","Flame Barrier","Shrug It Off","Twin Strike+1","Iron Wave","Warcry+1","Sword Boomerang+1","Warcry+1","Perfected Strike","Limit Break"],"relics":["Burning Blood","Red Skull","Orrery","Blood Vial","Tiny Chest"],"potions_floor_usage":[7,16,18,18,23,25],"damage_taken":[{"damage":0,"enemies":"Small Slimes","floor":1,"turns":3},{"damage":1,"enemies":"Cultist","floor":3,"turns":3},{"damage":7,"enemies":"2 Louse","floor":5,"turns":2},{"damage":0,"enemies":"Blue Slaver","floor":7,"turns":3},{"damage":2,"enemies":"Looter","floor":8,"turns":3},{"damage":0,"enemies":"Exordium Thugs","floor":11,"turns":3},{"damage":0,"enemies":"Blue Slaver","floor":14,"turns":3},{"damage":50,"enemies":"The Guardian","floor":16,"turns":10},{"damage":21,"enemies":"Chosen","floor":18,"turns":6},{"damage":37,"enemies":"Shell Parasite","floor":19,"turns":7},{"damage":11,"enemies":"Snecko","floor":21,"turns":5},{"damage":33,"enemies":"Gremlin Leader","floor":23,"turns":7},{"damage":26,"enemies":"Snake Plant","floor":24,"turns":6},{"damage":11,"enemies":"Centurion and Healer","floor":25,"turns":5},{"damage":35,"enemies":"3 Cultists","floor":28,"turns":5},{"damage":14,"enemies":"Sentry and Sphere","floor":29,"turns":3}],"seed_played":"947863334712070947","potions_obtained":[{"floor":2,"key":"Ancient Potion"},{"floor":2,"key":"Weak Potion"},{"floor":3,"key":"Energy Potion"},{"floor":5,"key":"AttackPotion"},{"floor":8,"key":"Block Potion"},{"floor":21,"key":"Explosive Potion"},{"floor":24,"key":"LiquidBronze"}],"is_trial":false,"path_per_floor":["M","?","M","$","M","R","M","M","T","R","M","$","?","M","R","B",null,"M","M","?","M","?","E","M","M","T","?","M"],"character_chosen":"IRONCLAD","items_purchased":[],"campfire_rested":0,"item_purchase_floors":[],"current_hp_per_floor":[80,80,80,80,79,79,80,80,80,80,80,80,80,80,80,42,80,65,34,34,38,38,32,14,20,20,20,10,0],"gold":436,"neow_bonus":"ONE_RANDOM_RARE_CARD","is_prod":false,"is_daily":false,"chose_seed":false,"campfire_upgraded":3,"win_rate":0,"timestamp":1532550180,"path_taken":["M","?","?","$","M","R","M","M","T","R","M","$","?","?","R","BOSS","M","M","?","?","?","E","?","?","T","?","M","?"],"build_version":"2018-07-19v2","purchased_purges":0,"victory":false,"max_hp_per_floor":[80,80,80,80,80,80,80,80,80,80,80,80,80,80,80,80,80,80,80,80,80,80,80,80,80,80,80,80,80],"card_choices":[{"not_picked":["Flex","Heavy Blade"],"picked":"Carnage","floor":1},{"not_picked":["Clothesline","Shrug It Off"],"picked":"Anger","floor":3},{"not_picked":["Bloodletting","Impervious"],"picked":"Iron Wave","floor":5},{"not_picked":["Sword Boomerang","Cleave"],"picked":"Shrug It Off","floor":7},{"not_picked":["Combust","Dropkick"],"picked":"Cleave","floor":8},{"not_picked":["Dual Wield","Heavy Blade"],"picked":"Dropkick","floor":11},{"not_picked":["Fire Breathing","Clash"],"picked":"Flex","floor":14},{"not_picked":["Feed","Fiend Fire"],"picked":"Barricade","floor":16},{"not_picked":["Iron Wave","Cleave"],"picked":"Shockwave","floor":17},{"not_picked":["Flex","Infernal Blade"],"picked":"Armaments","floor":17},{"not_picked":["Shrug It Off","Inflame"],"picked":"Flex","floor":17},{"not_picked":["Sever Soul","Burning Pact"],"picked":"True Grit","floor":17},{"not_picked":["Shrug It Off","Clothesline"],"picked":"Flame Barrier","floor":17},{"not_picked":["Hemokinesis","Heavy Blade"],"picked":"Shrug It Off","floor":18},{"not_picked":["Body Slam","Iron Wave"],"picked":"Twin Strike+1","floor":19},{"not_picked":["Thunderclap","Inflame"],"picked":"Iron Wave","floor":21},{"not_picked":["Dark Embrace","Cleave"],"picked":"Warcry+1","floor":23},{"not_picked":["Shrug It Off","Flame Barrier"],"picked":"Sword Boomerang+1","floor":24},{"not_picked":["Pummel","Perfected Strike"],"picked":"Warcry+1","floor":25},{"not_picked":["Pommel Strike","Armaments"],"picked":"Limit Break","floor":28}],"player_experience":27903,"relics_obtained":[{"floor":9,"key":"Red Skull"},{"floor":23,"key":"Blood Vial"},{"floor":26,"key":"Tiny Chest"}],"event_choices":[{"event_name":"The Woman in Blue","player_choice":"Bought 2 Potions","floor":2,"damage_taken":0},{"event_name":"Liars Game","player_choice":"disagreed","floor":13,"damage_taken":0},{"event_name":"Ghosts","player_choice":"Ignored","floor":20,"damage_taken":0},{"event_name":"FaceTrader","player_choice":"Leave","floor":22,"damage_taken":0},{"event_name":"Match and Keep!","player_choice":"1 cards matched","floor":27,"damage_taken":0}],"is_beta":false,"boss_relics":[{"not_picked":["White Beast Statue","Busted Crown"],"picked":"Orrery"}],"items_purged_floors":[],"is_endless":false,"potions_floor_spawned":[3,5,8,21,24],"killed_by":"Sentry and Sphere","ascension_level":0}