{"gold_per_floor":[111,111,123,140,24,54,54,86,163,163],"floor_reached":10,"playtime":374,"items_purged":[],"score":87,"play_id":"b08da0e8-c99f-4bc9-a611-c4c25a6b0bdf","local_time":"20190218190650","is_ascension_mode":true,"campfire_choices":[{"data":"Armaments","floor":7,"key":"SMITH"}],"neow_cost":"NONE","seed_source_timestamp":91042981210597,"circlet_count":0,"master_deck":["Strike_R","Strike_R","Strike_R","Strike_R","Strike_R","Defend_R","Defend_R","Defend_R","Defend_R","Bash","Disarm","Body Slam","Armaments+1","Rage","Uppercut","Iron Wave"],"relics":["Burning Blood","NeowsBlessing","Singing Bowl","Blood Vial","PreservedInsect","Tiny Chest"],"potions_floor_usage":[8],"damage_taken":[{"damage":2,"enemies":"Small Slimes","floor":1,"turns":2},{"damage":0,"enemies":"Cultist","floor":3,"turns":1},{"damage":0,"enemies":"2 Louse","floor":4,"turns":1},{"damage":44,"enemies":"Lagavulin","floor":6,"turns":13},{"damage":34,"enemies":"Gremlin Nob","floor":8,"turns":5},{"damage":19,"enemies":"Exordium Wildlife","floor":10,"turns":3}],"seed_played":"-1537803792674718830","potions_obtained":[{"floor":4,"key":"GamblersBrew"},{"floor":6,"key":"Energy Potion"}],"is_trial":false,"path_per_floor":["M","?","M","M","$","E","R","E","T","M"],"character_chosen":"IRONCLAD","items_purchased":["Armaments","Rage"],"campfire_rested":0,"item_purchase_floors":[5,5],"current_hp_per_floor":[80,80,80,80,80,42,42,16,16,0],"gold":163,"neow_bonus":"THREE_ENEMY_KILL","is_prod":false,"is_daily":false,"chose_seed":false,"campfire_upgraded":1,"win_rate":0,"timestamp":1550513210,"path_taken":["M","?","?","M","?","E","R","E","T","?"],"build_version":"2019-01-23","purchased_purges":0,"victory":false,"max_hp_per_floor":[80,80,80,80,80,80,80,80,80,80],"card_choices":[{"not_picked":["Flex","Dual Wield"],"picked":"Perfected Strike","floor":1},{"not_picked":["Cleave","Twin Strike"],"picked":"Disarm","floor":3},{"not_picked":["Flex","Inflame"],"picked":"Body Slam","floor":4},{"not_picked":["Anger","Intimidate"],"picked":"Uppercut","floor":6},{"not_picked":["Second Wind","Flex"],"picked":"Iron Wave","floor":8}],"player_experience":682071,"relics_obtained":[{"floor":6,"key":"Blood Vial"},{"floor":8,"key":"PreservedInsect"},{"floor":9,"key":"Tiny Chest"}],"event_choices":[{"cards_removed":["Perfected Strike"],"damage_healed":0,"gold_gain":0,"player_choice":"Gave Card","damage_taken":0,"relics_obtained":["Singing Bowl"],"max_hp_gain":0,"max_hp_loss":0,"event_name":"WeMeetAgain","floor":2,"gold_loss":0}],"is_beta":false,"boss_relics":[],"items_purged_floors":[],"is_endless":false,"potions_floor_spawned":[4,6],"killed_by":"Exordium Wildlife","ascension_level":3}