{"gold_per_floor":[116,131,131,150,20,20,53,53,53,84,84,159,170,184,184,261,261,281,298,18,36,36,36,47,47,70,89,105,3,20,40,40,40],"floor_reached":33,"playtime":2294,"items_purged":[],"score":457,"play_id":"b3b3c8c0-f35d-4fc7-af65-f64df4e1471d","local_time":"20190207201341","is_ascension_mode":true,"campfire_choices":[{"data":"Hemokinesis","floor":6,"key":"SMITH"},{"data":"Uppercut","floor":8,"key":"SMITH"},{"data":"Flame Barrier","floor":15,"key":"SMITH"},{"data":"Corruption","floor":23,"key":"SMITH"},{"floor":25,"key":"REST"},{"floor":32,"key":"REST"}],"neow_cost":"NONE","seed_source_timestamp":2429024216139332,"circlet_count":0,"master_deck":["AscendersBane","Strike_R","Strike_R","Strike_R","Strike_R","Strike_R","Defend_R","Defend_R","Defend_R","Defend_R","Bash+1","Shrug It Off","Headbutt","Hemokinesis+1","Uppercut+1","Flame Barrier+1","Cleave","Reaper","Shockwave","Armaments","Corruption+1","Thunderclap","Feel No Pain","Whirlwind+1","Metallicize","Sentinel","Spot Weakness","Metallicize"],"relics":["Burning Blood","Self Forming Clay","Bottled Flame","Question Card","Blue Candle","Philosopher\u0027s Stone","Kunai","Strawberry"],"potions_floor_usage":[10,13,16,27,28,33,33],"damage_taken":[{"damage":7,"enemies":"Small Slimes","floor":1,"turns":4},{"damage":11,"enemies":"Jaw Worm","floor":2,"turns":5},{"damage":1,"enemies":"Cultist","floor":4,"turns":3},{"damage":20,"enemies":"Gremlin Nob","floor":7,"turns":3},{"damage":14,"enemies":"3 Sentries","floor":10,"turns":6},{"damage":0,"enemies":"Large Slime","floor":13,"turns":2},{"damage":1,"enemies":"Blue Slaver","floor":14,"turns":4},{"damage":31,"enemies":"The Guardian","floor":16,"turns":15},{"damage":15,"enemies":"3 Byrds","floor":18,"turns":3},{"damage":12,"enemies":"Shell Parasite","floor":19,"turns":6},{"damage":22,"enemies":"Sentry and Sphere","floor":21,"turns":7},{"damage":25,"enemies":"Centurion and Healer","floor":24,"turns":6},{"damage":2,"enemies":"Snecko","floor":27,"turns":5},{"damage":24,"enemies":"3 Cultists","floor":28,"turns":4},{"damage":5,"enemies":"Centurion and Healer","floor":30,"turns":6},{"damage":15,"enemies":"Snake Plant","floor":31,"turns":4},{"damage":110,"enemies":"Automaton","floor":33,"turns":12}],"seed_played":"3502688087455923572","potions_obtained":[{"floor":1,"key":"AttackPotion"},{"floor":7,"key":"AttackPotion"},{"floor":10,"key":"SneckoOil"},{"floor":14,"key":"SkillPotion"},{"floor":19,"key":"Strength Potion"},{"floor":28,"key":"Fruit Juice"},{"floor":30,"key":"Ancient Potion"}],"is_trial":false,"path_per_floor":["M","M","?","M","$","R","E","R","T","E","?","?","M","M","R","B",null,"M","M","$","M","$","R","M","R","T","M","M","$","M","M","R","B"],"character_chosen":"IRONCLAD","items_purchased":["Hemokinesis","Explosive Potion","Kunai","Corruption","Metallicize","Sentinel"],"campfire_rested":2,"item_purchase_floors":[5,5,20,20,29,29],"current_hp_per_floor":[67,62,67,72,72,72,58,58,58,50,45,34,40,45,45,20,65,62,56,56,46,46,46,33,57,64,74,73,73,78,71,92,0],"gold":40,"neow_bonus":"UPGRADE_CARD","is_prod":false,"is_daily":false,"chose_seed":false,"campfire_upgraded":4,"win_rate":0,"timestamp":1549588421,"path_taken":["M","M","?","M","$","R","E","R","T","E","?","?","?","M","R","BOSS","M","M","$","M","$","R","M","R","T","M","M","$","M","M","R","BOSS"],"build_version":"2019-01-23","purchased_purges":0,"victory":false,"max_hp_per_floor":[75,75,80,80,80,80,80,80,80,80,80,80,80,80,80,80,80,80,80,80,80,80,80,80,80,87,87,92,92,92,92,92,92],"card_choices":[{"not_picked":["Whirlwind","Perfected Strike","Wild Strike"],"picked":"SKIP","floor":1},{"not_picked":["Spot Weakness","True Grit"],"picked":"Shrug It Off","floor":2},{"not_picked":["Intimidate","Shrug It Off"],"picked":"Headbutt","floor":4},{"not_picked":["Searing Blow","Perfected Strike"],"picked":"Uppercut","floor":7},{"not_picked":["Searing Blow","Power Through"],"picked":"Flame Barrier","floor":10},{"not_picked":["Intimidate","Twin Strike","Iron Wave","Sentinel"],"picked":"SKIP","floor":13},{"not_picked":["Anger","Clash","Iron Wave"],"picked":"Cleave","floor":14},{"not_picked":["Exhume","Bludgeon","Brutality"],"picked":"Reaper","floor":16},{"not_picked":["Flex+1","Cleave","Pummel"],"picked":"Shockwave","floor":18},{"not_picked":["Clothesline","Flex","Pummel"],"picked":"Armaments","floor":19},{"not_picked":["Body Slam","Clothesline","Perfected Strike"],"picked":"Thunderclap","floor":21},{"not_picked":["Shrug It Off","Headbutt","Barricade"],"picked":"Feel No Pain","floor":24},{"not_picked":["Combust","Shockwave","Pommel Strike"],"picked":"Whirlwind+1","floor":27},{"not_picked":["Havoc","Body Slam","Heavy Blade","Thunderclap"],"picked":"SKIP","floor":28},{"not_picked":["Pummel+1","Clothesline","Carnage"],"picked":"Spot Weakness","floor":30},{"not_picked":["Seeing Red","Combust","Sword Boomerang"],"picked":"Metallicize","floor":31}],"player_experience":540633,"relics_obtained":[{"floor":7,"key":"Self Forming Clay"},{"floor":9,"key":"Bottled Flame"},{"floor":10,"key":"Question Card"},{"floor":26,"key":"Strawberry"}],"event_choices":[{"damage_healed":0,"gold_gain":0,"player_choice":"Donut","damage_taken":0,"max_hp_gain":5,"max_hp_loss":0,"event_name":"Big Fish","floor":3,"gold_loss":0},{"damage_healed":0,"gold_gain":0,"player_choice":"Success","damage_taken":5,"relics_obtained":["Blue Candle"],"max_hp_gain":0,"max_hp_loss":0,"event_name":"Scrap Ooze","floor":11,"gold_loss":0},{"damage_healed":0,"gold_gain":75,"player_choice":"Gather Gold","damage_taken":11,"max_hp_gain":0,"max_hp_loss":0,"event_name":"World of Goop","floor":12,"gold_loss":0}],"is_beta":false,"boss_relics":[{"not_picked":["Busted Crown","White Beast Statue"],"picked":"Philosopher\u0027s Stone"}],"items_purged_floors":[],"is_endless":false,"potions_floor_spawned":[1,7,10,14,19,28,30],"killed_by":"Automaton","ascension_level":15}