{"gold_per_floor":[114,40,51,51,51,51,71,71,71,99,111,141,165,196,208,220],"floor_reached":16,"playtime":1270,"items_purged":[],"score":107,"play_id":"8538ccc4-a1aa-49a0-a766-92b250e7c64a","local_time":"20181210194709","is_ascension_mode":true,"campfire_choices":[{"data":"Neutralize","floor":6,"key":"SMITH"},{"data":"Footwork","floor":8,"key":"SMITH"},{"data":"Footwork","floor":11,"key":"SMITH"},{"floor":15,"key":"REST"}],"neow_cost":"NONE","seed_source_timestamp":688484886814305,"circlet_count":0,"master_deck":["Defend_G","Defend_G","Defend_G","Defend_G","Defend_G","Strike_G","Strike_G","Strike_G","Strike_G","Survivor","Neutralize+1","Acrobatics","Deflect","Footwork+1","Footwork+1","Grand Finale","Well Laid Plans","Sucker Punch","Deflect","Leg Sweep","Bouncing Flask"],"relics":["Ring of the Snake","Pantograph","MawBank"],"potions_floor_usage":[10,13,16],"damage_taken":[{"damage":4,"enemies":"Cultist","floor":1,"turns":5},{"damage":0,"enemies":"Jaw Worm","floor":3,"turns":7},{"damage":0,"enemies":"2 Louse","floor":7,"turns":6},{"damage":23,"enemies":"3 Sentries","floor":10,"turns":20},{"damage":0,"enemies":"Blue Slaver","floor":12,"turns":6},{"damage":9,"enemies":"Exordium Wildlife","floor":13,"turns":9},{"damage":32,"enemies":"Gremlin Gang","floor":14,"turns":10},{"damage":48,"enemies":"Slime Boss","floor":16,"turns":27}],"seed_played":"8236516988580682907","potions_obtained":[{"floor":1,"key":"Ancient Potion"},{"floor":12,"key":"Swift Potion"},{"floor":14,"key":"Poison Potion"}],"is_trial":false,"path_per_floor":["M","$","M","?","?","R","M","R","T","E","R","M","M","M","R","B"],"character_chosen":"THE_SILENT","items_purchased":["Footwork"],"campfire_rested":1,"item_purchase_floors":[2],"current_hp_per_floor":[66,66,66,66,66,66,66,66,66,43,43,43,34,2,23,0],"gold":220,"neow_bonus":"THREE_CARDS","is_prod":false,"is_daily":false,"chose_seed":false,"campfire_upgraded":3,"win_rate":0,"timestamp":1544467629,"path_taken":["M","$","M","?","?","R","M","R","T","E","R","M","?","M","R","BOSS"],"build_version":"2018-12-06","purchased_purges":0,"victory":false,"max_hp_per_floor":[70,70,70,70,70,70,70,70,70,70,70,70,70,70,70,70],"card_choices":[{"not_picked":["Infinite Blades","Prepared"],"picked":"Acrobatics","floor":0},{"not_picked":["Calculated Gamble","Acrobatics"],"picked":"Deflect","floor":1},{"not_picked":["Flying Knee","All Out Attack"],"picked":"Footwork","floor":3},{"not_picked":["Footwork","Heel Hook"],"picked":"Well Laid Plans","floor":7},{"not_picked":["Quick Slash","Grand Finale"],"picked":"Sucker Punch","floor":10},{"not_picked":["Sucker Punch","Finisher"],"picked":"Deflect","floor":12},{"not_picked":["Endless Agony","Well Laid Plans"],"picked":"Leg Sweep","floor":13},{"not_picked":["Catalyst","Prepared"],"picked":"Bouncing Flask","floor":14}],"player_experience":380413,"relics_obtained":[{"floor":9,"key":"Pantograph"},{"floor":10,"key":"MawBank"}],"event_choices":[{"damage_healed":0,"gold_gain":0,"player_choice":"Ignored","damage_taken":0,"max_hp_gain":0,"max_hp_loss":0,"event_name":"Liars Game","floor":4,"gold_loss":0},{"damage_healed":0,"gold_gain":0,"cards_transformed":["Strike_G"],"player_choice":"Transformed","damage_taken":0,"max_hp_gain":0,"max_hp_loss":0,"event_name":"Transmorgrifier","floor":5,"gold_loss":0,"cards_obtained":["Grand Finale"]}],"is_beta":false,"boss_relics":[],"items_purged_floors":[],"is_endless":false,"potions_floor_spawned":[1,12,14],"killed_by":"Slime Boss","ascension_level":1}