{"path_per_floor":["M","M","?","$","M","E","$","M","T","R","E","M","R","M","R","B",null,"M","?","M","$","M","E","?","R","T","M"],"character_chosen":"THE_SILENT","items_purchased":["Backstab","Boot","Deflect"],"gold_per_floor":[114,130,130,55,65,93,15,25,25,25,60,78,78,78,78,183,183,203,203,216,23,33,58,58,58,132,143,143],"floor_reached":28,"campfire_rested":1,"playtime":3409,"item_purchase_floors":[],"current_hp_per_floor":[64,64,64,64,60,56,56,56,56,56,52,41,41,40,40,36,70,62,49,43,43,35,8,8,30,30,18,0],"items_purged":["Defend_G"],"gold":143,"score":263,"play_id":"ce0d5dbb-7727-4647-9a50-e711606da8bb","local_time":"20180526134432","is_prod":false,"is_daily":false,"chose_seed":false,"is_ascension_mode":true,"campfire_upgraded":3,"win_rate":0,"timestamp":1527356672,"campfire_choices":[{"data":"Terror","floor":10.0,"key":"SMITH"},{"data":"Phantasmal Killer","floor":13.0,"key":"SMITH"},{"data":"Dash","floor":15.0,"key":"SMITH"},{"floor":25,"key":"REST"}],"path_taken":["M","M","?","?","M","E","$","M","T","R","E","M","R","?","R","BOSS","M","?","?","$","M","E","?","R","T","M","?"],"build_version":"2018-05-24","seed_source_timestamp":0,"purchased_purges":1,"victory":false,"master_deck":["Defend_G","Defend_G","Defend_G","Strike_G","Strike_G","Strike_G","Strike_G","Survivor","Neutralize","Escape Plan","Dash+1","Terror+1","Escape Plan","Backstab","Phantasmal Killer+1","Well Laid Plans","Footwork","A Thousand Cuts","Slice+1","Deflect","Blur","PiercingWail"],"max_hp_per_floor":[70,70,70,70,70,70,70,70,70,70,70,70,70,70,70,70,70,70,75,75,75,75,75,75,75,75,75,75],"relics":["Ring of the Snake","Mummified Hand","Ornamental Fan","Gremlin Horn","Sozu","Boot","Pantograph","Toxic Egg 2"],"card_choices":[{"not_picked":["Quick Slash","Bane"],"picked":"Dash","floor":1.0},{"not_picked":["Infinite Blades","Sucker Punch"],"picked":"Terror","floor":2.0},{"not_picked":["Sucker Punch","Flechettes"],"picked":"Escape Plan","floor":5.0},{"not_picked":["Dagger Throw","All Out Attack","Flying Knee"],"picked":"SKIP","floor":6.0},{"not_picked":["Prepared","Slice"],"picked":"Phantasmal Killer","floor":8.0},{"not_picked":["Expertise","Acrobatics","Prepared"],"picked":"SKIP","floor":11.0},{"not_picked":["Dagger Spray","Dash"],"picked":"Well Laid Plans","floor":12.0},{"not_picked":["Skewer","Acrobatics"],"picked":"Footwork","floor":14.0},{"not_picked":["Unload","Burst"],"picked":"A Thousand Cuts","floor":16.0},{"not_picked":["Sucker Punch","Deflect","Endless Agony"],"picked":"SKIP","floor":18},{"not_picked":["Sucker Punch","Deflect","Endless Agony"],"picked":"SKIP","floor":18},{"not_picked":["Bane","Reflex"],"picked":"Slice+1","floor":20},{"not_picked":["Blade Dance","Heel Hook"],"picked":"Blur","floor":22},{"not_picked":["Acrobatics","Bane"],"picked":"PiercingWail","floor":23},{"not_picked":["Flying Knee","Poisoned Stab","Quick Slash"],"picked":"SKIP","floor":27}],"player_experience":328029,"potions_floor_usage":[],"damage_taken":[{"damage":6.0,"enemies":"Jaw Worm","floor":1.0,"turns":4.0},{"damage":0.0,"enemies":"Cultist","floor":2.0,"turns":3.0},{"damage":4.0,"enemies":"2 Louse","floor":5.0,"turns":3.0},{"damage":4.0,"enemies":"Gremlin Nob","floor":6.0,"turns":4.0},{"damage":0.0,"enemies":"Looter","floor":8.0,"turns":3.0},{"damage":4.0,"enemies":"3 Sentries","floor":11.0,"turns":7.0},{"damage":11.0,"enemies":"Exordium Wildlife","floor":12.0,"turns":5.0},{"damage":1.0,"enemies":"Exordium Thugs","floor":14.0,"turns":4.0},{"damage":4.0,"enemies":"The Guardian","floor":16.0,"turns":8.0},{"damage":8,"enemies":"2 Thieves","floor":18,"turns":4},{"damage":6,"enemies":"Spheric Guardian","floor":20,"turns":4},{"damage":8,"enemies":"Centurion and Healer","floor":22,"turns":6},{"damage":27,"enemies":"Book of Stabbing","floor":23,"turns":6},{"damage":12,"enemies":"Sentry and Sphere","floor":27,"turns":6},{"damage":20,"enemies":"Snake Plant","floor":28,"turns":3}],"relics_obtained":[{"floor":6.0,"key":"Mummified Hand"},{"floor":9.0,"key":"Ornamental Fan"},{"floor":11.0,"key":"Gremlin Horn"},{"floor":23,"key":"Pantograph"},{"floor":26,"key":"Toxic Egg 2"}],"event_choices":[{"event_name":"Bonfire Elementals","player_choice":"BASIC","floor":3.0,"damage_taken":0.0},{"event_name":"Forgotten Altar","player_choice":"Shed Blood","floor":19,"damage_taken":0},{"event_name":"Drug Dealer","player_choice":"Ignored","floor":24,"damage_taken":0}],"boss_relics":[],"items_purged_floors":[],"potions_floor_spawned":[2,5,8,11,23,27],"seed_played":"-5907030896326208834","killed_by":"Snake Plant","ascension_level":1,"potions_obtained":[{"floor":2.0,"key":"PowerPotion"},{"floor":5.0,"key":"AttackPotion"},{"floor":8.0,"key":"Energy Potion"},{"floor":11.0,"key":"GhostInAJar"}],"is_trial":false}