{"gold_per_floor":[118,130,180,193,193,193,209,209,233,308,327,327,154,170,170,273,273,291,307,307,3,3,3,13,13,37,37],"floor_reached":27,"playtime":2646,"items_purged":["Dualcast","Coolheaded"],"score":203,"play_id":"5874cfb8-b013-4925-bed7-b6e974e2d7ea","local_time":"20180729094318","is_ascension_mode":false,"campfire_choices":[{"data":"Zap","floor":6,"key":"SMITH"},{"data":"Rebound","floor":8,"key":"SMITH"},{"data":"Loop","floor":12,"key":"SMITH"},{"data":"Beam Cell","floor":15,"key":"SMITH"},{"data":"Rainbow","floor":23,"key":"SMITH"},{"floor":25,"key":"REST"}],"neow_cost":"NONE","seed_source_timestamp":1353198722904483,"circlet_count":0,"master_deck":["Strike_B","Strike_B","Strike_B","Strike_B","Defend_B+1","Defend_B+1","Defend_B","Defend_B","Zap+1","Beam Cell+1","Sweeping Beam","Loop+1","Rebound+1","Melter","Ball Lightning","Sweeping Beam","Conserve Battery","Fission","Beam Cell","BootSequence","Rainbow+1","Hologram+1","Streamline","Hologram","Panache","Writhe","Conserve Battery+1"],"relics":["Cracked Core","NeowsBlessing","War Paint","Pen Nib","Orrery","Smiling Mask","Anchor","Art of War"],"potions_floor_usage":[11,16,16],"damage_taken":[{"damage":0,"enemies":"Cultist","floor":1,"turns":1},{"damage":0,"enemies":"Small Slimes","floor":2,"turns":1},{"damage":0,"enemies":"Jaw Worm","floor":4,"turns":1},{"damage":2,"enemies":"Looter","floor":7,"turns":3},{"damage":7,"enemies":"Exordium Thugs","floor":11,"turns":3},{"damage":7,"enemies":"Blue Slaver","floor":14,"turns":2},{"damage":28,"enemies":"The Guardian","floor":16,"turns":9},{"damage":18,"enemies":"Shell Parasite","floor":18,"turns":5},{"damage":0,"enemies":"Spheric Guardian","floor":19,"turns":3},{"damage":44,"enemies":"Centurion and Healer","floor":24,"turns":8},{"damage":43,"enemies":"Cultist and Chosen","floor":27,"turns":8}],"seed_played":"6477721847370072149","potions_obtained":[{"floor":1,"key":"Regen Potion"},{"floor":4,"key":"GamblersBrew"},{"floor":7,"key":"SkillPotion"},{"floor":11,"key":"Explosive Potion"},{"floor":24,"key":"SkillPotion"}],"is_trial":false,"path_per_floor":["M","M","T","M","?","R","M","R","T","?","M","R","$","M","R","B",null,"M","M","T","$","?","R","M","R","T"],"character_chosen":"DEFECT","items_purchased":["Ball Lightning","Sweeping Beam","Hologram","Panache"],"campfire_rested":1,"item_purchase_floors":[13,13,21,21],"current_hp_per_floor":[75,75,75,75,75,75,73,73,73,66,59,59,59,52,52,39,75,57,57,57,57,57,57,13,35,35,0],"gold":37,"neow_bonus":"THREE_ENEMY_KILL","is_prod":false,"is_daily":false,"chose_seed":false,"campfire_upgraded":5,"win_rate":0,"timestamp":1532850198,"path_taken":["M","M","?","M","?","R","M","R","T","?","M","R","$","M","R","BOSS","M","M","?","$","?","R","M","R","T","M"],"build_version":"2018-07-26","purchased_purges":2,"victory":false,"max_hp_per_floor":[75,75,75,75,75,75,75,75,75,75,75,75,75,75,75,75,75,75,75,75,75,75,75,75,75,75,75],"card_choices":[{"not_picked":["Aggregate","Blizzard"],"picked":"Beam Cell","floor":1},{"not_picked":["Compile Driver","Reprogram"],"picked":"Sweeping Beam","floor":2},{"not_picked":["Darkness","Static Discharge"],"picked":"Loop","floor":4},{"not_picked":["Doom and Gloom","Cold Snap"],"picked":"Rebound","floor":7},{"not_picked":["Chill","Genetic Algorithm"],"picked":"Melter","floor":11},{"not_picked":["Go for the Eyes","Stack"],"picked":"Conserve Battery","floor":14},{"not_picked":["Multi-Cast","Creative AI"],"picked":"Fission","floor":16},{"not_picked":["Barrage","Sweeping Beam"],"picked":"Beam Cell","floor":17},{"not_picked":["Blizzard","Compile Driver"],"picked":"BootSequence","floor":17},{"not_picked":["Beam Cell","Redo"],"picked":"Rainbow","floor":17},{"not_picked":["Rip and Tear","Force Field"],"picked":"Coolheaded","floor":17},{"not_picked":["Loop","Beam Cell"],"picked":"Hologram+1","floor":18},{"not_picked":["Cold Snap","Compile Driver+1"],"picked":"Streamline","floor":19},{"not_picked":["Auto Shields+1","Hello World"],"picked":"Conserve Battery+1","floor":24}],"player_experience":73139,"relics_obtained":[{"floor":3,"key":"War Paint"},{"floor":9,"key":"Pen Nib"},{"floor":20,"key":"Smiling Mask"},{"floor":26,"key":"Art of War"}],"event_choices":[{"event_name":"Liars Game","player_choice":"disagreed","floor":5,"damage_taken":0},{"event_name":"FaceTrader","player_choice":"Touch","floor":10,"damage_taken":0},{"event_name":"The Mausoleum","player_choice":"Yes","floor":22,"damage_taken":0}],"is_beta":false,"boss_relics":[{"not_picked":["Empty Cage","Calling Bell"],"picked":"Orrery"}],"items_purged_floors":[13,21],"is_endless":false,"potions_floor_spawned":[1,4,7,11,24],"killed_by":"Cultist and Chosen","ascension_level":0}