{"gold_per_floor":[367,381,399,3,17,49,49,68,68,68,68,68,68,84,84,184,184,169,67,0,18,31,31,47,47,72,72,72,91,103,103,103,103],"floor_reached":33,"playtime":4483,"items_purged":[],"score":249,"play_id":"8c36c9f1-5635-4181-963b-79f7963f83de","local_time":"20181004184447","is_ascension_mode":false,"campfire_choices":[{"data":"Mind Blast","floor":7,"key":"SMITH"},{"data":"Infernal Blade","floor":10,"key":"SMITH"},{"floor":15,"key":"REST"},{"floor":23,"key":"REST"},{"floor":27,"key":"REST"},{"floor":32,"key":"REST"}],"neow_cost":"TEN_PERCENT_HP_LOSS","seed_source_timestamp":7811231750428,"circlet_count":0,"master_deck":["Strike_R","Strike_R","Strike_R","Strike_R","Strike_R","Defend_R","Defend_R","Defend_R","Defend_R","Bash","Fire Breathing","Anger","Headbutt","Mind Blast+1","Infernal Blade+1","Iron Wave","Armaments","Shrug It Off","Rage","Reaper","Double Tap","Headbutt+1","Shrug It Off","True Grit","Rage+1","Clash+1","Whirlwind","Headbutt+1","Metallicize"],"relics":["Burning Blood","Bottled Flame","Bottled Tornado","Bottled Lightning","Du-Vu Doll","Sundial","Pen Nib","Shuriken","Self Forming Clay"],"potions_floor_usage":[33,33,33],"damage_taken":[{"damage":2,"enemies":"Small Slimes","floor":1,"turns":5},{"damage":5,"enemies":"Cultist","floor":2,"turns":4},{"damage":6,"enemies":"Jaw Worm","floor":3,"turns":4},{"damage":12,"enemies":"Blue Slaver","floor":5,"turns":2},{"damage":22,"enemies":"Gremlin Nob","floor":6,"turns":4},{"damage":5,"enemies":"Looter","floor":8,"turns":3},{"damage":0,"enemies":"3 Louse","floor":14,"turns":2},{"damage":25,"enemies":"Slime Boss","floor":16,"turns":9},{"damage":12,"enemies":"2 Thieves","floor":18,"turns":4},{"damage":20,"enemies":"Spheric Guardian","floor":21,"turns":4},{"damage":17,"enemies":"Snake Plant","floor":22,"turns":6},{"damage":28,"enemies":"Shelled Parasite and Fungi","floor":24,"turns":9},{"damage":20,"enemies":"Centurion and Healer","floor":29,"turns":7},{"damage":15,"enemies":"Cultist and Chosen","floor":30,"turns":5},{"damage":88,"enemies":"Collector","floor":33,"turns":10}],"seed_played":"3112402647806983037","potions_obtained":[{"floor":1,"key":"FearPotion"},{"floor":5,"key":"Strength Potion"},{"floor":6,"key":"BloodPotion"},{"floor":16,"key":"EssenceOfSteel"},{"floor":29,"key":"Regen Potion"}],"is_trial":false,"path_per_floor":["M","M","M","$","M","E","R","M","T","R","?","T","?","M","R","B",null,"M","$","?","M","M","R","M","?","T","R","?","M","M","T","R"],"character_chosen":"IRONCLAD","items_purchased":["Bottled Flame","Mind Blast","Infernal Blade","Shrug It Off","True Grit"],"campfire_rested":4,"item_purchase_floors":[4,4,4,19,19],"current_hp_per_floor":[72,72,72,72,66,50,50,51,51,51,51,51,51,57,72,53,72,66,66,66,52,44,65,43,43,43,64,64,50,41,41,62,0],"gold":103,"neow_bonus":"TWO_FIFTY_GOLD","is_prod":false,"is_daily":false,"chose_seed":false,"campfire_upgraded":2,"win_rate":0,"timestamp":1538671487,"path_taken":["M","M","M","$","M","E","R","M","T","R","?","?","?","M","R","BOSS","M","$","?","M","M","R","M","?","T","R","?","?","M","?","R","BOSS"],"build_version":"2018-09-20","purchased_purges":0,"victory":false,"max_hp_per_floor":[72,72,72,72,72,72,72,72,72,72,72,72,72,72,72,72,72,72,72,72,72,72,72,72,72,72,72,72,72,72,72,72,72],"card_choices":[{"not_picked":["Perfected Strike","Sword Boomerang"],"picked":"Fire Breathing","floor":1},{"not_picked":["Flex","Sword Boomerang"],"picked":"Anger","floor":2},{"not_picked":["Ghostly Armor","Sword Boomerang"],"picked":"Headbutt","floor":3},{"not_picked":["Havoc","Spot Weakness"],"picked":"Iron Wave","floor":5},{"not_picked":["Cleave","Twin Strike"],"picked":"Armaments","floor":6},{"not_picked":["Seeing Red","Spot Weakness"],"picked":"Shrug It Off","floor":8},{"not_picked":["Flex","Wild Strike"],"picked":"Reaper","floor":14},{"not_picked":["Barricade","Feed"],"picked":"Double Tap","floor":16},{"not_picked":["Thunderclap","Anger"],"picked":"Headbutt+1","floor":18},{"not_picked":["Burning Pact+1","Thunderclap"],"picked":"Rage+1","floor":21},{"not_picked":["Blood for Blood","Flex+1"],"picked":"Clash+1","floor":22},{"not_picked":["Sword Boomerang","Heavy Blade"],"picked":"Whirlwind","floor":24},{"not_picked":["Body Slam","Clash"],"picked":"Headbutt+1","floor":29},{"not_picked":["Uppercut","Bloodletting"],"picked":"Metallicize","floor":30}],"player_experience":82249,"relics_obtained":[{"floor":6,"key":"Bottled Tornado"},{"floor":9,"key":"Bottled Lightning"},{"floor":12,"key":"Du-Vu Doll"},{"floor":26,"key":"Pen Nib"},{"floor":31,"key":"Self Forming Clay"}],"event_choices":[{"event_name":"Match and Keep!","player_choice":"1 cards matched","floor":11,"damage_taken":0},{"event_name":"Dead Adventurer","player_choice":"Searched \u00272\u0027 times","floor":13,"damage_taken":0},{"event_name":"Masked Bandits","player_choice":"Paid Fearfully","floor":20,"damage_taken":0},{"event_name":"Beggar","player_choice":"Ignored","floor":25,"damage_taken":0},{"event_name":"The Mausoleum","player_choice":"Yes","floor":28,"damage_taken":0}],"is_beta":false,"boss_relics":[{"not_picked":["Mark of Pain","Astrolabe","Snecko Eye"]}],"items_purged_floors":[],"is_endless":false,"potions_floor_spawned":[1,5,6,16,29,30],"killed_by":"Collector","ascension_level":0}