{"gold_per_floor":[111,36,48,123,139,139,166,166,166,179,39,51,51,51,51,51],"floor_reached":16,"playtime":781,"items_purged":["Strike_G","Strike_G"],"score":100,"play_id":"05da2c3b-759b-4355-a66f-4689f30c36a1","local_time":"20181107194756","is_ascension_mode":false,"campfire_choices":[{"data":"Neutralize","floor":6,"key":"SMITH"},{"data":"Footwork","floor":8,"key":"SMITH"},{"floor":13,"key":"REST"},{"data":"Tactician","floor":15,"key":"SMITH"}],"neow_cost":"NONE","seed_source_timestamp":1808435847426889,"circlet_count":0,"master_deck":["Defend_G","Defend_G","Defend_G","Defend_G","Defend_G","Strike_G","Strike_G","Strike_G","Survivor","Neutralize+1","Flying Knee","Footwork+1","Acrobatics","Tactician+1","Slice","Tactician","Well Laid Plans","Backflip","Heel Hook"],"relics":["Ring of the Snake","Centennial Puzzle","Thread and Needle","Prayer Wheel"],"potions_floor_usage":[10,16],"damage_taken":[{"damage":1,"enemies":"Cultist","floor":1,"turns":4},{"damage":0,"enemies":"Small Slimes","floor":3,"turns":5},{"damage":0,"enemies":"2 Louse","floor":5,"turns":4},{"damage":23,"enemies":"3 Sentries","floor":7,"turns":14},{"damage":1,"enemies":"Gremlin Gang","floor":10,"turns":3},{"damage":0,"enemies":"Blue Slaver","floor":12,"turns":5},{"damage":60,"enemies":"Slime Boss","floor":16,"turns":16}],"seed_played":"-4792198680293058696","potions_obtained":[{"floor":3,"key":"GhostInAJar"},{"floor":5,"key":"Explosive Potion"},{"floor":12,"key":"SmokeBomb"}],"is_trial":false,"path_per_floor":["M","$","M","?","M","R","E","R","T","M","$","M","R","?","R","B"],"character_chosen":"THE_SILENT","items_purchased":["Well Laid Plans"],"campfire_rested":1,"item_purchase_floors":[11],"current_hp_per_floor":[69,69,69,58,58,58,35,35,35,34,34,34,55,55,55,0],"gold":51,"neow_bonus":"RANDOM_COMMON_RELIC","is_prod":false,"is_daily":false,"chose_seed":false,"campfire_upgraded":3,"win_rate":0,"timestamp":1541616476,"path_taken":["M","$","M","?","M","R","E","R","T","M","$","M","R","?","R","BOSS"],"build_version":"2018-11-01","purchased_purges":2,"victory":false,"max_hp_per_floor":[70,70,70,70,70,70,70,70,70,70,70,70,70,70,70,70],"card_choices":[{"not_picked":["Outmaneuver","Cloak And Dagger"],"picked":"Flying Knee","floor":1},{"not_picked":["Eviscerate","Finisher"],"picked":"Footwork","floor":3},{"not_picked":["Prepared","All Out Attack"],"picked":"Acrobatics","floor":5},{"not_picked":["Catalyst","Quick Slash"],"picked":"Tactician","floor":7},{"not_picked":["Bane","Skewer"],"picked":"Slice","floor":10},{"not_picked":["Night Terror","Flying Knee"],"picked":"Tactician","floor":10},{"not_picked":["Concentrate","Dagger Throw"],"picked":"Backflip","floor":12},{"not_picked":["Concentrate","Deadly Poison"],"picked":"Heel Hook","floor":12}],"player_experience":277776,"relics_obtained":[{"floor":7,"key":"Thread and Needle"},{"floor":9,"key":"Prayer Wheel"}],"event_choices":[{"damage_healed":0,"gold_gain":75,"player_choice":"Gather Gold","damage_taken":11,"max_hp_gain":0,"max_hp_loss":0,"event_name":"World of Goop","floor":4,"gold_loss":0},{"damage_healed":0,"gold_gain":0,"player_choice":"Ignored","damage_taken":0,"max_hp_gain":0,"max_hp_loss":0,"event_name":"Shining Light","floor":14,"gold_loss":0}],"is_beta":false,"boss_relics":[],"items_purged_floors":[2,11],"is_endless":false,"potions_floor_spawned":[3,5,12],"killed_by":"Slime Boss","ascension_level":0}