{"gold_per_floor":[115,131,145,70,25,58,58,71,96,96,96,96,127,138,138,138],"floor_reached":16,"playtime":557,"items_purged":["Strike_R"],"score":116,"play_id":"ee59575e-b675-494a-9723-bfcb6e448c71","local_time":"20181123203409","is_ascension_mode":true,"campfire_choices":[{"data":"Bash","floor":7,"key":"SMITH"},{"data":"Armaments","floor":12,"key":"SMITH"},{"data":"Entrench","floor":15,"key":"SMITH"}],"neow_cost":"NONE","seed_source_timestamp":506452233382868,"circlet_count":0,"master_deck":["Strike_R","Strike_R","Strike_R","Strike_R","Defend_R","Defend_R","Defend_R","Defend_R","Bash+1","Entrench+1","Armaments+1","Sword Boomerang","Whirlwind","Inflame","Twin Strike","Parasite","Ghostly Armor","Pommel Strike"],"relics":["Burning Blood","NeowsBlessing","Bronze Scales","Pen Nib","Omamori"],"potions_floor_usage":[6,13,16],"damage_taken":[{"damage":0,"enemies":"Cultist","floor":1,"turns":1},{"damage":0,"enemies":"Small Slimes","floor":2,"turns":2},{"damage":0,"enemies":"Jaw Worm","floor":3,"turns":1},{"damage":0,"enemies":"Looter","floor":5,"turns":5},{"damage":33,"enemies":"3 Sentries","floor":6,"turns":7},{"damage":14,"enemies":"Exordium Wildlife","floor":8,"turns":4},{"damage":23,"enemies":"Lagavulin","floor":13,"turns":7},{"damage":12,"enemies":"Large Slime","floor":14,"turns":7},{"damage":46,"enemies":"The Guardian","floor":16,"turns":5}],"seed_played":"-499280861939284606","potions_obtained":[{"floor":1,"key":"Poison Potion"},{"floor":6,"key":"Block Potion"},{"floor":14,"key":"SneckoOil"}],"is_trial":false,"path_per_floor":["M","M","M","$","M","E","R","M","T","?","?","R","E","M","R","B"],"character_chosen":"IRONCLAD","items_purchased":[],"campfire_rested":0,"item_purchase_floors":[],"current_hp_per_floor":[80,80,80,80,80,53,53,45,45,65,65,65,48,42,42,0],"gold":138,"neow_bonus":"THREE_ENEMY_KILL","is_prod":false,"is_daily":false,"chose_seed":false,"campfire_upgraded":3,"win_rate":0,"timestamp":1543001649,"path_taken":["M","M","M","?","M","E","R","M","T","?","?","R","E","M","R","BOSS"],"build_version":"2018-11-15","purchased_purges":1,"victory":false,"max_hp_per_floor":[80,80,80,80,80,80,80,80,80,80,80,80,80,80,80,80],"card_choices":[{"not_picked":["Combust","Perfected Strike"],"picked":"Entrench","floor":1},{"not_picked":["Rampage","Uppercut"],"picked":"Armaments","floor":2},{"not_picked":["Armaments","Iron Wave"],"picked":"Sword Boomerang","floor":3},{"not_picked":["Shockwave","Perfected Strike"],"picked":"Whirlwind","floor":5},{"not_picked":["Berserk","Pummel"],"picked":"Inflame","floor":6},{"not_picked":["Havoc","Thunderclap"],"picked":"Twin Strike","floor":8},{"not_picked":["Wild Strike","Perfected Strike"],"picked":"Ghostly Armor","floor":13},{"not_picked":["Burning Pact","Clothesline"],"picked":"Pommel Strike","floor":14}],"player_experience":342312,"relics_obtained":[{"floor":6,"key":"Bronze Scales"},{"floor":9,"key":"Pen Nib"},{"floor":13,"key":"Omamori"}],"event_choices":[{"damage_healed":20,"gold_gain":0,"player_choice":"Healed and dodged fight","damage_taken":0,"max_hp_gain":0,"max_hp_loss":0,"event_name":"Mushrooms","floor":10,"gold_loss":0,"cards_obtained":["Parasite"]},{"damage_healed":0,"gold_gain":0,"player_choice":"Ignored","damage_taken":0,"max_hp_gain":0,"max_hp_loss":0,"event_name":"Liars Game","floor":11,"gold_loss":0}],"is_beta":false,"boss_relics":[],"items_purged_floors":[4],"is_endless":false,"potions_floor_spawned":[1,6,14],"killed_by":"The Guardian","ascension_level":1}