{"gold_per_floor":[109,129,54,20,30,64,64,89,114,125,125,151,161,176,176,250,250,250,87,0,0,0,0,0,0,0,0,0,0,0,0,0,0,0,0,0,0,0,0,0,0,0,0,0,0,0,0,0,0,0],"floor_reached":51,"playtime":3409,"items_purged":["Strike_R"],"score":1231,"play_id":"bdfc3e11-4f95-4507-8c76-20b52c3922a8","local_time":"20190304175441","is_ascension_mode":true,"campfire_choices":[{"data":"Disarm","floor":7,"key":"SMITH"},{"data":"Inflame","floor":11,"key":"SMITH"},{"data":"Uppercut","floor":15,"key":"SMITH"},{"data":"Corruption","floor":25,"key":"SMITH"},{"data":"Metallicize","floor":28,"key":"SMITH"},{"floor":32,"key":"REST"},{"data":"Evolve","floor":40,"key":"SMITH"},{"data":"Double Tap","floor":49,"key":"SMITH"}],"neow_cost":"NONE","seed_source_timestamp":0,"circlet_count":0,"master_deck":["AscendersBane","Strike_R","Strike_R","Strike_R","Defend_R","Defend_R","Defend_R","Defend_R","Bash","Inflame+1","Anger","Evolve+1","Whirlwind","Disarm+1","Ghostly Armor","Pommel Strike","Metallicize+1","Uppercut+1","Reaper","Pommel Strike+1","Shrug It Off","Corruption+1","Flame Barrier","Inflame+1","Impervious","Heavy Blade+1","Shrug It Off","Battle Trance","Double Tap+1","Feel No Pain+1"],"special_seed":0,"relics":["Burning Blood","Orichalcum","Anchor","Strawberry","Gremlin Horn","Vajra","PreservedInsect","Ectoplasm","Singing Bowl","Question Card","Potion Belt","Mark of Pain","Bag of Preparation","Ginger","Pantograph","Pocketwatch"],"potions_floor_usage":[23,33,39,50,50,50,50],"damage_taken":[{"damage":1.0,"enemies":"2 Louse","floor":1.0,"turns":4.0},{"damage":4,"enemies":"Cultist","floor":2,"turns":4},{"damage":0,"enemies":"Small Slimes","floor":5,"turns":3},{"damage":19,"enemies":"3 Sentries","floor":6,"turns":6},{"damage":22,"enemies":"Lagavulin","floor":8,"turns":6},{"damage":2,"enemies":"2 Fungi Beasts","floor":10,"turns":3},{"damage":0,"enemies":"3 Sentries","floor":12,"turns":4},{"damage":0,"enemies":"Gremlin Gang","floor":13,"turns":2},{"damage":0,"enemies":"Exordium Wildlife","floor":14,"turns":3},{"damage":13,"enemies":"Slime Boss","floor":16,"turns":7},{"damage":11,"enemies":"Spheric Guardian","floor":18,"turns":4},{"damage":9,"enemies":"2 Thieves","floor":21,"turns":4},{"damage":25,"enemies":"Slavers","floor":23,"turns":5},{"damage":8,"enemies":"Shelled Parasite and Fungi","floor":24,"turns":8},{"damage":2,"enemies":"Centurion and Healer","floor":27,"turns":6},{"damage":20,"enemies":"Book of Stabbing","floor":29,"turns":4},{"damage":15,"enemies":"Snake Plant","floor":31,"turns":5},{"damage":48,"enemies":"Automaton","floor":33,"turns":11},{"damage":8,"enemies":"3 Darklings","floor":35,"turns":2},{"damage":0,"enemies":"Orb Walker","floor":36,"turns":4},{"damage":3,"enemies":"Spire Growth","floor":38,"turns":4},{"damage":18,"enemies":"Jaw Worm Horde","floor":39,"turns":5},{"damage":8,"enemies":"Writhing Mass","floor":41,"turns":6},{"damage":57,"enemies":"2 Orb Walkers","floor":44,"turns":6},{"damage":20,"enemies":"Nemesis","floor":46,"turns":7},{"damage":14,"enemies":"3 Darklings","floor":47,"turns":5},{"damage":10,"enemies":"Transient","floor":48,"turns":5},{"damage":26,"enemies":"Donu and Deca","floor":50,"turns":8}],"seed_played":"-9036155904569401341","potions_obtained":[{"floor":5,"key":"GamblersBrew"},{"floor":8,"key":"Weak Potion"},{"floor":10,"key":"Dexterity Potion"},{"floor":33,"key":"Weak Potion"},{"floor":35,"key":"Explosive Potion"},{"floor":39,"key":"Dexterity Potion"},{"floor":41,"key":"EssenceOfSteel"},{"floor":48,"key":"SteroidPotion"}],"is_trial":false,"path_per_floor":["?","M","?","?","M","?","?","T","M"],"character_chosen":"IRONCLAD","items_purchased":["Evolve","Shrug It Off","Corruption"],"campfire_rested":1,"item_purchase_floors":[4,19,19],"current_hp_per_floor":[77,79,79,79,80,74,74,58,58,62,62,68,74,80,80,73,84,79,79,79,84,84,82,87,87,87,91,91,79,79,79,93,62,85,85,95,95,95,96,96,97,97,97,72,72,58,74,88,88,101],"gold":0,"neow_bonus":"RANDOM_COMMON_RELIC","is_prod":false,"is_daily":false,"chose_seed":false,"campfire_upgraded":7,"win_rate":0,"timestamp":1551718481,"path_taken":["M","M","?","$","?","E","R","E","T","M","R","E","M","M","R","BOSS","M","$","?","M","$","E","M","R","T","M","R","E","?","M","R","BOSS","M","?","?","M","M","R","M","$","T","?","?","E","M","?","R","BOSS"],"build_version":"2019-01-23","purchased_purges":1,"victory":true,"max_hp_per_floor":[80,80,80,80,80,87,87,87,87,87,87,87,87,87,87,87,87,87,87,87,87,87,89,89,89,89,91,91,93,93,93,93,93,93,95,95,95,95,97,97,97,97,97,99,99,99,99,101,101,101],"card_choices":[{"not_picked":["True Grit","Wild Strike"],"picked":"Inflame","floor":1},{"not_picked":["Flex","Clothesline"],"picked":"Anger","floor":2},{"not_picked":["Flex","Clash"],"picked":"Whirlwind","floor":5},{"not_picked":["Rage","Cleave"],"picked":"Disarm","floor":6},{"not_picked":["Hemokinesis","Infernal Blade"],"picked":"Ghostly Armor","floor":8},{"not_picked":["Dual Wield","Rupture"],"picked":"Pommel Strike","floor":10},{"not_picked":["Spot Weakness","Warcry","Cleave"],"picked":"SKIP","floor":12},{"not_picked":["Fiend Fire","Rupture"],"picked":"Metallicize","floor":13},{"not_picked":["Heavy Blade","Fire Breathing"],"picked":"Uppercut","floor":14},{"not_picked":["Bludgeon","Exhume"],"picked":"Reaper","floor":16},{"not_picked":["Burning Pact","Heavy Blade"],"picked":"Pommel Strike+1","floor":18},{"not_picked":["True Grit","Body Slam","Entrench"],"picked":"SKIP","floor":21},{"not_picked":["Anger","Fire Breathing+1","Wild Strike"],"picked":"Singing Bowl","floor":23},{"not_picked":["Armaments","Perfected Strike"],"picked":"Flame Barrier","floor":24},{"not_picked":["Second Wind","Heavy Blade","Bludgeon","Armaments"],"picked":"Singing Bowl","floor":27},{"not_picked":["Exhume","Perfected Strike","Whirlwind","Rampage"],"picked":"Singing Bowl","floor":29},{"not_picked":["Warcry","Clash","Wild Strike+1"],"picked":"Inflame+1","floor":31},{"not_picked":["Barricade","Exhume","Demon Form"],"picked":"Impervious","floor":33},{"not_picked":["Anger","Flex+1","Headbutt","Reckless Charge"],"picked":"Singing Bowl","floor":35},{"not_picked":["Pommel Strike","Power Through","Twin Strike+1"],"picked":"Heavy Blade+1","floor":36},{"not_picked":["Infernal Blade","Heavy Blade","Body Slam"],"picked":"Shrug It Off","floor":38},{"not_picked":["Searing Blow","Flex","Twin Strike","Anger+1"],"picked":"Singing Bowl","floor":39},{"not_picked":["Pommel Strike","Headbutt","Dual Wield+1"],"picked":"Battle Trance","floor":41},{"not_picked":["Reckless Charge","Heavy Blade","Perfected Strike+1","Thunderclap"],"picked":"Singing Bowl","floor":44},{"not_picked":["Clash","Rampage+1","Flex"],"picked":"Double Tap","floor":46},{"not_picked":["Headbutt+1","Havoc","Anger"],"picked":"Feel No Pain+1","floor":47},{"not_picked":["Heavy Blade+1","Uppercut","Pommel Strike+1","Twin Strike"],"picked":"Singing Bowl","floor":48}],"player_experience":356364,"relics_obtained":[{"floor":6,"key":"Strawberry"},{"floor":8,"key":"Gremlin Horn"},{"floor":9,"key":"Vajra"},{"floor":12,"key":"PreservedInsect"},{"floor":23,"key":"Singing Bowl"},{"floor":26,"key":"Question Card"},{"floor":29,"key":"Potion Belt"},{"floor":43,"key":"Bag of Preparation"},{"floor":44,"key":"Ginger"},{"floor":45,"key":"Pantograph"},{"floor":46,"key":"Pocketwatch"}],"event_choices":[{"damage_healed":0,"gold_gain":0,"player_choice":"Paid Gold","damage_taken":0,"relics_obtained":["Anchor"],"max_hp_gain":0,"max_hp_loss":0,"event_name":"WeMeetAgain","floor":3,"gold_loss":75},{"damage_healed":0,"gold_gain":0,"player_choice":"Paid Fearfully","damage_taken":0,"max_hp_gain":0,"max_hp_loss":0,"event_name":"Masked Bandits","floor":20,"gold_loss":87},{"damage_healed":0,"gold_gain":0,"player_choice":"Ignored","damage_taken":0,"max_hp_gain":0,"max_hp_loss":0,"event_name":"Golden Shrine","floor":30,"gold_loss":0},{"cards_removed":["Strike_R"],"damage_healed":0,"gold_gain":0,"player_choice":"Removed Attack","damage_taken":0,"max_hp_gain":0,"max_hp_loss":0,"event_name":"Falling","floor":37,"gold_loss":0},{"damage_healed":0,"gold_gain":0,"player_choice":"Fight","damage_taken":0,"max_hp_gain":0,"max_hp_loss":0,"event_name":"Mysterious Sphere","floor":44,"gold_loss":0}],"is_beta":false,"boss_relics":[{"not_picked":["White Beast Statue","Fusion Hammer"],"picked":"Ectoplasm"},{"not_picked":["Snecko Eye","Black Star"],"picked":"Mark of Pain"}],"items_purged_floors":[19],"is_endless":false,"potions_floor_spawned":[5,8,10,12,14,21,33,35,39,41,48],"ascension_level":13}