{"gold_per_floor":[110,110,8,8,18,18,38,38,38,50,62,77,77,2,2,101,101,113,113,123,141,154,154,180,193,193,211,225,150,167,187,187,286,286,299,311,330,381,80,80,95,95,140,140,15,26,39,86,86,86],"floor_reached":51,"playtime":4235,"items_purged":["Clumsy","Pain","Doubt"],"score":642,"play_id":"f0b08923-0162-4843-a7c6-4ffa3f98e3c2","local_time":"20181004024947","is_ascension_mode":false,"campfire_choices":[{"data":"Blade Dance","floor":6,"key":"SMITH"},{"data":"Terror","floor":13,"key":"SMITH"},{"data":"Finisher","floor":15,"key":"SMITH"},{"data":"Backstab","floor":23,"key":"SMITH"},{"floor":32,"key":"REST"},{"data":"Backstab","floor":40,"key":"SMITH"},{"data":"Adrenaline","floor":42,"key":"SMITH"},{"floor":49,"key":"REST"}],"neow_cost":"TEN_PERCENT_HP_LOSS","seed_source_timestamp":37705534999562,"circlet_count":0,"master_deck":["Defend_G","Defend_G","Defend_G","Defend_G","Strike_G","Strike_G","Strike_G","Survivor","Neutralize","Doppelganger","Leg Sweep","Blade Dance+1","Backflip","Backstab+1","Leg Sweep","Slice","Blade Dance+1","Terror+1","Unload","Finisher+1","Backstab+1","Adrenaline+1","Dagger Spray","Backflip","Dagger Throw","Well Laid Plans+1","Footwork+1","Acrobatics","Adrenaline","Acrobatics","Dagger Throw+1","Leg Sweep+1","Blade Dance"],"relics":["Ring of the Serpent","Vajra","Ninja Scroll","Cursed Key","Question Card","Darkstone Periapt","Bag of Preparation","ClockworkSouvenir","Orichalcum","Shovel","Calipers"],"potions_floor_usage":[33,50,50,50],"damage_taken":[{"damage":0,"enemies":"Jaw Worm","floor":1,"turns":7},{"damage":0,"enemies":"Small Slimes","floor":5,"turns":2},{"damage":0,"enemies":"Cultist","floor":7,"turns":2},{"damage":0,"enemies":"Large Slime","floor":10,"turns":2},{"damage":0,"enemies":"Exordium Thugs","floor":11,"turns":3},{"damage":0,"enemies":"Looter","floor":12,"turns":1},{"damage":7,"enemies":"The Guardian","floor":16,"turns":7},{"damage":0,"enemies":"Spheric Guardian","floor":18,"turns":1},{"damage":0,"enemies":"Shell Parasite","floor":20,"turns":1},{"damage":0,"enemies":"Shelled Parasite and Fungi","floor":21,"turns":2},{"damage":0,"enemies":"Centurion and Healer","floor":22,"turns":1},{"damage":0,"enemies":"Slavers","floor":24,"turns":4},{"damage":3,"enemies":"Snecko","floor":25,"turns":3},{"damage":0,"enemies":"Snake Plant","floor":27,"turns":1},{"damage":4,"enemies":"Centurion and Healer","floor":28,"turns":3},{"damage":0,"enemies":"Cultist and Chosen","floor":30,"turns":3},{"damage":2,"enemies":"Sentry and Sphere","floor":31,"turns":4},{"damage":14,"enemies":"Champ","floor":33,"turns":8},{"damage":0,"enemies":"Orb Walker","floor":35,"turns":2},{"damage":14,"enemies":"3 Darklings","floor":36,"turns":4},{"damage":5,"enemies":"4 Shapes","floor":37,"turns":4},{"damage":7,"enemies":"Reptomancer","floor":41,"turns":2},{"damage":0,"enemies":"Mind Bloom Boss Battle","floor":44,"turns":4},{"damage":0,"enemies":"Spire Growth","floor":46,"turns":4},{"damage":0,"enemies":"3 Darklings","floor":47,"turns":3},{"damage":2,"enemies":"Mysterious Sphere","floor":48,"turns":4},{"damage":26,"enemies":"Donu and Deca","floor":50,"turns":11}],"seed_played":"-4683604676882822800","potions_obtained":[{"floor":1,"key":"Fire Potion"},{"floor":10,"key":"GhostInAJar"},{"floor":11,"key":"Dexterity Potion"},{"floor":24,"key":"Fire Potion"},{"floor":25,"key":"SteroidPotion"},{"floor":33,"key":"Poison Potion"},{"floor":44,"key":"SteroidPotion"}],"is_trial":false,"path_per_floor":["M","?","$","?","M","R","M","?","T","M","M","M","R","$","R","B",null,"M","?","M","M","M","R","E","M","T","M","M","$","M","M","R","B",null,"M","M","M","T","$","R","M","R","T","?","$","M","M","?","R","B"],"character_chosen":"THE_SILENT","items_purchased":["Backflip","Backstab","Backstab","ClockworkSouvenir"],"campfire_rested":2,"item_purchase_floors":[3,3,14,39],"current_hp_per_floor":[63,51,51,51,51,51,51,51,51,51,51,51,51,51,51,44,63,63,52,52,52,52,52,52,49,49,49,45,45,45,43,63,49,68,68,54,49,55,55,55,48,48,54,54,54,54,54,52,76,50],"gold":86,"neow_bonus":"TRANSFORM_TWO_CARDS","is_prod":false,"is_daily":false,"chose_seed":false,"campfire_upgraded":6,"win_rate":0.0,"timestamp":1538614187,"path_taken":["M","?","?","?","M","R","?","?","T","M","M","M","R","?","R","BOSS","M","?","M","M","M","R","E","?","T","M","M","$","M","M","R","BOSS","M","M","?","?","$","R","M","R","T","?","$","M","M","?","R","BOSS"],"build_version":"2018-09-20","purchased_purges":3,"victory":true,"max_hp_per_floor":[63,63,63,63,63,63,63,63,63,63,63,63,63,63,63,63,63,63,68,68,68,68,68,68,68,68,68,68,68,68,68,68,68,68,68,68,68,74,74,74,74,74,80,80,80,80,80,80,80,80],"card_choices":[{"not_picked":["Tactician","Prepared"],"picked":"Blade Dance","floor":1},{"not_picked":["Blur","Dodge and Roll"],"picked":"Slice","floor":5},{"not_picked":["Sucker Punch","Dagger Throw"],"picked":"Blade Dance","floor":7},{"not_picked":["Deflect","Choke"],"picked":"Terror","floor":10},{"not_picked":["Deflect","Outmaneuver"],"picked":"Unload","floor":11},{"not_picked":["Sucker Punch","Masterful Stab"],"picked":"Finisher","floor":12},{"not_picked":["Tools of the Trade","Die Die Die"],"picked":"Adrenaline","floor":16},{"not_picked":["Underhanded Strike","Poisoned Stab","Heel Hook"],"picked":"SKIP","floor":18},{"not_picked":["Heel Hook","Blur","Eviscerate"],"picked":"SKIP","floor":20},{"not_picked":["Dash+1","Flying Knee+1"],"picked":"Dagger Spray","floor":21},{"not_picked":["Flying Knee","Dagger Spray","Reflex"],"picked":"SKIP","floor":22},{"not_picked":["Heel Hook","Prepared"],"picked":"Backflip","floor":24},{"not_picked":["Deflect","Distraction+1","Flying Knee","Sucker Punch"],"picked":"SKIP","floor":25},{"not_picked":["Deflect","Slice","Phantasmal Killer"],"picked":"Dagger Throw","floor":27},{"not_picked":["Noxious Fumes+1","Choke","Sucker Punch"],"picked":"Well Laid Plans+1","floor":28},{"not_picked":["Bane+1","Deadly Poison","Deflect+1"],"picked":"Footwork+1","floor":30},{"not_picked":["PiercingWail+1","Underhanded Strike","Sucker Punch"],"picked":"Acrobatics","floor":31},{"not_picked":["Malaise","Burst","Corpse Explosion"],"picked":"Adrenaline","floor":33},{"not_picked":["Poisoned Stab","Dagger Spray","Riddle With Holes"],"picked":"Acrobatics","floor":35},{"not_picked":["Poisoned Stab+1","Acrobatics","Quick Slash"],"picked":"Dagger Throw+1","floor":36},{"not_picked":["Prepared","Skewer+1","Backflip"],"picked":"Leg Sweep+1","floor":37},{"not_picked":["Outmaneuver+1","Flying Knee+1","Bouncing Flask","Sucker Punch+1"],"picked":"SKIP","floor":41},{"not_picked":["Well Laid Plans","Predator","Choke+1"],"picked":"Blade Dance","floor":44},{"not_picked":["Deflect","Terror","Backflip+1","Choke"],"picked":"SKIP","floor":46},{"not_picked":["Quick Slash+1","Dodge and Roll+1","Reflex+1","After Image"],"picked":"SKIP","floor":47}],"player_experience":70359,"relics_obtained":[{"floor":9,"key":"Ninja Scroll"},{"floor":24,"key":"Question Card"},{"floor":26,"key":"Darkstone Periapt"},{"floor":38,"key":"Bag of Preparation"},{"floor":43,"key":"Orichalcum"},{"floor":44,"key":"Shovel"},{"floor":48,"key":"Calipers"}],"event_choices":[{"event_name":"Scrap Ooze","player_choice":"success","floor":2,"damage_taken":12},{"event_name":"Transmorgrifier","player_choice":"Transform","floor":4,"damage_taken":0},{"event_name":"Accursed Blacksmith","player_choice":"Forge","floor":8,"damage_taken":0},{"event_name":"Forgotten Altar","player_choice":"Shed Blood","floor":19,"damage_taken":0},{"event_name":"MindBloom","player_choice":"Fight","floor":44,"damage_taken":0},{"event_name":"Mysterious Sphere","player_choice":"Fight","floor":48,"damage_taken":0}],"is_beta":false,"boss_relics":[{"not_picked":["Velvet Choker","Runic Dome"],"picked":"Cursed Key"},{"not_picked":["White Beast Statue","Fusion Hammer"],"picked":"Ring of the Serpent"}],"items_purged_floors":[29,39,45],"is_endless":false,"potions_floor_spawned":[1,10,11,12,21,24,25,30,33,36,44,47],"ascension_level":0}