{"path_per_floor":["M","?","M","?","M","R","E","R","T","M","M","R","M","?","R","B",null,"M","?","?","M"],"character_chosen":"DEFECT","items_purchased":[],"gold_per_floor":[116,86,96,96,116,116,160,160,186,209,224,224,249,249,249,368,368,393,393,393,417,441],"floor_reached":22,"campfire_rested":2,"playtime":4018,"item_purchase_floors":[],"current_hp_per_floor":[58,58,58,40,35,35,7,29,29,21,18,40,40,40,40,32,75,28,53,53,42,22],"items_purged":[],"gold":441,"score":188,"play_id":"9b837237-7998-4e71-888a-a264bb29802a","local_time":"20180612034402","is_prod":false,"is_daily":false,"chose_seed":false,"is_ascension_mode":false,"campfire_upgraded":2,"win_rate":0.0,"timestamp":1528789442,"campfire_choices":[{"data":"Redo","floor":6.0,"key":"SMITH"},{"floor":8.0,"key":"REST"},{"floor":12.0,"key":"REST"},{"data":"Zap","floor":15.0,"key":"SMITH"}],"path_taken":["M","?","M","?","M","R","E","R","T","M","M","R","M","?","R","BOSS","M","?","?","M","M"],"build_version":"2018-06-07v3","seed_source_timestamp":0,"purchased_purges":0,"victory":false,"master_deck":["Strike_B","Strike_B","Strike_B","Defend_B","Defend_B","Defend_B","Defend_B","Zap+1","Dualcast","Multi-Cast","Reprogram","Redo+1","Capacitor","Leap","Darkness","Darkness","Go for the Eyes","Electrodynamics","Conserve Battery+1","Tempest"],"max_hp_per_floor":[75,75,75,75,75,75,75,75,75,75,75,75,75,75,75,75,75,75,75,75,75,75],"relics":["Cracked Core","Golden Idol","Bag of Marbles","Happy Flower","Runic Dome"],"card_choices":[{"not_picked":["Streamline","Blizzard"],"picked":"Reprogram","floor":1.0},{"not_picked":["Turbo","Beam Cell"],"picked":"Redo","floor":3.0},{"not_picked":["Lockon","Rebound"],"picked":"Capacitor","floor":5.0},{"not_picked":["Ball Lightning","Hello World"],"picked":"Leap","floor":7.0},{"not_picked":["Skim","Double Energy"],"picked":"Darkness","floor":10.0},{"not_picked":["Cold Snap","Skim"],"picked":"Darkness","floor":11.0},{"not_picked":["Beam Cell","Sweeping Beam"],"picked":"Go for the Eyes","floor":13.0},{"not_picked":["Reboot","Machine Learning"],"picked":"Electrodynamics","floor":16.0},{"not_picked":["Beam Cell","Stack"],"picked":"Conserve Battery+1","floor":18.0},{"not_picked":["Steam","Beam Cell"],"picked":"Tempest","floor":21.0}],"player_experience":383915,"potions_floor_usage":[],"damage_taken":[{"damage":17.0,"enemies":"Small Slimes","floor":1.0,"turns":3.0},{"damage":0.0,"enemies":"Cultist","floor":3.0,"turns":2.0},{"damage":5.0,"enemies":"Jaw Worm","floor":5.0,"turns":4.0},{"damage":28.0,"enemies":"Lagavulin","floor":7.0,"turns":6.0},{"damage":8.0,"enemies":"Large Slime","floor":10.0,"turns":4.0},{"damage":3.0,"enemies":"3 Louse","floor":11.0,"turns":3.0},{"damage":0.0,"enemies":"Red Slaver","floor":13.0,"turns":3.0},{"damage":8.0,"enemies":"The Guardian","floor":16.0,"turns":6.0},{"damage":47.0,"enemies":"3 Byrds","floor":18.0,"turns":5.0},{"damage":11.0,"enemies":"Spheric Guardian","floor":21.0,"turns":4.0},{"damage":20.0,"enemies":"Centurion and Healer","floor":22.0,"turns":5.0}],"relics_obtained":[{"floor":7.0,"key":"Bag of Marbles"},{"floor":9.0,"key":"Happy Flower"}],"event_choices":[{"event_name":"The Woman in Blue","player_choice":"Bought 2 Potions","floor":2.0,"damage_taken":0.0},{"event_name":"Golden Idol","player_choice":"Take Damage","floor":4.0,"damage_taken":0.0},{"event_name":"Purifier","player_choice":"One Purge","floor":14.0,"damage_taken":0.0},{"event_name":"The Library","player_choice":"Heal","floor":19.0,"damage_taken":0.0},{"event_name":"Drug Dealer","player_choice":"Ignored","floor":20.0,"damage_taken":0.0}],"boss_relics":[],"items_purged_floors":[],"potions_floor_spawned":[1,3,10,16,21],"seed_played":"2021567300802481295","killed_by":"Centurion and Healer","ascension_level":0,"potions_obtained":[{"floor":1.0,"key":"EssenceOfSteel"},{"floor":2.0,"key":"SkillPotion"},{"floor":2.0,"key":"Fire Potion"},{"floor":3.0,"key":"Block Potion"},{"floor":10.0,"key":"FairyPotion"},{"floor":16.0,"key":"Strength Potion"},{"floor":21.0,"key":"SpeedPotion"}],"is_trial":false}