{"gold_per_floor":[113,113,133,44,55,85,85,104,104,122,136,136,39,74,74,199,199,215,0,13,13,13,13],"floor_reached":23,"playtime":2473,"items_purged":["Defend_R"],"score":191,"play_id":"7adbbb73-e581-421a-86a6-de13163c4630","local_time":"20190222235128","is_ascension_mode":false,"campfire_choices":[{"data":"True Grit","floor":7,"key":"SMITH"},{"data":"Armaments","floor":15,"key":"SMITH"}],"neow_cost":"NONE","seed_source_timestamp":203537236444603,"circlet_count":0,"master_deck":["Strike_R","Strike_R","Strike_R","Strike_R","Strike_R","Defend_R","Defend_R","Defend_R","Bash","Metallicize","Perfected Strike","True Grit+1","Disarm","Cleave","Wild Strike","Armaments+1","Shrug It Off","Dark Embrace","Clumsy","Injury","Decay","Flame Barrier","True Grit"],"relics":["Burning Blood","Potion Belt","Art of War","Question Card","Dodecahedron","Golden Idol","Odd Mushroom","Calling Bell","Bag of Preparation","The Courier","Torii"],"potions_floor_usage":[6,20],"damage_taken":[{"damage":3,"enemies":"2 Louse","floor":1,"turns":3},{"damage":6,"enemies":"Cultist","floor":3,"turns":3},{"damage":5,"enemies":"Small Slimes","floor":5,"turns":4},{"damage":30,"enemies":"Lagavulin","floor":6,"turns":6},{"damage":4,"enemies":"2 Fungi Beasts","floor":8,"turns":3},{"damage":4,"enemies":"Exordium Wildlife","floor":10,"turns":4},{"damage":8,"enemies":"Lots of Slimes","floor":11,"turns":3},{"damage":26,"enemies":"The Mushroom Lair","floor":14,"turns":4},{"damage":16,"enemies":"The Guardian","floor":16,"turns":13},{"damage":14,"enemies":"Spheric Guardian","floor":18,"turns":7},{"damage":14,"enemies":"3 Byrds","floor":20,"turns":3},{"damage":22,"enemies":"Colosseum Slavers","floor":21,"turns":6},{"damage":48,"enemies":"Gremlin Leader","floor":23,"turns":4}],"seed_played":"-3364167503731799331","potions_obtained":[{"floor":1,"key":"SmokeBomb"},{"floor":3,"key":"Fire Potion"},{"floor":10,"key":"LiquidBronze"}],"is_trial":false,"path_per_floor":["M","?","M","?","M","E","R","M","T","M","M","?","$","?","R","B",null,"M","?","M","?","$","E"],"character_chosen":"IRONCLAD","items_purchased":["Armaments"],"campfire_rested":0,"item_purchase_floors":[13],"current_hp_per_floor":[80,85,85,85,85,61,61,63,63,65,63,63,63,43,43,33,79,71,71,63,47,47,0],"gold":13,"neow_bonus":"RANDOM_COMMON_RELIC","is_prod":false,"is_daily":false,"chose_seed":false,"campfire_upgraded":2,"win_rate":0,"timestamp":1550897488,"path_taken":["M","?","M","?","?","E","R","M","T","M","M","?","$","?","R","BOSS","M","?","M","?","?","E"],"build_version":"2019-01-23","purchased_purges":1,"victory":false,"max_hp_per_floor":[80,85,85,85,85,85,85,85,85,85,85,79,79,79,79,79,79,79,79,79,79,79,79],"card_choices":[{"not_picked":["Rupture","Clothesline","Seeing Red"],"picked":"SKIP","floor":1},{"not_picked":["Entrench","Anger"],"picked":"Metallicize","floor":3},{"not_picked":["Warcry","Disarm"],"picked":"Perfected Strike","floor":5},{"not_picked":["Battle Trance","Thunderclap"],"picked":"True Grit","floor":6},{"not_picked":["Clash","Wild Strike","Clothesline"],"picked":"Disarm","floor":8},{"not_picked":["Rampage","Clothesline","Iron Wave"],"picked":"Cleave","floor":10},{"not_picked":["Clash","Dropkick","Anger"],"picked":"Wild Strike","floor":11},{"not_picked":["Dual Wield","Warcry","Iron Wave"],"picked":"Shrug It Off","floor":14},{"not_picked":["Berserk","Limit Break","Brutality"],"picked":"Dark Embrace","floor":16},{"not_picked":["True Grit","Wild Strike","Sentinel"],"picked":"Flame Barrier","floor":18},{"not_picked":["Body Slam+1","Spot Weakness","Shrug It Off"],"picked":"True Grit","floor":20}],"player_experience":177920,"relics_obtained":[{"floor":6,"key":"Question Card"},{"floor":9,"key":"Dodecahedron"},{"floor":14,"key":"Odd Mushroom"},{"floor":17,"key":"Bag of Preparation"},{"floor":17,"key":"The Courier"},{"floor":17,"key":"Torii"}],"event_choices":[{"damage_healed":0,"gold_gain":0,"player_choice":"Donut","damage_taken":0,"max_hp_gain":5,"max_hp_loss":0,"event_name":"Big Fish","floor":2,"gold_loss":0},{"damage_healed":0,"gold_gain":0,"player_choice":"Paid Gold","damage_taken":0,"relics_obtained":["Art of War"],"max_hp_gain":0,"max_hp_loss":0,"event_name":"WeMeetAgain","floor":4,"gold_loss":89},{"damage_healed":0,"gold_gain":0,"player_choice":"Lose Max HP","damage_taken":0,"relics_obtained":["Golden Idol"],"max_hp_gain":0,"max_hp_loss":6,"event_name":"Golden Idol","floor":12,"gold_loss":0},{"damage_healed":0,"gold_gain":0,"player_choice":"Fought Mushrooms","damage_taken":0,"max_hp_gain":0,"max_hp_loss":0,"event_name":"Mushrooms","floor":14,"gold_loss":0},{"damage_healed":0,"gold_gain":0,"player_choice":"Paid Fearfully","damage_taken":0,"max_hp_gain":0,"max_hp_loss":0,"event_name":"Masked Bandits","floor":19,"gold_loss":215},{"damage_healed":0,"gold_gain":0,"player_choice":"Fight","damage_taken":0,"max_hp_gain":0,"max_hp_loss":0,"event_name":"Colosseum","floor":21,"gold_loss":0},{"damage_healed":0,"gold_gain":0,"player_choice":"Fled From Nobs","damage_taken":0,"max_hp_gain":0,"max_hp_loss":0,"event_name":"Colosseum","floor":21,"gold_loss":0}],"is_beta":false,"boss_relics":[{"not_picked":["Busted Crown","Fusion Hammer"],"picked":"Calling Bell"}],"items_purged_floors":[13],"is_endless":false,"potions_floor_spawned":[1,3,10,21],"killed_by":"Gremlin Leader","ascension_level":0}