{"gold_per_floor":[111,111,111,128,148,148,167,167,167,183,218,218,26,51,51,153,153,172,172,191,139,151,185,185,23,97,97,113,113,126,126,126,230,230,249,249,249,178,194,194,211,0,27,44,75,75,87,102,102,102],"floor_reached":51,"playtime":6940,"items_purged":[],"score":1141,"play_id":"1f64829f-1e5d-4a57-b5b2-ccf835358486","local_time":"20190225204326","is_ascension_mode":true,"campfire_choices":[{"data":"Perfected Strike","floor":6,"key":"SMITH"},{"data":"Flame Barrier","floor":8,"key":"SMITH"},{"floor":12,"key":"REST"},{"data":"After Image","floor":15,"key":"SMITH"},{"floor":24,"key":"REST"},{"data":"Demon Form","floor":29,"key":"SMITH"},{"floor":32,"key":"REST"},{"data":"Burst","floor":40,"key":"SMITH"},{"floor":46,"key":"REST"},{"data":"Armaments","floor":49,"key":"SMITH"}],"neow_cost":"NONE","seed_source_timestamp":93946457841496,"circlet_count":0,"master_deck":["AscendersBane","Strike_R","Strike_R","Strike_R","Strike_R","Strike_R","Defend_R","Defend_R","Defend_R","Bash+1","Perfected Strike+1","Flame Barrier+1","Headbutt","Ghostly Armor","After Image+1","Venomology","All Out Attack+1","Warcry","FTL","Demon Form+1","Shrug It Off","Panacea","Turbo","Burst+1","Escape Plan","Master of Strategy","Burning Pact","Conserve Battery+1","Armaments+1","Fiend Fire","Offering","Melter+1","Backflip","PiercingWail+1"],"relics":["Burning Blood","Paper Frog","Singing Bowl","PrismaticShard","Bag of Preparation","Philosopher\u0027s Stone","Centennial Puzzle","Pantograph","MutagenicStrength","Snecko Eye","Dream Catcher","Anchor"],"potions_floor_usage":[7,7,11,18,18,20,20,23,23,23,30,31,31,33,33,39,39,41,48,48,50,50,50],"damage_taken":[{"damage":7,"enemies":"2 Louse","floor":1,"turns":3},{"damage":13,"enemies":"Small Slimes","floor":4,"turns":3},{"damage":6,"enemies":"Cultist","floor":5,"turns":3},{"damage":8,"enemies":"3 Louse","floor":7,"turns":3},{"damage":3,"enemies":"Blue Slaver","floor":10,"turns":3},{"damage":40,"enemies":"3 Sentries","floor":11,"turns":8},{"damage":28,"enemies":"Gremlin Nob","floor":14,"turns":4},{"damage":42,"enemies":"Slime Boss","floor":16,"turns":8},{"damage":4,"enemies":"Chosen","floor":18,"turns":4},{"damage":6,"enemies":"Spheric Guardian","floor":20,"turns":4},{"damage":20,"enemies":"Centurion and Healer","floor":22,"turns":5},{"damage":32,"enemies":"Book of Stabbing","floor":23,"turns":5},{"damage":8,"enemies":"Snake Plant","floor":28,"turns":4},{"damage":11,"enemies":"3 Cultists","floor":30,"turns":5},{"damage":37,"enemies":"Slavers","floor":31,"turns":3},{"damage":66,"enemies":"Automaton","floor":33,"turns":10},{"damage":6,"enemies":"Orb Walker","floor":35,"turns":4},{"damage":9,"enemies":"3 Shapes","floor":39,"turns":4},{"damage":30,"enemies":"Maw","floor":41,"turns":6},{"damage":8,"enemies":"Transient","floor":44,"turns":5},{"damage":17,"enemies":"Giant Head","floor":45,"turns":7},{"damage":8,"enemies":"Sphere and 2 Shapes","floor":47,"turns":6},{"damage":18,"enemies":"Jaw Worm Horde","floor":48,"turns":4},{"damage":101,"enemies":"Awakened One","floor":50,"turns":12}],"seed_played":"2583374380135144191","potions_obtained":[{"floor":1,"key":"Block Potion"},{"floor":4,"key":"LiquidBronze"},{"floor":10,"key":"FearPotion"},{"floor":14,"key":"SpeedPotion"},{"floor":16,"key":"SneckoOil"},{"floor":20,"key":"Explosive Potion"},{"floor":22,"key":"LiquidBronze"},{"floor":35,"key":"LiquidBronze"},{"floor":41,"key":"FairyPotion"},{"floor":45,"key":"Energy Potion"},{"floor":48,"key":"Energy Potion"}],"is_trial":false,"path_per_floor":["M","?","?","M","M","R","M","R","T","M","E","R","$","E","R","B",null,"M","?","M","$","M","E","R","$","T","?","M","R","M","E","R","B",null,"M","?","?","$","M","R","M","$","T","M","E","R","M","M","R","B",null],"character_chosen":"IRONCLAD","items_purchased":["PrismaticShard","Warcry","Demon Form","Shrug It Off","Burning Pact","Fiend Fire","Offering"],"campfire_rested":4,"item_purchase_floors":[13,21,25,25,38,42,42],"current_hp_per_floor":[79,79,79,72,72,72,70,70,70,73,39,65,65,43,43,7,68,70,70,72,72,58,34,61,61,61,61,59,59,54,23,50,15,73,73,73,73,73,70,70,55,55,55,53,42,71,69,71,71,15],"gold":102,"neow_bonus":"TEN_PERCENT_HP_BONUS","is_prod":false,"is_daily":false,"chose_seed":false,"campfire_upgraded":6,"win_rate":0,"timestamp":1551123806,"path_taken":["M","?","?","M","M","R","M","R","T","M","E","R","$","E","R","BOSS","M","?","M","?","M","E","R","$","T","?","M","R","?","E","R","BOSS","M","?","?","$","M","R","M","$","T","?","E","R","M","M","R","BOSS"],"build_version":"2019-01-23","purchased_purges":0,"victory":true,"max_hp_per_floor":[88,88,88,88,88,88,88,88,88,88,88,88,88,88,88,88,88,88,88,90,90,90,92,92,92,92,92,92,92,92,92,92,92,92,92,92,92,92,92,92,92,92,92,92,92,94,94,96,96,96],"card_choices":[{"not_picked":["Entrench","Heavy Blade"],"picked":"Anger","floor":1},{"not_picked":["True Grit","Entrench"],"picked":"Perfected Strike","floor":4},{"not_picked":["Cleave","Anger"],"picked":"Flame Barrier","floor":5},{"not_picked":["True Grit","Anger","Heavy Blade"],"picked":"SKIP","floor":7},{"not_picked":["Clash","Heavy Blade"],"picked":"Headbutt","floor":10},{"not_picked":["Armaments","Pommel Strike"],"picked":"Ghostly Armor","floor":11},{"not_picked":["Dagger Spray","Beam Cell"],"picked":"After Image","floor":14},{"not_picked":["Burst","Dark Embrace"],"picked":"Venomology","floor":16},{"not_picked":["Ball Lightning+1","Sucker Punch+1"],"picked":"All Out Attack+1","floor":18},{"not_picked":["Sucker Punch+1","Loop","Finisher"],"picked":"Singing Bowl","floor":20},{"not_picked":["Dagger Spray+1","PanicButton"],"picked":"FTL","floor":22},{"not_picked":["Rebound","Barrage","Underhanded Strike"],"picked":"Singing Bowl","floor":23},{"not_picked":["Cleave","Sword Boomerang"],"picked":"Panacea","floor":28},{"not_picked":["Rebound","Concentrate"],"picked":"Turbo","floor":30},{"not_picked":["Demon Form","Night Terror"],"picked":"Burst","floor":33},{"not_picked":["Cold Snap","Dramatic Entrance+1"],"picked":"Escape Plan","floor":35},{"not_picked":["Mayhem","Deep Breath"],"picked":"Master of Strategy","floor":36},{"not_picked":["Flying Knee+1","Compile Driver+1"],"picked":"Conserve Battery+1","floor":39},{"not_picked":["Undo","Fusion+1"],"picked":"Armaments","floor":41},{"not_picked":["Havoc+1","Good Instincts+1"],"picked":"Melter+1","floor":44},{"not_picked":["Dagger Throw+1","PiercingWail"],"picked":"Backflip","floor":45},{"not_picked":["Searing Blow+1","Storm","Redo+1"],"picked":"Singing Bowl","floor":46},{"not_picked":["Coolheaded","Corpse Explosion"],"picked":"PiercingWail+1","floor":47},{"not_picked":["Armaments","Flex+1","Dagger Spray+1"],"picked":"Singing Bowl","floor":48}],"player_experience":767013,"relics_obtained":[{"floor":9,"key":"Paper Frog"},{"floor":11,"key":"Singing Bowl"},{"floor":14,"key":"Bag of Preparation"},{"floor":23,"key":"Centennial Puzzle"},{"floor":26,"key":"Pantograph"},{"floor":43,"key":"Dream Catcher"},{"floor":45,"key":"Anchor"}],"event_choices":[{"damage_healed":0,"gold_gain":0,"player_choice":"Grow","damage_taken":0,"max_hp_gain":0,"max_hp_loss":0,"event_name":"Living Wall","floor":2,"gold_loss":0,"cards_upgraded":["Bash"]},{"damage_healed":0,"gold_gain":0,"player_choice":"Ignored","damage_taken":0,"max_hp_gain":0,"max_hp_loss":0,"event_name":"Liars Game","floor":3,"gold_loss":0},{"cards_removed":["Defend_R"],"damage_healed":0,"gold_gain":0,"player_choice":"Purged","damage_taken":0,"max_hp_gain":0,"max_hp_loss":0,"event_name":"Purifier","floor":19,"gold_loss":0},{"damage_healed":0,"gold_gain":0,"player_choice":"Inject Mutagens","damage_taken":0,"relics_obtained":["MutagenicStrength"],"max_hp_gain":0,"max_hp_loss":0,"event_name":"Drug Dealer","floor":27,"gold_loss":0},{"damage_healed":0,"gold_gain":0,"player_choice":"Memory 1","damage_taken":0,"max_hp_gain":0,"max_hp_loss":0,"event_name":"SensoryStone","floor":36,"gold_loss":0},{"cards_removed":["Anger"],"damage_healed":0,"gold_gain":0,"player_choice":"Purged","damage_taken":0,"max_hp_gain":0,"max_hp_loss":0,"event_name":"Purifier","floor":37,"gold_loss":0}],"is_beta":false,"boss_relics":[{"not_picked":["Black Star","Black Blood"],"picked":"Philosopher\u0027s Stone"},{"not_picked":["Empty Cage","Tiny House"],"picked":"Snecko Eye"}],"items_purged_floors":[],"is_endless":false,"potions_floor_spawned":[1,4,10,14,16,20,22,31,35,41,45,47,48],"ascension_level":10}