{"path_per_floor":["M","M","M","?","M","R","M","E","T","?","R","$","E","M","R","B",null,"M","?","?","M","M","E"],"character_chosen":"THE_SILENT","items_purchased":["Crippling Poison","Vajra"],"gold_per_floor":[115,127,139,139,155,155,173,207,263,263,263,38,73,93,93,195,195,205,128,128,146,165,198,198],"floor_reached":24,"campfire_rested":2,"playtime":5009,"current_hp_per_floor":[68,68,67,70,68,68,59,20,20,20,41,41,32,32,53,8,70,70,70,70,53,36,1,0],"items_purged":[],"gold":198,"score":239,"play_id":"73571d88-3be7-4e21-9231-1e3a65656cf1","local_time":"20180423003234","is_prod":false,"is_daily":false,"chose_seed":false,"is_ascension_mode":true,"campfire_upgraded":1,"timestamp":1524457954,"path_taken":["M","M","?","?","M","R","M","E","T","?","R","$","E","M","R","BOSS","M","?","?","M","M","E","M"],"build_version":"2018-04-19","seed_source_timestamp":0,"purchased_purges":0,"victory":false,"master_deck":["Survivor","Neutralize+1","PiercingWail","Adrenaline","Backflip","Dagger Spray","Quick Slash","Glass Knife","Crippling Poison","Bane","Bane","Grand Finale","Outmaneuver","Setup","Dash","Well Laid Plans","Flying Knee","Slice","Well Laid Plans","Deadly Poison","Dash","Backflip+1","J.A.X.","Terror","Prepared+1","Backstab"],"max_hp_per_floor":[70,70,70,70,70,70,70,70,70,70,70,70,70,70,70,70,70,70,70,70,70,70,70,70],"relics":["Ring of the Snake","Snake Skull","Darkstone Periapt","Tiny Chest","Vajra","Ancient Tea Set","Pandora\u0027s Box","Blood Vial"],"card_choices":[{"not_picked":["Terror","Quick Slash"],"picked":"Catalyst","floor":1.0},{"not_picked":["Slice","Underhanded Strike"],"picked":"PiercingWail","floor":2.0},{"not_picked":["Outmaneuver","Blade Dance"],"picked":"Adrenaline","floor":3.0},{"not_picked":["Noxious Fumes","Bane"],"picked":"Backflip","floor":5.0},{"not_picked":["Quick Slash","Poisoned Stab"],"picked":"Dagger Spray","floor":7.0},{"not_picked":["Doppelganger","PiercingWail"],"picked":"Quick Slash","floor":8},{"not_picked":["Reflex","Caltrops"],"picked":"Bane","floor":13},{"not_picked":["Leg Sweep","Footwork"],"picked":"Bane","floor":14},{"not_picked":["Tools of the Trade","Doppelganger"],"picked":"Grand Finale","floor":16},{"not_picked":["PiercingWail","Predator"],"picked":"Backflip","floor":18},{"not_picked":["Footwork","Setup"],"picked":"Terror","floor":21},{"not_picked":["Backflip","Underhanded Strike"],"picked":"Prepared","floor":22},{"not_picked":["Backflip","Flying Knee"],"picked":"Backstab","floor":23}],"player_experience":281305,"potions_floor_usage":[13,13],"damage_taken":[{"damage":2.0,"enemies":"Cultist","floor":1.0,"turns":4.0},{"damage":0.0,"enemies":"Small Slimes","floor":2.0,"turns":4.0},{"damage":1.0,"enemies":"2 Louse","floor":3.0,"turns":5.0},{"damage":2.0,"enemies":"Large Slime","floor":5.0,"turns":6.0},{"damage":9.0,"enemies":"Red Slaver","floor":7.0,"turns":4.0},{"damage":39.0,"enemies":"3 Sentries","floor":8.0,"turns":9.0},{"damage":9,"enemies":"3 Sentries","floor":13,"turns":4},{"damage":0,"enemies":"3 Louse","floor":14,"turns":2},{"damage":45,"enemies":"The Guardian","floor":16,"turns":12},{"damage":0,"enemies":"Chosen","floor":18,"turns":5},{"damage":17,"enemies":"2 Thieves","floor":21,"turns":3},{"damage":17,"enemies":"Sentry and Sphere","floor":22,"turns":4},{"damage":35,"enemies":"Gremlin Leader","floor":23,"turns":4},{"damage":3,"enemies":"Cultist and Chosen","floor":24,"turns":4}],"event_choices":[{"event_name":"Bonfire Elementals","player_choice":"UNCOMMON","floor":4.0,"damage_taken":0.0},{"event_name":"Living Wall","player_choice":"Change","floor":10,"damage_taken":0},{"event_name":"Drug Dealer","player_choice":"Got JAXXED","floor":19,"damage_taken":0},{"event_name":"Vampires","player_choice":"Ignored","floor":20,"damage_taken":0}],"boss_relics":[{"not_picked":["Sozu","Tiny House"],"picked":"Pandora\u0027s Box"}],"potions_floor_spawned":[1,2,7,14],"seed_played":"3127134229347575093","killed_by":"Cultist and Chosen","ascension_level":1,"is_trial":false}