{"gold_per_floor":[109,120,138,152,73,107,107,117,117,117,127,147,147,157,157,256,256,276,24,24,24,34,61,61,61,61,73,121,121,221,241,241,344,394,406,176,191,191,191,191,242,242,242,258,272,285,320,333,333,333],"floor_reached":51,"playtime":3526,"items_purged":["Strike_B"],"score":776,"play_id":"b03c6a29-911b-40cb-979b-cdcef07bd65f","local_time":"20190304021227","is_ascension_mode":false,"campfire_choices":[{"data":"Zap","floor":7.0,"key":"SMITH"},{"data":"Loop","floor":10.0,"key":"SMITH"},{"data":"Buffer","floor":13.0,"key":"SMITH"},{"data":"Sunder","floor":15.0,"key":"SMITH"},{"data":"Fission","floor":24.0,"key":"SMITH"},{"data":"Loop","floor":32.0,"key":"SMITH"},{"data":"Thunder Strike","floor":40.0,"key":"SMITH"},{"data":"Glacier","floor":42,"key":"SMITH"},{"data":"Defragment","floor":49,"key":"SMITH"}],"neow_cost":"NONE","seed_source_timestamp":101987125883600,"circlet_count":0,"master_deck":["Strike_B","Defend_B+1","Defend_B","Defend_B","Defend_B","Zap+1","Dualcast","Buffer+1","Steam","Loop+1","Glacier","Conserve Battery","Ball Lightning","Sunder+1","Undo","Cold Snap","Glacier+1","BootSequence","Fission+1","Leap","Skim+1","Recycle+1","Loop+1","Thunder Strike+1","Capacitor+1","Echo Form","Ball Lightning","Loop+1","Echo Form","Beam Cell+1","Bandage Up+1","The Bomb+1","Hologram+1","Defragment+1","Amplify+1"],"special_seed":0,"relics":["Cracked Core","Sundial","Pear","Philosopher\u0027s Stone","Toxic Egg 2","Blood Vial","Symbiotic Virus","Art of War","Turnip","Darkstone Periapt","Tiny House","Gambling Chip","Bird Faced Urn","Thread and Needle"],"potions_floor_usage":[41,47,50],"damage_taken":[{"damage":0.0,"enemies":"Cultist","floor":1.0,"turns":4.0},{"damage":0.0,"enemies":"Small Slimes","floor":2.0,"turns":3.0},{"damage":1.0,"enemies":"2 Louse","floor":3.0,"turns":2.0},{"damage":17.0,"enemies":"Exordium Wildlife","floor":4.0,"turns":6.0},{"damage":6.0,"enemies":"Gremlin Nob","floor":6.0,"turns":4.0},{"damage":0.0,"enemies":"Exordium Thugs","floor":8.0,"turns":3.0},{"damage":0.0,"enemies":"3 Louse","floor":11.0,"turns":3.0},{"damage":0.0,"enemies":"Large Slime","floor":12.0,"turns":4.0},{"damage":5.0,"enemies":"Looter","floor":14.0,"turns":2.0},{"damage":10.0,"enemies":"The Guardian","floor":16.0,"turns":13.0},{"damage":0.0,"enemies":"3 Byrds","floor":18.0,"turns":6.0},{"damage":0.0,"enemies":"Chosen","floor":22.0,"turns":6.0},{"damage":7.0,"enemies":"Book of Stabbing","floor":23.0,"turns":6.0},{"damage":1.0,"enemies":"Centurion and Healer","floor":27.0,"turns":10.0},{"damage":1.0,"enemies":"Colosseum Slavers","floor":30.0,"turns":4.0},{"damage":0.0,"enemies":"Colosseum Nobs","floor":30.0,"turns":7.0},{"damage":11.0,"enemies":"Chosen and Byrds","floor":31.0,"turns":5.0},{"damage":0.0,"enemies":"Champ","floor":33.0,"turns":11.0},{"damage":0.0,"enemies":"Orb Walker","floor":35.0,"turns":2.0},{"damage":16.0,"enemies":"3 Darklings","floor":37.0,"turns":7.0},{"damage":8,"enemies":"2 Orb Walkers","floor":41,"turns":4},{"damage":9,"enemies":"4 Shapes","floor":44,"turns":3},{"damage":0,"enemies":"Maw","floor":45,"turns":9},{"damage":19,"enemies":"Jaw Worm Horde","floor":46,"turns":3},{"damage":27,"enemies":"Giant Head","floor":47,"turns":14},{"damage":11,"enemies":"3 Darklings","floor":48,"turns":4},{"damage":54,"enemies":"Donu and Deca","floor":50,"turns":12}],"seed_played":"460068656182292499","potions_obtained":[{"floor":1.0,"key":"Energy Potion"},{"floor":4.0,"key":"Regen Potion"},{"floor":8.0,"key":"Swift Potion"},{"floor":12.0,"key":"Swift Potion"},{"floor":22.0,"key":"FocusPotion"},{"floor":31.0,"key":"EssenceOfSteel"},{"floor":33.0,"key":"SteroidPotion"},{"floor":34.0,"key":"FearPotion"},{"floor":37.0,"key":"Poison Potion"},{"floor":46,"key":"Swift Potion"},{"floor":48,"key":"Fire Potion"}],"is_trial":false,"path_per_floor":["M","M","M","M","$","E","R","M","T","R","M","M","R","M","R","B",null,"M","$","?","?","M","E","R","?","T","M","T","?","?","M","R","B",null,"M","$","M","?","?","R","?","R","T","M","M","M","E","M","R","B",null],"character_chosen":"DEFECT","items_purchased":["Ball Lightning","Sunder","Toxic Egg 2","Echo Form"],"campfire_rested":0,"item_purchase_floors":[5,5,19,36],"current_hp_per_floor":[75,75,74,57,57,51,51,51,61,61,61,61,61,56,56,46,85,85,85,85,85,85,78,78,78,78,79,79,63,66,57,57,74,95,95,95,79,69,69,69,69,69,69,68,95,80,87,92,92,74],"gold":333,"neow_bonus":"ONE_RANDOM_RARE_CARD","is_prod":false,"is_daily":false,"chose_seed":false,"campfire_upgraded":9,"win_rate":0,"timestamp":1551683547,"path_taken":["M","M","M","?","?","E","R","?","T","R","M","M","R","M","R","BOSS","M","$","?","?","M","E","R","?","T","?","?","?","?","M","R","BOSS","M","$","M","?","?","R","?","R","T","M","M","?","E","M","R","BOSS"],"build_version":"2019-01-23","purchased_purges":1,"victory":true,"max_hp_per_floor":[75,75,75,75,75,75,75,75,85,85,85,85,85,85,85,85,85,85,85,85,85,85,85,85,85,85,85,85,90,90,90,90,90,95,95,95,95,95,95,95,95,95,95,95,95,95,95,95,95,95],"card_choices":[{"not_picked":["Chaos","Turbo"],"picked":"Steam","floor":1.0},{"not_picked":["Chaos","Leap"],"picked":"Loop","floor":2.0},{"not_picked":["White Noise","Steam"],"picked":"Glacier","floor":3.0},{"not_picked":["Stack","Rebound"],"picked":"Conserve Battery","floor":4.0},{"not_picked":["Streamline","Tempest"],"picked":"Undo","floor":6.0},{"not_picked":["Compile Driver","Steam"],"picked":"Gash","floor":8.0},{"not_picked":["Coolheaded","Compile Driver"],"picked":"Cold Snap","floor":11.0},{"not_picked":["Genetic Algorithm","Steam"],"picked":"Glacier","floor":12.0},{"not_picked":["Redo","Sweeping Beam"],"picked":"BootSequence","floor":14.0},{"not_picked":["Seek","Amplify"],"picked":"Fission","floor":16.0},{"not_picked":["Fusion+1","Beam Cell"],"picked":"Leap","floor":18.0},{"not_picked":["Coolheaded+1","Aggregate+1"],"picked":"Loop","floor":22.0},{"not_picked":["BootSequence+1","Steam Power+1","Skim+1"],"picked":"SKIP","floor":23.0},{"not_picked":["Reprogram+1","Beam Cell","Streamline"],"picked":"SKIP","floor":27.0},{"not_picked":["Compile Driver","Turbo+1"],"picked":"Thunder Strike","floor":30.0},{"not_picked":["Compile Driver+1","Rebound"],"picked":"Capacitor+1","floor":31.0},{"not_picked":["Machine Learning","Creative AI"],"picked":"Echo Form","floor":33.0},{"not_picked":["Steam Power+1","Turbo+1"],"picked":"Ball Lightning","floor":34.0},{"not_picked":["Barrage","Scrape+1"],"picked":"Loop+1","floor":35.0},{"not_picked":["Coolheaded+1","Melter+1"],"picked":"Beam Cell+1","floor":37.0},{"not_picked":["Swift Strike","Forethought+1"],"picked":"Bandage Up+1","floor":38.0},{"not_picked":["Dramatic Entrance","Panache"],"picked":"The Bomb+1","floor":38.0},{"not_picked":["Gash","Compile Driver"],"picked":"Hologram+1","floor":41},{"not_picked":["Chill+1","Barrage"],"picked":"Defragment","floor":44},{"not_picked":["Steam+1","Beam Cell+1","Capacitor"],"picked":"SKIP","floor":45},{"not_picked":["Gash","Streamline","Redo+1"],"picked":"SKIP","floor":46},{"not_picked":["Conserve Battery+1","Scrape+1","Double Energy+1"],"picked":"SKIP","floor":47},{"not_picked":["Sweeping Beam","Rebound+1"],"picked":"Amplify+1","floor":48}],"player_experience":1284343,"relics_obtained":[{"floor":6.0,"key":"Sundial"},{"floor":9.0,"key":"Pear"},{"floor":23.0,"key":"Blood Vial"},{"floor":26.0,"key":"Symbiotic Virus"},{"floor":28.0,"key":"Art of War"},{"floor":30.0,"key":"Turnip"},{"floor":30.0,"key":"Darkstone Periapt"},{"floor":41,"key":"Gambling Chip"},{"floor":43,"key":"Bird Faced Urn"},{"floor":47,"key":"Thread and Needle"}],"event_choices":[{"damage_healed":0.0,"max_hp_gain":0.0,"max_hp_loss":0.0,"gold_gain":0.0,"event_name":"The Mausoleum","player_choice":"Ignored","floor":20.0,"gold_loss":0.0,"damage_taken":0.0},{"damage_healed":0.0,"max_hp_gain":0.0,"max_hp_loss":0.0,"gold_gain":0.0,"cards_transformed":["Strike_B","Strike_B"],"event_name":"Drug Dealer","player_choice":"Became Test Subject","floor":21.0,"gold_loss":0.0,"damage_taken":0.0,"cards_obtained":["Skim","Recycle"]},{"damage_healed":0.0,"max_hp_gain":0.0,"max_hp_loss":0.0,"gold_gain":0.0,"event_name":"Beggar","player_choice":"Ignored","floor":25.0,"gold_loss":0.0,"damage_taken":0.0},{"damage_healed":0.0,"max_hp_gain":5.0,"max_hp_loss":0.0,"gold_gain":0.0,"event_name":"Forgotten Altar","player_choice":"Shed Blood","floor":29.0,"gold_loss":0.0,"damage_taken":21.0},{"damage_healed":0.0,"max_hp_gain":0.0,"max_hp_loss":0.0,"gold_gain":0.0,"event_name":"Colosseum","player_choice":"Fight","floor":30.0,"gold_loss":0.0,"damage_taken":0.0},{"damage_healed":0.0,"max_hp_gain":0.0,"max_hp_loss":0.0,"gold_gain":0.0,"event_name":"Colosseum","player_choice":"Fought Nobs","floor":30.0,"gold_loss":0.0,"damage_taken":0.0},{"damage_healed":0.0,"max_hp_gain":0.0,"max_hp_loss":0.0,"gold_gain":0.0,"event_name":"SensoryStone","player_choice":"Memory 3","floor":38.0,"gold_loss":0.0,"damage_taken":10.0},{"cards_removed":["Gash"],"damage_healed":0.0,"max_hp_gain":0.0,"max_hp_loss":0.0,"gold_gain":0.0,"event_name":"Falling","player_choice":"Removed Attack","floor":39.0,"gold_loss":0.0,"damage_taken":0.0},{"damage_healed":0,"gold_gain":0,"player_choice":"Fight","damage_taken":0,"max_hp_gain":0,"max_hp_loss":0,"event_name":"Mysterious Sphere","floor":41,"gold_loss":0}],"is_beta":false,"boss_relics":[{"not_picked":["Sozu","Ectoplasm"],"picked":"Philosopher\u0027s Stone"},{"not_picked":["Lizard Tail","Fusion Hammer"],"picked":"Tiny House"}],"items_purged_floors":[36],"is_endless":false,"potions_floor_spawned":[1,4,8,12,22,31,33,37,46,48],"ascension_level":0}