{"path_per_floor":["M","M","?","M","M","R","M","?","T","M","M","$","M","M","R","B",null,"M","M","M"],"character_chosen":"DEFECT","items_purchased":["Bird Faced Urn"],"gold_per_floor":[114,124,124,134,154,154,165,340,340,350,367,1,21,31,31,131,161,171,185,204,204],"floor_reached":21,"campfire_rested":1,"playtime":2377,"item_purchase_floors":[12],"current_hp_per_floor":[70,70,70,67,57,57,49,49,49,36,36,36,31,28,65,1,80,61,68,54,0],"items_purged":["Strike_B"],"gold":204,"score":179,"play_id":"9bc32d52-c14c-448f-9b47-81f4b1598c4a","local_time":"20180601060318","is_prod":false,"is_daily":false,"chose_seed":false,"is_ascension_mode":false,"campfire_upgraded":1,"win_rate":0.0,"timestamp":1527847398,"campfire_choices":[{"data":"Zap","floor":6,"key":"SMITH"},{"floor":15,"key":"REST"}],"path_taken":["M","M","?","M","M","R","M","?","T","M","M","$","M","M","R","BOSS","M","M","M","M"],"build_version":"2018-05-31","seed_source_timestamp":52038335308517,"purchased_purges":1,"victory":false,"master_deck":["Strike_B","Strike_B","Defend_B","Defend_B","Defend_B","Defend_B","Zap+1","Dualcast","Cold Snap","Amplify","Tempest","Undo","Lockon","Doubt","Ball Lightning","Hologram","Barrage","Defragment+1","Seek","Self Repair","Darkness","Steam","Rebound"],"max_hp_per_floor":[75,75,75,75,75,75,75,75,75,75,75,75,75,75,75,75,80,80,80,80,80],"relics":["Cracked Core","Regal Pillow","Bag of Marbles","Bird Faced Urn","Tiny House"],"card_choices":[{"not_picked":["Beam Cell","Double Energy"],"picked":"Cold Snap","floor":1},{"not_picked":["Chaos","Rebound"],"picked":"Amplify","floor":2},{"not_picked":["Sweeping Beam","Cold Snap"],"picked":"Tempest","floor":4},{"not_picked":["Conserve Battery","Gash"],"picked":"Undo","floor":5},{"not_picked":["Beam Cell","Leap"],"picked":"Lockon","floor":7},{"not_picked":["Sweeping Beam","Genetic Algorithm"],"picked":"Ball Lightning","floor":10},{"not_picked":["Conserve Battery","Stack"],"picked":"Hologram","floor":11},{"not_picked":["Beam Cell","Sweeping Beam"],"picked":"Barrage","floor":13},{"not_picked":["Reprogram","Steam"],"picked":"Defragment","floor":14},{"not_picked":["Rainbow","Machine Learning"],"picked":"Seek","floor":16},{"not_picked":["Coolheaded","Leap"],"picked":"Self Repair","floor":17},{"not_picked":["Gash","Double Energy"],"picked":"Darkness","floor":18},{"not_picked":["Go for the Eyes","Blizzard"],"picked":"Steam","floor":19},{"not_picked":["Redo","Glacier"],"picked":"Rebound","floor":20}],"player_experience":363309,"potions_floor_usage":[16,19,19,19,21],"damage_taken":[{"damage":5,"enemies":"Small Slimes","floor":1,"turns":3},{"damage":0,"enemies":"Cultist","floor":2,"turns":3},{"damage":3,"enemies":"2 Louse","floor":4,"turns":2},{"damage":10,"enemies":"Blue Slaver","floor":5,"turns":3},{"damage":8,"enemies":"2 Fungi Beasts","floor":7,"turns":3},{"damage":13,"enemies":"3 Louse","floor":10,"turns":4},{"damage":0,"enemies":"Red Slaver","floor":11,"turns":3},{"damage":5,"enemies":"Large Slime","floor":13,"turns":4},{"damage":3,"enemies":"Looter","floor":14,"turns":3},{"damage":66,"enemies":"Hexaghost","floor":16,"turns":13},{"damage":26,"enemies":"Shell Parasite","floor":18,"turns":4},{"damage":4,"enemies":"3 Byrds","floor":19,"turns":3},{"damage":27,"enemies":"Snake Plant","floor":20,"turns":4},{"damage":78,"enemies":"Cultist and Chosen","floor":21,"turns":6}],"relics_obtained":[{"floor":9,"key":"Bag of Marbles"}],"event_choices":[{"event_name":"Purifier","player_choice":"One Purge","floor":3,"damage_taken":0},{"event_name":"Liars Game","player_choice":"agreed","floor":8,"damage_taken":0}],"boss_relics":[{"not_picked":["Calling Bell","Orrery"],"picked":"Tiny House"}],"items_purged_floors":[12],"potions_floor_spawned":[4,5,7,13,16,19],"seed_played":"7985619687720849264","killed_by":"Cultist and Chosen","ascension_level":0,"potions_obtained":[{"floor":4,"key":"LiquidBronze"},{"floor":5,"key":"FearPotion"},{"floor":7,"key":"EssenceOfSteel"},{"floor":13,"key":"Dexterity Potion"},{"floor":16,"key":"Block Potion"},{"floor":17,"key":"GamblersBrew"},{"floor":19,"key":"Regen Potion"}],"is_trial":false}