{"gold_per_floor":[118,136,156,170,170,170,199,213,213,213,213,213,225,190,190,290,290,310,235,235,222,236,236,216,216],"floor_reached":25,"playtime":3014,"items_purged":[],"score":223,"play_id":"062700ee-3da8-4e22-b595-ace47f087519","local_time":"20190226155244","is_ascension_mode":true,"campfire_choices":[{"data":"Zap","floor":6,"key":"SMITH"},{"floor":10,"key":"REST"},{"data":"Conserve Battery","floor":12,"key":"SMITH"},{"data":"Dualcast","floor":15,"key":"SMITH"},{"floor":23,"key":"REST"}],"neow_cost":"NONE","seed_source_timestamp":152517551872666,"circlet_count":0,"master_deck":["Strike_B","Defend_B","Defend_B","Defend_B","Zap+1","Dualcast+1","Conserve Battery+1","Leap","Ball Lightning","Coolheaded","Cold Snap","Steam","Chill","Loop","Amplify","Hello World","Rebound","Reinforced Body","Rainbow","Capacitor","Melter","Zap+1","Cold Snap","Glacier+1"],"relics":["Cracked Core","Juzu Bracelet","Blue Candle","Orrery"],"potions_floor_usage":[16,16,22],"damage_taken":[{"damage":1,"enemies":"Cultist","floor":1,"turns":3},{"damage":0,"enemies":"Jaw Worm","floor":2,"turns":4},{"damage":0,"enemies":"Small Slimes","floor":3,"turns":2},{"damage":6,"enemies":"Looter","floor":4,"turns":4},{"damage":24,"enemies":"Lagavulin","floor":7,"turns":6},{"damage":8,"enemies":"3 Louse","floor":8,"turns":3},{"damage":2,"enemies":"Red Slaver","floor":13,"turns":4},{"damage":4,"enemies":"Slime Boss","floor":16,"turns":11},{"damage":11,"enemies":"Spheric Guardian","floor":18,"turns":6},{"damage":20,"enemies":"2 Thieves","floor":21,"turns":5},{"damage":16,"enemies":"Shelled Parasite and Fungi","floor":22,"turns":5},{"damage":24,"enemies":"Gremlin Leader","floor":25,"turns":5}],"seed_played":"-5664588518986350792","potions_obtained":[{"floor":1,"key":"SteroidPotion"},{"floor":4,"key":"SteroidPotion"},{"floor":8,"key":"Strength Potion"},{"floor":16,"key":"FearPotion"},{"floor":21,"key":"FocusPotion"},{"floor":24,"key":"SneckoOil"}],"is_trial":false,"path_per_floor":["M","M","M","M","?","R","E","M","T","R","?","R","M","?","R","B",null,"M","?","?","M","M","R","?","E"],"character_chosen":"DEFECT","items_purchased":[],"campfire_rested":2,"item_purchase_floors":[],"current_hp_per_floor":[74,74,74,68,61,61,37,29,29,51,51,51,49,67,67,63,75,64,64,64,44,28,50,50,26],"gold":216,"neow_bonus":"REMOVE_CARD","is_prod":false,"is_daily":false,"chose_seed":false,"campfire_upgraded":3,"win_rate":0,"timestamp":1551214364,"path_taken":["M","?","M","M","?","R","E","M","T","R","?","R","M","?","R","BOSS","M","?","?","M","M","R","?","E"],"build_version":"2019-01-23","purchased_purges":0,"victory":false,"max_hp_per_floor":[75,75,75,75,75,75,75,75,75,75,75,75,75,75,75,75,75,75,75,75,75,75,75,75,75],"card_choices":[{"not_picked":["Recycle","Ball Lightning"],"picked":"Conserve Battery","floor":1},{"not_picked":["Sweeping Beam","Fusion"],"picked":"Leap","floor":2},{"not_picked":["Lockon","Go for the Eyes"],"picked":"Ball Lightning","floor":3},{"not_picked":["Beam Cell","Hyperbeam"],"picked":"Coolheaded","floor":4},{"not_picked":["Recycle","Compile Driver"],"picked":"Cold Snap","floor":7},{"not_picked":["Steam Power","Stack"],"picked":"Steam","floor":8},{"not_picked":["Ball Lightning","Tempest"],"picked":"Loop","floor":13},{"not_picked":["Hyperbeam","Thunder Strike"],"picked":"Amplify","floor":16},{"not_picked":["Conserve Battery","Double Energy"],"picked":"Hello World","floor":17},{"not_picked":["Coolheaded","Beam Cell"],"picked":"Rebound","floor":17},{"not_picked":["Go for the Eyes","Sweeping Beam"],"picked":"Reinforced Body","floor":17},{"not_picked":["Conserve Battery","Turbo"],"picked":"Rainbow","floor":17},{"not_picked":["Reinforced Body","Gash"],"picked":"Capacitor","floor":17},{"not_picked":["Gash","Auto Shields"],"picked":"Melter","floor":18},{"not_picked":["Chaos","Conserve Battery"],"picked":"Cold Snap","floor":21},{"not_picked":["Rebound","Tempest+1"],"picked":"Glacier+1","floor":22}],"player_experience":480044,"relics_obtained":[{"floor":7,"key":"Juzu Bracelet"},{"floor":9,"key":"Blue Candle"}],"event_choices":[{"cards_removed":["Defend_B"],"damage_healed":0,"gold_gain":0,"player_choice":"Card Removal","damage_taken":7,"max_hp_gain":0,"max_hp_loss":0,"event_name":"Golden Wing","floor":5,"gold_loss":0},{"damage_healed":0,"gold_gain":0,"cards_transformed":["Strike_B"],"player_choice":"Change","damage_taken":0,"max_hp_gain":0,"max_hp_loss":0,"event_name":"Living Wall","floor":11,"gold_loss":0,"cards_obtained":["Chill"]},{"damage_healed":18,"gold_gain":0,"player_choice":"Healed","damage_taken":0,"max_hp_gain":0,"max_hp_loss":0,"event_name":"The Cleric","floor":14,"gold_loss":35},{"cards_removed":["Strike_B"],"damage_healed":0,"gold_gain":0,"player_choice":"Gave Gold","damage_taken":0,"max_hp_gain":0,"max_hp_loss":0,"event_name":"Beggar","floor":19,"gold_loss":75},{"damage_healed":0,"gold_gain":0,"player_choice":"Copied","damage_taken":0,"max_hp_gain":0,"max_hp_loss":0,"event_name":"Duplicator","floor":20,"gold_loss":0,"cards_obtained":["Zap"]},{"damage_healed":0,"gold_gain":0,"player_choice":"Bought 1 Potion","damage_taken":0,"max_hp_gain":0,"max_hp_loss":0,"event_name":"The Woman in Blue","floor":24,"gold_loss":0}],"is_beta":false,"boss_relics":[{"not_picked":["FrozenCore","Tiny House"],"picked":"Orrery"}],"items_purged_floors":[],"is_endless":false,"potions_floor_spawned":[1,4,8,16,21],"killed_by":"Gremlin Leader","ascension_level":2}