{"gold_per_floor":[119,138,156,156,168,203,203,230,306,306,340,354,365,384,384,488,488,529,541,556,601,67,100,100,134,158,158,175,175,175,43,43,147,147,165,176,188,188,208,208,208,260,307,307,333,351,157,174,174,174],"floor_reached":51,"playtime":1918,"items_purged":["Juggernaut+1"],"score":1239,"play_id":"aab39ba4-d927-41d0-8c8f-917eba3fc253","local_time":"20180729033525","daily_mods":["Draft","Cursed Run","Lethality","Vintage"],"is_ascension_mode":false,"campfire_choices":[{"data":"Pummel","floor":10,"key":"SMITH"},{"data":"Heavy Blade","floor":15,"key":"SMITH"},{"floor":24,"key":"REST"},{"floor":32,"key":"REST"},{"floor":40,"key":"REST"},{"floor":44,"key":"REST"},{"floor":49,"key":"REST"}],"neow_cost":"","seed_source_timestamp":0,"circlet_count":0,"master_deck":["Twin Strike+1","Pummel","Rage+1","Rage","Twin Strike+1","Cleave","Metallicize+1","Headbutt","Metallicize","Pummel+1","Heavy Blade+1","Rage","Cleave","Shrug It Off","Immolate+1","Reaper","Injury","Heavy Blade+1","Twin Strike+1","Clash+1","Injury","Flex+1","Iron Wave+1","Doubt","Double Tap","Double Tap+1","Feed+1","Parasite","Thunderclap+1","Doubt","Writhe","Thunderclap+1","Twin Strike+1","Double Tap+1","Flex+1","Reckless Charge+1","Pain"],"relics":["Cursed Key","Darkstone Periapt","Du-Vu Doll","Bottled Flame","Meat on the Bone","Omamori","Turnip","Dream Catcher","Juzu Bracelet","Blood Vial","Pantograph","Bag of Marbles","Anchor","Bronze Scales","The Courier","Letter Opener","Fusion Hammer","Tiny Chest","Molten Egg 2","Dodecahedron","Pen Nib","Membership Card","Vajra","Calipers","Mercury Hourglass","Regal Pillow","Centennial Puzzle","Red Skull","Bag of Preparation","Nilry\u0027s Codex","Oddly Smooth Stone","Matryoshka","Astrolabe","Potion Belt","Shuriken","Gremlin Horn","Art of War","Ancient Tea Set","Toxic Egg 2","Ginger","War Paint","Whetstone","Strawberry","Lantern","Happy Flower","Frozen Egg 2"],"potions_floor_usage":[25,50,50,50],"damage_taken":[{"damage":0,"enemies":"Small Slimes","floor":1,"turns":1},{"damage":0,"enemies":"Jaw Worm","floor":2,"turns":1},{"damage":0,"enemies":"Cultist","floor":3,"turns":2},{"damage":0,"enemies":"Exordium Thugs","floor":5,"turns":2},{"damage":0,"enemies":"3 Sentries","floor":6,"turns":3},{"damage":0,"enemies":"Lagavulin","floor":8,"turns":3},{"damage":0,"enemies":"Gremlin Nob","floor":11,"turns":2},{"damage":0,"enemies":"Looter","floor":12,"turns":1},{"damage":0,"enemies":"Lots of Slimes","floor":13,"turns":1},{"damage":0,"enemies":"Exordium Wildlife","floor":14,"turns":1},{"damage":28,"enemies":"The Guardian","floor":16,"turns":6},{"damage":0,"enemies":"2 Thieves","floor":18,"turns":2},{"damage":0,"enemies":"Spheric Guardian","floor":19,"turns":2},{"damage":0,"enemies":"3 Cultists","floor":20,"turns":2},{"damage":0,"enemies":"Slavers","floor":23,"turns":2},{"damage":14,"enemies":"Gremlin Leader","floor":25,"turns":2},{"damage":0,"enemies":"Centurion and Healer","floor":28,"turns":1},{"damage":0,"enemies":"Collector","floor":33,"turns":2},{"damage":0,"enemies":"Flame Bruiser 1 Orb","floor":35,"turns":1},{"damage":0,"enemies":"3 Darklings","floor":36,"turns":1},{"damage":0,"enemies":"Maw","floor":37,"turns":1},{"damage":0,"enemies":"4 Shapes","floor":39,"turns":1},{"damage":0,"enemies":"2 Orb Walkers","floor":45,"turns":1},{"damage":0,"enemies":"Spire Growth","floor":46,"turns":1},{"damage":0,"enemies":"3 Darklings","floor":48,"turns":1},{"damage":0,"enemies":"Donu and Deca","floor":50,"turns":2}],"seed_played":"-2789354528682945724","potions_obtained":[{"floor":1,"key":"Poison Potion"},{"floor":2,"key":"SpeedPotion"},{"floor":8,"key":"Swift Potion"},{"floor":16,"key":"PowerPotion"},{"floor":19,"key":"LiquidBronze"},{"floor":23,"key":"AttackPotion"},{"floor":25,"key":"Explosive Potion"},{"floor":28,"key":"Regen Potion"},{"floor":35,"key":"Swift Potion"},{"floor":45,"key":"Swift Potion"},{"floor":46,"key":"EssenceOfSteel"}],"is_trial":true,"path_per_floor":["M","M","M","?","M","E","?","E","T","R","E","M","M","M","R","B",null,"M","M","M","T","$","E","R","E","T","?","M","?","?","$","R","B",null,"M","M","M","T","M","R","?","T","T","R","E","M","$","M","R","B"],"character_chosen":"IRONCLAD","items_purchased":["Heavy Blade+1","Membership Card","Vajra","Calipers","Flex","Oddly Smooth Stone","Double Tap+1","Flex+1"],"campfire_rested":5,"item_purchase_floors":[22,22,22,22,31,31,47,47],"current_hp_per_floor":[80,80,80,77,77,77,61,61,61,61,63,65,67,69,69,52,80,80,80,80,86,86,86,86,72,78,78,80,80,64,64,92,98,98,98,98,98,104,104,104,104,110,123,123,123,123,123,123,123,129],"gold":174,"neow_bonus":"","is_prod":false,"is_daily":false,"chose_seed":false,"campfire_upgraded":2,"win_rate":0,"timestamp":1532849725,"path_taken":["M","M","M","?","M","E","?","E","T","R","E","M","M","M","R","BOSS","M","M","M","?","$","E","R","E","T","?","M","?","?","$","R","BOSS","M","M","M","?","M","R","?","?","T","R","E","M","$","M","R","BOSS"],"build_version":"2018-07-26","purchased_purges":1,"victory":true,"max_hp_per_floor":[80,80,80,80,80,80,80,80,80,80,80,80,80,80,80,80,80,80,80,80,86,86,86,86,86,92,92,92,92,92,92,92,98,98,98,98,98,104,104,104,104,110,123,123,123,123,123,123,123,129],"card_choices":[{"not_picked":["Dual Wield","Anger"],"picked":"Twin Strike","floor":0},{"not_picked":["Carnage","Anger"],"picked":"Pummel","floor":0},{"not_picked":["Headbutt","True Grit"],"picked":"Rage","floor":0},{"not_picked":["Flex","Seeing Red"],"picked":"Rage","floor":0},{"not_picked":["Wild Strike","Bloodletting"],"picked":"Flame Barrier","floor":0},{"not_picked":["Shrug It Off","Blood for Blood"],"picked":"Twin Strike","floor":0},{"not_picked":["Pommel Strike","True Grit"],"picked":"Cleave","floor":0},{"not_picked":["Burning Pact","Armaments"],"picked":"Metallicize","floor":0},{"not_picked":["Perfected Strike","Headbutt"],"picked":"Iron Wave","floor":0},{"not_picked":["Battle Trance","Flex"],"picked":"Headbutt","floor":0},{"not_picked":["True Grit","Havoc"],"picked":"Metallicize","floor":0},{"not_picked":["Pommel Strike","Second Wind"],"picked":"Pummel","floor":0},{"not_picked":["Metallicize","Flex"],"picked":"Heavy Blade","floor":0},{"not_picked":["Armaments","Flame Barrier"],"picked":"Rage","floor":0},{"not_picked":["Entrench","Intimidate"],"picked":"Cleave","floor":0},{"not_picked":["Perfected Strike","True Grit"],"picked":"Shrug It Off","floor":6},{"not_picked":["Evolve","Pommel Strike"],"picked":"Immolate","floor":8},{"not_picked":["Rage","Pommel Strike"],"picked":"Infernal Blade","floor":11},{"not_picked":["Dark Embrace","Immolate"],"picked":"Reaper","floor":16},{"not_picked":["Carnage+1","Second Wind"],"picked":"Twin Strike+1","floor":23},{"not_picked":["Cleave+1","Armaments"],"picked":"Clash+1","floor":24},{"not_picked":["Shrug It Off+1","Twin Strike+1"],"picked":"Impervious","floor":25},{"not_picked":["Twin Strike+1","Bloodletting+1"],"picked":"Iron Wave+1","floor":32},{"not_picked":["Fiend Fire+1","Juggernaut"],"picked":"Double Tap","floor":33},{"not_picked":["Havoc+1","Headbutt+1"],"picked":"Thunderclap+1","floor":40},{"not_picked":["Headbutt+1","Rupture+1"],"picked":"Thunderclap+1","floor":44},{"not_picked":["Shrug It Off+1","Body Slam+1"],"picked":"Twin Strike+1","floor":45},{"not_picked":["Havoc+1","Thunderclap+1"],"picked":"Reckless Charge+1","floor":49}],"player_experience":422440,"relics_obtained":[{"floor":1,"key":"Bottled Flame"},{"floor":2,"key":"Meat on the Bone"},{"floor":3,"key":"Omamori"},{"floor":5,"key":"Dream Catcher"},{"floor":6,"key":"Juzu Bracelet"},{"floor":8,"key":"Blood Vial"},{"floor":9,"key":"Pantograph"},{"floor":11,"key":"Bag of Marbles"},{"floor":12,"key":"Anchor"},{"floor":13,"key":"Bronze Scales"},{"floor":14,"key":"The Courier"},{"floor":16,"key":"Letter Opener"},{"floor":18,"key":"Tiny Chest"},{"floor":19,"key":"Molten Egg 2"},{"floor":20,"key":"Dodecahedron"},{"floor":21,"key":"Pen Nib"},{"floor":23,"key":"Mercury Hourglass"},{"floor":25,"key":"Regal Pillow"},{"floor":26,"key":"Centennial Puzzle"},{"floor":28,"key":"Red Skull"},{"floor":30,"key":"Nilry\u0027s Codex"},{"floor":33,"key":"Matryoshka"},{"floor":35,"key":"Potion Belt"},{"floor":36,"key":"Shuriken"},{"floor":37,"key":"Gremlin Horn"},{"floor":38,"key":"Art of War"},{"floor":38,"key":"Ancient Tea Set"},{"floor":39,"key":"Toxic Egg 2"},{"floor":42,"key":"War Paint"},{"floor":42,"key":"Whetstone"},{"floor":43,"key":"Strawberry"},{"floor":45,"key":"Lantern"},{"floor":46,"key":"Happy Flower"},{"floor":48,"key":"Frozen Egg 2"}],"event_choices":[{"event_name":"Scrap Ooze","player_choice":"success","floor":4,"damage_taken":3},{"event_name":"Shining Light","player_choice":"Entered Light","floor":7,"damage_taken":0},{"event_name":"Back to Basics","player_choice":"Elegance","floor":27,"damage_taken":0},{"event_name":"The Mausoleum","player_choice":"Yes","floor":29,"damage_taken":0},{"event_name":"Cursed Tome","player_choice":"Obtained Book","floor":30,"damage_taken":0},{"event_name":"WeMeetAgain","player_choice":"Potion","floor":41,"damage_taken":0}],"is_beta":false,"boss_relics":[{"not_picked":["Runic Cube","White Beast Statue"],"picked":"Fusion Hammer"},{"not_picked":["Philosopher\u0027s Stone","Runic Dome"],"picked":"Astrolabe"}],"items_purged_floors":[47],"is_endless":false,"potions_floor_spawned":[1,2,8,12,16,19,23,25,28,35,45,46],"ascension_level":0}