{"gold_per_floor":[112,129,139,139,153,178,192,221,245,262,232,18,31,45,45,145,145,157,173,83,97,112,145,145,174,227,237,267,267,286,319,319,421,421,431,442,492,592,610,637,637,664,703,25,25,354,371,400,400,400,400,400,25,50,50],"floor_reached":56,"playtime":9147,"items_purged":["Strike_B"],"score":1726,"play_id":"49dd7e1f-4515-4f93-9963-7bed2b4fe95c","local_time":"20190106032459","is_ascension_mode":true,"campfire_choices":[{"data":"Chaos","floor":15,"key":"SMITH"},{"data":"Capacitor","floor":24,"key":"SMITH"},{"data":"White Noise","floor":29,"key":"SMITH"},{"data":"Defragment","floor":32,"key":"SMITH"},{"data":"Seek","floor":45,"key":"SMITH"},{"floor":49,"key":"RECALL"},{"data":"Machine Learning","floor":52,"key":"SMITH"}],"neow_cost":"NONE","seed_source_timestamp":1225624932674466,"circlet_count":0,"master_deck":["Strike_B+1","Defend_B","Defend_B","Defend_B","Defend_B","Zap","Dualcast","Blind","Coolheaded","Leap","Streamline","Seek+1","Glacier","Melter","Self Repair","Auto Shields","Capacitor+1","Chaos+1","Machine Learning+1","Echo Form","Cold Snap+1","Barrage+1","Undo+1","Rebound+1","White Noise+1","White Noise","Defragment+1","Glacier+1","Seek","Conserve Battery+1","Parasite","Stack+1","White Noise+1","Master of Strategy","Loop"],"relics":["Cracked Core","Pocketwatch","Ornamental Fan","Happy Flower","Coffee Dripper","Lantern","Whetstone","Question Card","Red Mask","Busted Crown","FossilizedHelix","Bird Faced Urn","Ancient Tea Set","MawBank","Bag of Marbles","DataDisk","ClockworkSouvenir","Potion Belt","Old Coin","Kunai","Gambling Chip","Turnip"],"potions_floor_usage":[8,13,16,23,25,28,31,55,55,55],"damage_taken":[{"damage":1,"enemies":"2 Louse","floor":1,"turns":3},{"damage":0,"enemies":"Small Slimes","floor":2,"turns":2},{"damage":0,"enemies":"Cultist","floor":3,"turns":5},{"damage":4,"enemies":"Exordium Wildlife","floor":5,"turns":5},{"damage":13,"enemies":"Lagavulin","floor":6,"turns":9},{"damage":16,"enemies":"Lots of Slimes","floor":7,"turns":4},{"damage":25,"enemies":"Gremlin Nob","floor":8,"turns":5},{"damage":2,"enemies":"Blue Slaver","floor":10,"turns":3},{"damage":17,"enemies":"Exordium Wildlife","floor":13,"turns":6},{"damage":3,"enemies":"Looter","floor":14,"turns":4},{"damage":0,"enemies":"The Guardian","floor":16,"turns":12},{"damage":1,"enemies":"Chosen","floor":18,"turns":8},{"damage":3,"enemies":"Shell Parasite","floor":19,"turns":4},{"damage":0,"enemies":"Snecko","floor":21,"turns":7},{"damage":7,"enemies":"Snake Plant","floor":22,"turns":7},{"damage":4,"enemies":"Book of Stabbing","floor":23,"turns":8},{"damage":12,"enemies":"Slavers","floor":25,"turns":8},{"damage":19,"enemies":"Centurion and Healer","floor":27,"turns":6},{"damage":7,"enemies":"Book of Stabbing","floor":28,"turns":7},{"damage":0,"enemies":"3 Cultists","floor":30,"turns":6},{"damage":41,"enemies":"Masked Bandits","floor":31,"turns":5},{"damage":39,"enemies":"Collector","floor":33,"turns":10},{"damage":26,"enemies":"3 Darklings","floor":35,"turns":8},{"damage":12,"enemies":"3 Shapes","floor":36,"turns":6},{"damage":47,"enemies":"2 Orb Walkers","floor":37,"turns":10},{"damage":0,"enemies":"Mind Bloom Boss Battle","floor":38,"turns":7},{"damage":0,"enemies":"Writhing Mass","floor":39,"turns":6},{"damage":0,"enemies":"Nemesis","floor":40,"turns":8},{"damage":54,"enemies":"Reptomancer","floor":42,"turns":7},{"damage":0,"enemies":"Giant Head","floor":46,"turns":8},{"damage":32,"enemies":"4 Shapes","floor":47,"turns":5},{"damage":0,"enemies":"Nemesis","floor":48,"turns":8},{"damage":24,"enemies":"Awakened One","floor":50,"turns":15},{"damage":71,"enemies":"Shield and Spear","floor":54,"turns":10},{"damage":65,"enemies":"The Heart","floor":55,"turns":13}],"seed_played":"-6554780052627326721","potions_obtained":[{"floor":1,"key":"AttackPotion"},{"floor":5,"key":"Explosive Potion"},{"floor":11,"key":"Explosive Potion"},{"floor":11,"key":"FairyPotion"},{"floor":13,"key":"Weak Potion"},{"floor":16,"key":"Strength Potion"},{"floor":19,"key":"Block Potion"},{"floor":23,"key":"Dexterity Potion"},{"floor":25,"key":"Energy Potion"},{"floor":30,"key":"FocusPotion"},{"floor":33,"key":"FearPotion"},{"floor":37,"key":"GamblersBrew"},{"floor":40,"key":"Block Potion"},{"floor":42,"key":"Weak Potion"}],"is_trial":false,"path_per_floor":["M","M","M","?","M","E","M","E","T","M","?","$","M","M","R","B",null,"M","M","?","M","M","E","R","E","T","M","E","R","M","?","R","B",null,"M","M","?","?","M","E","?","E","T","$","R","E","M","E","R","B",null,"R","$","E","B",null],"character_chosen":"DEFECT","items_purchased":["Capacitor","Chaos","DataDisk","ClockworkSouvenir","Potion Belt","Master of Strategy","Gambling Chip","EssenceOfSteel"],"campfire_rested":0,"item_purchase_floors":[12,12,44,44,44,44,53,53],"current_hp_per_floor":[74,74,74,79,75,62,46,21,21,26,26,26,16,20,20,27,67,73,77,77,80,80,80,80,80,80,75,80,80,80,53,53,21,65,53,55,8,22,34,62,62,44,44,44,44,80,61,80,80,76,79,79,79,41,35],"gold":50,"neow_bonus":"RANDOM_COLORLESS","is_prod":false,"is_daily":false,"chose_seed":false,"campfire_upgraded":6,"win_rate":0,"timestamp":1546766699,"path_taken":["M","M","M","?","M","E","M","E","T","M","?","$","M","?","R","BOSS","M","M","?","M","M","E","R","E","T","M","E","R","?","?","R","BOSS","M","M","?","?","?","E","?","E","T","$","R","E","M","E","R","BOSS","R","$","E","BOSS"],"build_version":"2019-01-03v4","purchased_purges":1,"victory":true,"max_hp_per_floor":[75,75,75,80,80,80,80,80,80,80,80,80,80,80,80,80,80,80,80,80,80,80,80,80,80,80,80,80,80,80,80,80,80,80,80,80,80,80,80,80,80,80,80,80,80,80,80,80,80,80,80,80,80,80,80],"card_choices":[{"not_picked":["Force Field","Hologram"],"picked":"Coolheaded","floor":1},{"not_picked":["Force Field","Stack"],"picked":"Leap","floor":2},{"not_picked":["Barrage","Sweeping Beam"],"picked":"Streamline","floor":3},{"not_picked":["Coolheaded","Compile Driver"],"picked":"Seek","floor":5},{"not_picked":["Rebound","Stack"],"picked":"Glacier","floor":6},{"not_picked":["Rebound","Steam"],"picked":"Melter","floor":7},{"not_picked":["Gash","Rip and Tear"],"picked":"Self Repair","floor":8},{"not_picked":["Steam","Gash"],"picked":"Auto Shields","floor":10},{"not_picked":["Coolheaded","Go for the Eyes","Beam Cell"],"picked":"SKIP","floor":13},{"not_picked":["Go for the Eyes","Beam Cell"],"picked":"Machine Learning","floor":14},{"not_picked":["Fission","All For One"],"picked":"Echo Form","floor":16},{"not_picked":["Heatsinks+1","Ball Lightning"],"picked":"Cold Snap","floor":18},{"not_picked":["Stack","Barrage","Double Energy"],"picked":"SKIP","floor":19},{"not_picked":["Self Repair","Leap+1"],"picked":"Barrage+1","floor":21},{"not_picked":["Rebound","Cold Snap"],"picked":"Undo+1","floor":22},{"not_picked":["Static Discharge+1","Amplify"],"picked":"Rebound","floor":23},{"not_picked":["Streamline","BootSequence"],"picked":"White Noise","floor":25},{"not_picked":["Conserve Battery","Cold Snap+1"],"picked":"White Noise","floor":27},{"not_picked":["Streamline","Static Discharge","Double Energy"],"picked":"SKIP","floor":28},{"not_picked":["Redo+1","Rebound+1","Beam Cell"],"picked":"Defragment","floor":30},{"not_picked":["Beam Cell","Stack","Genetic Algorithm"],"picked":"Glacier+1","floor":31},{"not_picked":["Creative AI","Machine Learning","Fission"],"picked":"Seek","floor":33},{"not_picked":["Beam Cell+1","Go for the Eyes+1"],"picked":"SKIP","floor":35},{"not_picked":["Beam Cell"],"picked":"Conserve Battery+1","floor":36},{"not_picked":["Stack+1","Sweeping Beam+1"],"picked":"SKIP","floor":39},{"not_picked":["Sweeping Beam+1"],"picked":"Stack+1","floor":39},{"not_picked":["Skim"],"picked":"White Noise+1","floor":40},{"not_picked":["Blizzard","Streamline"],"picked":"SKIP","floor":42},{"not_picked":["Multi-Cast","Sweeping Beam+1"],"picked":"SKIP","floor":46},{"not_picked":["Sunder+1","Streamline"],"picked":"SKIP","floor":47},{"not_picked":["Reboot","Reinforced Body"],"picked":"SKIP","floor":48},{"not_picked":["Static Discharge+1"],"picked":"Loop","floor":54}],"player_experience":488100,"relics_obtained":[{"floor":6,"key":"Pocketwatch"},{"floor":8,"key":"Ornamental Fan"},{"floor":9,"key":"Happy Flower"},{"floor":23,"key":"Lantern"},{"floor":25,"key":"Whetstone"},{"floor":28,"key":"Question Card"},{"floor":31,"key":"Red Mask"},{"floor":37,"key":"FossilizedHelix"},{"floor":38,"key":"Bird Faced Urn"},{"floor":40,"key":"Ancient Tea Set"},{"floor":42,"key":"MawBank"},{"floor":43,"key":"Bag of Marbles"},{"floor":46,"key":"Old Coin"},{"floor":48,"key":"Kunai"},{"floor":54,"key":"Turnip"}],"event_choices":[{"damage_healed":0,"gold_gain":0,"player_choice":"Donut","damage_taken":0,"max_hp_gain":5,"max_hp_loss":0,"event_name":"Big Fish","floor":4,"gold_loss":0},{"damage_healed":0,"gold_gain":0,"player_choice":"Bought 2 Potions","damage_taken":0,"max_hp_gain":0,"max_hp_loss":0,"event_name":"The Woman in Blue","floor":11,"gold_loss":0},{"cards_removed":["Strike_B"],"damage_healed":0,"gold_gain":0,"player_choice":"Upgrade and Remove","damage_taken":0,"max_hp_gain":0,"max_hp_loss":0,"event_name":"Designer","floor":20,"gold_loss":90,"cards_upgraded":["Cold Snap"]},{"damage_healed":0,"gold_gain":0,"player_choice":"Fought Bandits","damage_taken":0,"max_hp_gain":0,"max_hp_loss":0,"event_name":"Masked Bandits","floor":31,"gold_loss":0},{"damage_healed":0,"gold_gain":0,"player_choice":"Fight","damage_taken":0,"max_hp_gain":0,"max_hp_loss":0,"event_name":"Mysterious Sphere","floor":37,"gold_loss":0},{"damage_healed":0,"gold_gain":0,"player_choice":"Fight","damage_taken":0,"max_hp_gain":0,"max_hp_loss":0,"event_name":"MindBloom","floor":38,"gold_loss":0},{"cards_removed":["Strike_B"],"damage_healed":0,"gold_gain":0,"player_choice":"Removed Attack","damage_taken":0,"max_hp_gain":0,"max_hp_loss":0,"event_name":"Falling","floor":41,"gold_loss":0}],"is_beta":false,"boss_relics":[{"not_picked":["Velvet Choker","Eternal Feather"],"picked":"Coffee Dripper"},{"not_picked":["Pandora\u0027s Box","Nuclear Battery"],"picked":"Busted Crown"}],"items_purged_floors":[12],"is_endless":false,"potions_floor_spawned":[1,5,13,14,16,19,23,25,30,33,36,37,40,42],"ascension_level":5}