{"gold_per_floor":[114,128,141,156,156,197,197,216,216,216,216,216,216,241,241,362,362,381,52,0,20,20,20],"floor_reached":23,"playtime":7505,"items_purged":["Strike_B"],"score":210,"play_id":"6322fec4-9d08-4138-9657-849a88c4d4c1","local_time":"20190226145351","is_ascension_mode":true,"campfire_choices":[{"floor":7.0,"key":"REST"},{"floor":10.0,"key":"REST"},{"data":"Zap","floor":12.0,"key":"SMITH"},{"data":"Defragment","floor":15.0,"key":"SMITH"}],"neow_cost":"NONE","seed_source_timestamp":0,"circlet_count":0,"master_deck":["Strike_B","Strike_B","Defend_B","Defend_B","Defend_B","Defend_B","Zap+1","Dualcast","Sweeping Beam","Sunder","Self Repair","Sweeping Beam","Tempest","Loop","Amplify","Parasite","Defragment+1","Seek","Hologram","Ball Lightning","Conserve Battery"],"special_seed":0,"relics":["Cracked Core","Du-Vu Doll","Bottled Lightning","PreservedInsect","Black Star","Mummified Hand","Nloth\u0027s Gift"],"potions_floor_usage":[],"damage_taken":[{"damage":11.0,"enemies":"2 Louse","floor":1.0,"turns":2.0},{"damage":4.0,"enemies":"Small Slimes","floor":2.0,"turns":2.0},{"damage":6.0,"enemies":"Cultist","floor":3.0,"turns":4.0},{"damage":7.0,"enemies":"2 Fungi Beasts","floor":4.0,"turns":3.0},{"damage":40.0,"enemies":"Gremlin Nob","floor":6.0,"turns":4.0},{"damage":18.0,"enemies":"Exordium Thugs","floor":8.0,"turns":4.0},{"damage":11.0,"enemies":"Blue Slaver","floor":14.0,"turns":4.0},{"damage":41.0,"enemies":"Hexaghost","floor":16.0,"turns":8.0},{"damage":11,"enemies":"Spheric Guardian","floor":18,"turns":3},{"damage":26,"enemies":"2 Thieves","floor":20,"turns":4},{"damage":18,"enemies":"Snecko","floor":21,"turns":3},{"damage":47,"enemies":"Slavers","floor":23,"turns":2}],"seed_played":"-6607843435449624373","potions_obtained":[{"floor":1.0,"key":"FearPotion"},{"floor":3.0,"key":"Regen Potion"},{"floor":8.0,"key":"GamblersBrew"},{"floor":18,"key":"Strength Potion"}],"is_trial":false,"path_per_floor":["M","M","M","M","?","E","R","M","T","R","?","R","?","M","R","B",null,"M","$","M","M","?","E"],"character_chosen":"DEFECT","items_purchased":["Mummified Hand"],"campfire_rested":2,"item_purchase_floors":[19],"current_hp_per_floor":[64,60,61,61,43,10,32,21,21,43,25,25,43,46,46,27,75,71,71,52,41,41,0],"gold":20,"neow_bonus":"TRANSFORM_CARD","is_prod":false,"is_daily":false,"chose_seed":false,"campfire_upgraded":2,"win_rate":0,"timestamp":1551210831,"path_taken":["M","M","M","M","?","E","R","M","T","R","?","R","?","M","R","BOSS","M","$","M","M","?","E"],"build_version":"2019-01-23","purchased_purges":1,"victory":false,"max_hp_per_floor":[75,75,75,75,75,75,75,75,75,75,75,75,75,75,75,75,75,75,75,75,75,75,75],"card_choices":[{"not_picked":["Lockon","Defragment"],"picked":"Sunder","floor":1.0},{"not_picked":["Leap","Sweeping Beam"],"picked":"Self Repair","floor":2.0},{"not_picked":["Barrage","Steam Power"],"picked":"Sweeping Beam","floor":3.0},{"not_picked":["Heatsinks","Capacitor"],"picked":"Tempest","floor":4.0},{"not_picked":["Sunder","Turbo"],"picked":"Loop","floor":6.0},{"not_picked":["Gash","Hologram"],"picked":"Amplify","floor":8.0},{"not_picked":["Stack","Go for the Eyes"],"picked":"Defragment","floor":14.0},{"not_picked":["Multi-Cast","Hyperbeam"],"picked":"Seek","floor":16.0},{"not_picked":["Streamline","Cold Snap"],"picked":"Hologram","floor":18},{"not_picked":["Steam","Sweeping Beam"],"picked":"Ball Lightning","floor":20},{"not_picked":["Consume","Double Energy"],"picked":"Conserve Battery","floor":21}],"player_experience":472089,"relics_obtained":[{"floor":6.0,"key":"Du-Vu Doll"},{"floor":9.0,"key":"Bottled Lightning"}],"event_choices":[{"damage_healed":0.0,"max_hp_gain":0.0,"max_hp_loss":0.0,"gold_gain":0.0,"event_name":"Golden Idol","player_choice":"Take Damage","floor":5.0,"gold_loss":0.0,"damage_taken":18.0,"relics_obtained":["Golden Idol"]},{"damage_healed":0.0,"max_hp_gain":0.0,"max_hp_loss":0.0,"gold_gain":0.0,"event_name":"Scrap Ooze","player_choice":"Success","floor":11.0,"gold_loss":0.0,"damage_taken":18.0,"relics_obtained":["PreservedInsect"]},{"damage_healed":18.0,"max_hp_gain":0.0,"max_hp_loss":0.0,"gold_gain":0.0,"event_name":"Mushrooms","player_choice":"Healed and dodged fight","floor":13.0,"gold_loss":0.0,"damage_taken":0.0,"cards_obtained":["Parasite"]},{"damage_healed":0,"gold_gain":0,"player_choice":"Traded Relic","damage_taken":0,"relics_obtained":["Nloth\u0027s Gift"],"max_hp_gain":0,"max_hp_loss":0,"event_name":"N\u0027loth","floor":22,"relics_lost":["Golden Idol"],"gold_loss":0}],"is_beta":false,"boss_relics":[{"not_picked":["Coffee Dripper","Velvet Choker"],"picked":"Black Star"}],"items_purged_floors":[19],"is_endless":false,"potions_floor_spawned":[1,3,8,14,18,21],"killed_by":"Slavers","ascension_level":2}