{"gold_per_floor":[113,188,45,64,64,64,95,115,115,115],"floor_reached":10,"playtime":412,"items_purged":["Strike_B"],"score":83,"play_id":"620f55f4-9b9a-45b0-a637-b6647e6b21ab","local_time":"20190105083234","is_ascension_mode":true,"campfire_choices":[{"data":"Streamline","floor":6.0,"key":"SMITH"}],"neow_cost":"TEN_PERCENT_HP_LOSS","seed_source_timestamp":1166144769718224,"circlet_count":0,"master_deck":["Strike_B","Strike_B","Defend_B","Defend_B","Defend_B","Defend_B","Zap","Dualcast","Rebound","Loop","Streamline+1","Genetic Algorithm"],"special_seed":0,"relics":["Cracked Core","Ginger","Cables","Pocketwatch"],"potions_floor_usage":[10],"damage_taken":[{"damage":7.0,"enemies":"Jaw Worm","floor":1.0,"turns":3.0},{"damage":0.0,"enemies":"Small Slimes","floor":4.0,"turns":3.0},{"damage":40,"enemies":"3 Sentries","floor":7,"turns":6},{"damage":0,"enemies":"Cultist","floor":8,"turns":3},{"damage":14,"enemies":"Exordium Thugs","floor":10,"turns":1}],"seed_played":"4330983469902435589","potions_obtained":[{"floor":4.0,"key":"FearPotion"}],"is_trial":false,"path_per_floor":["M","?","$","M","?","R","E","M","T","M"],"character_chosen":"DEFECT","items_purchased":["Loop"],"campfire_rested":0,"item_purchase_floors":[3],"current_hp_per_floor":[61,50,50,50,43,43,3,3,3,0],"gold":115,"neow_bonus":"ONE_RARE_RELIC","is_prod":false,"is_daily":false,"chose_seed":false,"campfire_upgraded":1,"win_rate":0,"timestamp":1546698754,"path_taken":["M","?","$","M","?","R","E","M","T","M"],"build_version":"2019-01-03v4","purchased_purges":1,"victory":false,"max_hp_per_floor":[68,68,68,68,68,68,68,68,68,68],"card_choices":[{"not_picked":["Redo","Stack"],"picked":"Rebound","floor":1.0},{"not_picked":["Darkness","Compile Driver"],"picked":"Streamline","floor":4.0},{"not_picked":["Lockon","Fission","Sunder"],"picked":"SKIP","floor":7},{"not_picked":["Conserve Battery","Stack"],"picked":"Genetic Algorithm","floor":8}],"player_experience":467519,"relics_obtained":[{"floor":7,"key":"Cables"},{"floor":9,"key":"Pocketwatch"}],"event_choices":[{"damage_healed":0.0,"max_hp_gain":0.0,"max_hp_loss":0.0,"gold_gain":75.0,"event_name":"World of Goop","player_choice":"Gather Gold","floor":2.0,"gold_loss":0.0,"damage_taken":11.0},{"cards_removed":["Strike_B"],"damage_healed":0.0,"max_hp_gain":0.0,"max_hp_loss":0.0,"gold_gain":0.0,"event_name":"Golden Wing","player_choice":"Card Removal","floor":5.0,"gold_loss":0.0,"damage_taken":7.0}],"is_beta":false,"boss_relics":[],"items_purged_floors":[3],"is_endless":false,"potions_floor_spawned":[4],"killed_by":"Exordium Thugs","ascension_level":5}