{"path_per_floor":["M","?","M","M","M","E","$","R","T","E","M","M","?","?","R","B",null,"M","M","M","?","M","R","?","R","T","R","M","$","E","M","R","B",null,"M","?","M","$","M","M","R"],"character_chosen":"THE_SILENT","items_purchased":["Infinite Blades","Pen Nib","Bronze Scales","Block Potion"],"gold_per_floor":[112,112,132,152,162,192,47,47,102,132,152,166,166,166,166,265,295,314,331,351,351,361,361,361,361,361,361,380,24,53,65,65,163,163,176,176,188,88,104,120,120],"floor_reached":42,"campfire_rested":6,"playtime":6597,"current_hp_per_floor":[65,65,65,62,57,47,47,68,68,48,42,38,38,38,59,46,75,57,54,43,27,4,26,26,50,50,73,68,68,49,49,49,15,77,21,67,65,65,40,14,34],"items_purged":["Strike_G","Strike_G"],"gold":120,"score":457,"play_id":"d240fc5e-c5bd-43e7-af11-27d8b9bb3983","local_time":"20180318164541","is_prod":false,"is_daily":false,"is_ascension_mode":false,"campfire_upgraded":1,"timestamp":1521405941,"path_taken":["M","?","M","M","M","E","$","R","T","E","M","M","?","?","R","BOSS","M","?","M","?","M","R","?","R","T","R","M","?","E","M","R","BOSS","M","?","M","?","M","M","R","M"],"build_version":"2018-03-15v3","purchased_purges":2,"victory":false,"master_deck":["Defend_G","Defend_G+1","Defend_G","Defend_G","Strike_G","Strike_G","Survivor","Neutralize","Cloak And Dagger","Quick Slash","Cloak And Dagger","Dagger Spray","Deflect+1","Infinite Blades+1","Terror+1","Blade Dance+1","Escape Plan+1","Flechettes","After Image+1","Deflect+1","Dodge and Roll+1","Dodge and Roll+1","Dagger Spray","Finisher","Dagger Throw","Choke+1","Tools of the Trade","Unload","Flying Knee","Wraith Form","Injury","Parasite","Pain","Acrobatics+1","Infinite Blades","Dodge and Roll+1","Prepared+1","Cloak And Dagger+1"],"max_hp_per_floor":[70,70,70,70,70,70,70,70,70,70,70,70,70,70,70,70,75,75,75,75,75,75,75,75,77,77,77,77,77,77,77,77,77,77,77,67,67,67,67,67,67],"relics":["Ring of the Snake","Toxic Egg 2","Singing Bowl","Dream Catcher","Tiny House","Enchiridion","Paper Crane","Pen Nib","Bronze Scales","Vajra","Calling Bell","Letter Opener","Shovel","Calipers"],"card_choices":[{"not_picked":["Dagger Spray","Dodge and Roll"],"picked":"Cloak And Dagger"},{"not_picked":["Sucker Punch","Outmaneuver"],"picked":"Quick Slash"},{"not_picked":["Finisher","Predator"],"picked":"Cloak And Dagger"},{"not_picked":["Backflip","Corpse Explosion"],"picked":"Dagger Spray"},{"not_picked":["Outmaneuver","Dodge and Roll"],"picked":"Deflect"},{"not_picked":["Underhanded Strike","Prepared"],"picked":"Terror"},{"not_picked":["Setup","PiercingWail"],"picked":"Blade Dance"},{"not_picked":["Choke","Crippling Poison"],"picked":"Escape Plan"},{"not_picked":["PiercingWail","Finisher"],"picked":"Flechettes"},{"not_picked":["Tools of the Trade","Burst"],"picked":"After Image"},{"not_picked":["Underhanded Strike","Dash"],"picked":"Deflect"},{"not_picked":["Deadly Poison","Noxious Fumes"],"picked":"Dodge and Roll"},{"not_picked":["Quick Slash","Prepared"],"picked":"Dodge and Roll"},{"not_picked":["Outmaneuver","Bane"],"picked":"Dagger Spray"},{"not_picked":["Flying Knee","Escape Plan"],"picked":"Finisher"},{"not_picked":["Masterful Stab","Heel Hook"],"picked":"Dagger Throw"},{"not_picked":["Setup","PiercingWail"],"picked":"Choke"},{"not_picked":["Deadly Poison","Quick Slash"],"picked":"Tools of the Trade"},{"not_picked":["Tactician","Masterful Stab"],"picked":"Unload"},{"not_picked":["Dagger Throw","PiercingWail"],"picked":"Flying Knee"},{"not_picked":["Unload","Burst"],"picked":"Wraith Form"},{"not_picked":["Endless Agony","Masterful Stab"],"picked":"Acrobatics"},{"not_picked":["Catalyst","Noxious Fumes"],"picked":"Infinite Blades"},{"not_picked":["Sucker Punch","Backflip"],"picked":"Dodge and Roll"},{"not_picked":["Endless Agony","Noxious Fumes"],"picked":"Prepared"},{"not_picked":["Setup","PiercingWail"],"picked":"Cloak And Dagger"}],"player_experience":167231,"potions_floor_usage":[20,22,31,33,33,33,39],"damage_taken":[{"damage":5.0,"enemies":"Small Slimes","floor":1.0,"turns":3.0},{"damage":0.0,"enemies":"Cultist","floor":3.0,"turns":4.0},{"damage":3.0,"enemies":"Jaw Worm","floor":4.0,"turns":3.0},{"damage":5.0,"enemies":"Exordium Wildlife","floor":5.0,"turns":4.0},{"damage":10.0,"enemies":"Gremlin Nob","floor":6.0,"turns":5.0},{"damage":20.0,"enemies":"3 Sentries","floor":10.0,"turns":7.0},{"damage":6.0,"enemies":"Exordium Thugs","floor":11.0,"turns":4.0},{"damage":4.0,"enemies":"Looter","floor":12.0,"turns":2.0},{"damage":13.0,"enemies":"Slime Boss","floor":16.0,"turns":10.0},{"damage":18,"enemies":"Spheric Guardian","floor":18,"turns":6},{"damage":3,"enemies":"3 Byrds","floor":19,"turns":6},{"damage":26,"enemies":"Snecko","floor":20,"turns":7},{"damage":23,"enemies":"Snake Plant","floor":22,"turns":4},{"damage":5,"enemies":"Centurion and Healer","floor":28,"turns":4},{"damage":19,"enemies":"Gremlin Leader","floor":30,"turns":6},{"damage":0,"enemies":"Snecko","floor":31,"turns":4},{"damage":34,"enemies":"Automaton","floor":33,"turns":11},{"damage":56,"enemies":"3 Darklings","floor":35,"turns":6},{"damage":2,"enemies":"Orb Walker","floor":37,"turns":3},{"damage":25,"enemies":"Maw","floor":39,"turns":8},{"damage":26,"enemies":"3 Darklings","floor":40,"turns":5},{"damage":35,"enemies":"4 Shapes","floor":42,"turns":2}],"event_choices":[{"event_name":"Bonfire Elementals","player_choice":"BASIC","floor":2.0,"damage_taken":0.0},{"event_name":"The Lab","player_choice":"Got Potions","floor":13.0,"damage_taken":0.0},{"event_name":"Accursed Blacksmith","player_choice":"Forge","floor":14.0,"damage_taken":0.0},{"event_name":"Cursed Tome","player_choice":"Obtained Book","floor":21,"damage_taken":0},{"event_name":"Purifier","player_choice":"One Purge","floor":24,"damage_taken":0},{"event_name":"The Moai Head","player_choice":"Heal","floor":36,"damage_taken":0}],"boss_relics":[{"not_picked":["Orrery","Question Card"],"picked":"Calling Bell"}],"potions_floor_spawned":[3,12,16,22,31,33,37,40],"seed_played":"2917746950991504026","killed_by":"4 Shapes","ascension_level":0,"is_trial":false}