{"gold_per_floor":[126,138,171,204,166,178,225,237,321,333,363,330],"floor_reached":12,"playtime":408,"items_purged":[],"score":133,"play_id":"ca5c99cf-079e-4b57-b88c-e2656e41ad11","local_time":"20190303135516","is_ascension_mode":true,"campfire_choices":[{"data":"Bash","floor":6.0,"key":"SMITH"},{"data":"Seeing Red","floor":8.0,"key":"SMITH"},{"data":"Reaper","floor":10.0,"key":"SMITH"}],"neow_cost":"NONE","seed_source_timestamp":128646486815533,"circlet_count":0,"master_deck":["AscendersBane","Strike_R","Strike_R","Strike_R","Strike_R","Defend_R","Defend_R","Defend_R","Defend_R","Bash+1","Heavy Blade","Seeing Red+1","Reaper+1","Pommel Strike"],"special_seed":0,"relics":["Burning Blood","MawBank","Golden Idol","Blood Vial","The Courier"],"potions_floor_usage":[],"damage_taken":[{"damage":5.0,"enemies":"Cultist","floor":1.0,"turns":5.0},{"damage":6.0,"enemies":"Jaw Worm","floor":3.0,"turns":4.0},{"damage":2.0,"enemies":"2 Louse","floor":4.0,"turns":3.0},{"damage":45.0,"enemies":"3 Sentries","floor":7.0,"turns":12.0},{"damage":30.0,"enemies":"Large Slime","floor":11.0,"turns":7.0},{"damage":32,"enemies":"Exordium Thugs","floor":12,"turns":3}],"seed_played":"8260863542856078648","potions_obtained":[{"floor":4.0,"key":"FearPotion"},{"floor":7.0,"key":"Swift Potion"}],"is_trial":false,"path_per_floor":["M","?","M","M","?","R","E","R","T","R","M","M"],"character_chosen":"IRONCLAD","items_purchased":[],"campfire_rested":0,"item_purchase_floors":[],"current_hp_per_floor":[69,69,69,69,69,69,30,30,30,30,18,0],"gold":330,"neow_bonus":"RANDOM_COMMON_RELIC","is_prod":false,"is_daily":false,"chose_seed":false,"campfire_upgraded":3,"win_rate":0,"timestamp":1551617716,"path_taken":["M","?","M","M","?","R","E","R","T","R","M","M"],"build_version":"2019-01-23","purchased_purges":0,"victory":false,"max_hp_per_floor":[75,69,69,69,69,69,69,69,69,69,69,69],"card_choices":[{"not_picked":["Wild Strike","Flex"],"picked":"Heavy Blade","floor":1.0},{"not_picked":["Perfected Strike","Sword Boomerang"],"picked":"Seeing Red","floor":3.0},{"not_picked":["Pummel","Wild Strike","Perfected Strike"],"picked":"SKIP","floor":4.0},{"not_picked":["Uppercut","Iron Wave"],"picked":"Reaper","floor":7.0},{"not_picked":["Clash","Body Slam"],"picked":"Pommel Strike","floor":11.0}],"player_experience":783595,"relics_obtained":[{"floor":7.0,"key":"Blood Vial"},{"floor":9.0,"key":"The Courier"}],"event_choices":[{"damage_healed":0.0,"max_hp_gain":0.0,"max_hp_loss":6.0,"gold_gain":0.0,"event_name":"Golden Idol","player_choice":"Lose Max HP","floor":2.0,"gold_loss":0.0,"damage_taken":0.0,"relics_obtained":["Golden Idol"]},{"cards_removed":["Strike_R"],"damage_healed":0.0,"max_hp_gain":0.0,"max_hp_loss":0.0,"gold_gain":0.0,"event_name":"The Cleric","player_choice":"Card Removal","floor":5.0,"gold_loss":50.0,"damage_taken":0.0}],"is_beta":false,"boss_relics":[],"items_purged_floors":[],"is_endless":false,"potions_floor_spawned":[4,7],"killed_by":"Exordium Thugs","ascension_level":14}