{"gold_per_floor":[112,112,128,140,156,156,171,206,230,230],"floor_reached":10,"playtime":561,"items_purged":[],"score":112,"play_id":"64905086-5c5a-4076-8382-7a060d088fcf","local_time":"20190227184320","is_ascension_mode":true,"campfire_choices":[{"floor":6,"key":"REST"}],"neow_cost":"NONE","seed_source_timestamp":91702383747436,"circlet_count":0,"master_deck":["AscendersBane","Strike_R","Strike_R","Strike_R","Strike_R","Defend_R","Defend_R","Defend_R","Defend_R","Bash","Warcry","Infernal Blade","Armaments","Twin Strike","Metallicize","Flame Barrier","Carnage"],"relics":["Burning Blood","Dream Catcher","Bag of Preparation","Juzu Bracelet"],"potions_floor_usage":[5,10],"damage_taken":[{"damage":11,"enemies":"Cultist","floor":1,"turns":4},{"damage":13,"enemies":"Jaw Worm","floor":3,"turns":6},{"damage":5,"enemies":"Small Slimes","floor":4,"turns":3},{"damage":36,"enemies":"Exordium Wildlife","floor":5,"turns":6},{"damage":5,"enemies":"3 Louse","floor":7,"turns":5},{"damage":34,"enemies":"3 Sentries","floor":8,"turns":15},{"damage":40,"enemies":"Lagavulin","floor":10,"turns":7}],"seed_played":"782616453394581573","potions_obtained":[{"floor":1,"key":"Weak Potion"},{"floor":5,"key":"Weak Potion"}],"is_trial":false,"path_per_floor":["M","?","M","M","M","R","M","E","T","E"],"character_chosen":"IRONCLAD","items_purchased":[],"campfire_rested":1,"item_purchase_floors":[],"current_hp_per_floor":[67,67,60,61,31,55,56,28,28,0],"gold":230,"neow_bonus":"RANDOM_COMMON_RELIC","is_prod":false,"is_daily":false,"chose_seed":false,"campfire_upgraded":0,"win_rate":0,"timestamp":1551289400,"path_taken":["M","?","M","M","M","R","M","E","T","E"],"build_version":"2019-01-23","purchased_purges":0,"victory":false,"max_hp_per_floor":[80,80,80,80,80,80,80,80,80,80],"card_choices":[{"not_picked":["Power Through","Wild Strike"],"picked":"Warcry","floor":1},{"not_picked":["Perfected Strike","Inflame"],"picked":"Infernal Blade","floor":3},{"not_picked":["Clothesline","Thunderclap"],"picked":"Armaments","floor":4},{"not_picked":["Heavy Blade","Armaments"],"picked":"Twin Strike","floor":5},{"not_picked":["Sentinel","Wild Strike"],"picked":"Metallicize","floor":6},{"not_picked":["Warcry","Iron Wave"],"picked":"Flame Barrier","floor":7},{"not_picked":["Pommel Strike","Burning Pact"],"picked":"Carnage","floor":8}],"player_experience":780123,"relics_obtained":[{"floor":8,"key":"Bag of Preparation"},{"floor":9,"key":"Juzu Bracelet"}],"event_choices":[{"cards_removed":["Strike_R"],"damage_healed":0,"gold_gain":0,"player_choice":"Purged","damage_taken":0,"max_hp_gain":0,"max_hp_loss":0,"event_name":"Purifier","floor":2,"gold_loss":0}],"is_beta":false,"boss_relics":[],"items_purged_floors":[],"is_endless":false,"potions_floor_spawned":[1,5],"killed_by":"Lagavulin","ascension_level":12}