{"gold_per_floor":[113,124,299,299,210,210,244,259,282,282,293,293,51,71,71,176,176,145,158,158,188,188,188,188],"floor_reached":24,"playtime":1202,"items_purged":["Doubt"],"score":343,"play_id":"9c3b85c6-c405-41d3-827a-1cb82873b210","local_time":"20181021051840","is_ascension_mode":true,"campfire_choices":[{"data":"Armaments","floor":6,"key":"SMITH"},{"data":"Barricade","floor":10,"key":"SMITH"},{"data":"True Grit","floor":15,"key":"SMITH"},{"floor":23,"key":"REST"}],"neow_cost":"NONE","seed_source_timestamp":87704143142655,"circlet_count":0,"master_deck":["Defend_R","Defend_R","Defend_R","Defend_R","Bash+1","Armaments+1","Clothesline","Flame Barrier","Iron Wave","Barricade+1","Metallicize","Entrench","True Grit+1","Impervious","Pommel Strike+1","Inflame","Bite","Bite","Bite","Bite","Bite"],"relics":["Burning Blood","NeowsBlessing","Pen Nib","Red Skull","The Courier","Happy Flower","Cursed Key","Red Mask"],"potions_floor_usage":[21,21],"damage_taken":[{"damage":0,"enemies":"2 Louse","floor":1,"turns":1},{"damage":0,"enemies":"Small Slimes","floor":2,"turns":1},{"damage":0,"enemies":"3 Sentries","floor":7,"turns":2},{"damage":0,"enemies":"Cultist","floor":8,"turns":4},{"damage":7,"enemies":"Looter","floor":11,"turns":4},{"damage":10,"enemies":"3 Louse","floor":14,"turns":3},{"damage":9,"enemies":"Hexaghost","floor":16,"turns":23},{"damage":6,"enemies":"2 Thieves","floor":18,"turns":5},{"damage":3,"enemies":"3 Byrds","floor":19,"turns":10},{"damage":50,"enemies":"Masked Bandits","floor":21,"turns":8},{"damage":62,"enemies":"Gremlin Leader","floor":24,"turns":4}],"seed_played":"-1297102010879565076","potions_obtained":[{"floor":2,"key":"Strength Potion"},{"floor":7,"key":"Weak Potion"},{"floor":14,"key":"Poison Potion"}],"is_trial":false,"path_per_floor":["M","M","?","?","$","R","E","M","T","R","M","T","$","M","R","B",null,"M","M","?","?","?","R"],"character_chosen":"IRONCLAD","items_purchased":["Flame Barrier","Iron Wave","Happy Flower","Entrench"],"campfire_rested":1,"item_purchase_floors":[5,5,13,13],"current_hp_per_floor":[78,80,80,64,64,64,70,76,76,76,75,75,75,71,71,68,77,77,80,80,36,36,52,0],"gold":188,"neow_bonus":"THREE_ENEMY_KILL","is_prod":false,"is_daily":false,"chose_seed":false,"campfire_upgraded":3,"win_rate":0,"timestamp":1540091920,"path_taken":["M","M","?","?","$","R","E","M","T","R","?","?","$","M","R","BOSS","M","M","?","?","?","R","E"],"build_version":"2018-10-11","purchased_purges":1,"victory":false,"max_hp_per_floor":[80,80,80,80,80,80,80,80,80,80,80,80,80,80,80,80,80,80,80,80,80,56,56,56],"card_choices":[{"not_picked":["Clothesline","Intimidate"],"picked":"Armaments","floor":1},{"not_picked":["Heavy Blade","Pommel Strike"],"picked":"Clothesline","floor":2},{"not_picked":["Fire Breathing","Sever Soul"],"picked":"Barricade","floor":7},{"not_picked":["Havoc","Anger","Headbutt"],"picked":"SKIP","floor":8},{"not_picked":["Whirlwind","Havoc"],"picked":"Metallicize","floor":11},{"not_picked":["Seeing Red","Thunderclap"],"picked":"True Grit","floor":14},{"not_picked":["Berserk","Immolate"],"picked":"Impervious","floor":16},{"not_picked":["Spot Weakness","Sever Soul"],"picked":"Pommel Strike+1","floor":18},{"not_picked":["Thunderclap","Clothesline","Flex"],"picked":"SKIP","floor":19},{"not_picked":["Heavy Blade","Armaments"],"picked":"Inflame","floor":21}],"player_experience":209279,"relics_obtained":[{"floor":7,"key":"Pen Nib"},{"floor":9,"key":"Red Skull"},{"floor":12,"key":"The Courier"},{"floor":21,"key":"Red Mask"}],"event_choices":[{"event_name":"Liars Game","player_choice":"agreed","floor":3,"damage_taken":0},{"event_name":"Shining Light","player_choice":"Entered Light","floor":4,"damage_taken":0},{"event_name":"Bonfire Elementals","player_choice":"BASIC","floor":20,"damage_taken":0},{"event_name":"Masked Bandits","player_choice":"Fought Bandits","floor":21,"damage_taken":0},{"event_name":"Vampires","player_choice":"Became a vampire","floor":22,"damage_taken":0}],"is_beta":false,"boss_relics":[{"not_picked":["Astrolabe","Lizard Tail"],"picked":"Cursed Key"}],"items_purged_floors":[13],"is_endless":false,"potions_floor_spawned":[2,7,14,16],"killed_by":"Gremlin Leader","ascension_level":9}