{"gold_per_floor":[113,113,130,147,165,165,220,247,270,270,94,129,129,94,94,165,165,177,177,194,194,213,213,241,241,316,316,331,331],"floor_reached":29,"playtime":2082,"items_purged":[],"score":527,"play_id":"bf618aef-07ba-4ae0-89e1-51358ed55b91","local_time":"20190302215123","is_ascension_mode":true,"campfire_choices":[{"data":"Bash","floor":6,"key":"SMITH"},{"floor":10,"key":"REST"},{"data":"Sword Boomerang","floor":15,"key":"SMITH"},{"data":"Body Slam","floor":23,"key":"SMITH"},{"data":"Shockwave","floor":25,"key":"SMITH"},{"data":"Impervious","floor":27,"key":"SMITH"}],"neow_cost":"PERCENT_DAMAGE","seed_source_timestamp":26013578914247,"circlet_count":0,"master_deck":["AscendersBane","Bash+1","Power Through","Cleave","Pommel Strike","Twin Strike","Sword Boomerang+1","Limit Break","Corruption","Shrug It Off","Rampage","Shockwave+1","Impervious","Feel No Pain+1","Barricade+1","Fiend Fire","Warcry","Impervious+1","Thunderclap","Havoc","Burning Pact","Heavy Blade","Bludgeon","Body Slam+1"],"relics":["Burning Blood","Mango","Juzu Bracelet","Bronze Scales","Dream Catcher","Frozen Egg 2","FaceOfCleric","Pandora\u0027s Box","Potion Belt","Bottled Lightning"],"potions_floor_usage":[7,7],"damage_taken":[{"damage":19,"enemies":"Jaw Worm","floor":1,"turns":5},{"damage":2,"enemies":"2 Louse","floor":3,"turns":3},{"damage":1,"enemies":"Cultist","floor":4,"turns":4},{"damage":20,"enemies":"Large Slime","floor":5,"turns":8},{"damage":8,"enemies":"Gremlin Nob","floor":7,"turns":3},{"damage":40,"enemies":"3 Sentries","floor":8,"turns":11},{"damage":22,"enemies":"Lagavulin","floor":12,"turns":6},{"damage":43,"enemies":"Slime Boss","floor":16,"turns":10},{"damage":0,"enemies":"3 Byrds","floor":18,"turns":4},{"damage":0,"enemies":"Spheric Guardian","floor":20,"turns":7},{"damage":22,"enemies":"Colosseum Slavers","floor":21,"turns":5},{"damage":14,"enemies":"3 Cultists","floor":22,"turns":6},{"damage":23,"enemies":"Book of Stabbing","floor":24,"turns":6},{"damage":18,"enemies":"Cultist and Chosen","floor":28,"turns":7},{"damage":57,"enemies":"Slavers","floor":29,"turns":4}],"seed_played":"-6632708702315056390","potions_obtained":[{"floor":1,"key":"Fire Potion"},{"floor":4,"key":"Ancient Potion"},{"floor":8,"key":"Dexterity Potion"},{"floor":28,"key":"Ancient Potion"}],"is_trial":false,"path_per_floor":["M","?","M","M","M","R","?","E","T","R","$","E","?","?","R","B",null,"M","?","M","?","M","R","E","R","T","R","M","E"],"character_chosen":"IRONCLAD","items_purchased":["Corruption","Shrug It Off","Rampage"],"campfire_rested":1,"item_purchase_floors":[11,11,11],"current_hp_per_floor":[51,56,60,65,51,51,49,15,15,43,43,27,27,50,50,14,75,82,82,89,74,67,67,51,51,51,51,40,0],"gold":331,"neow_bonus":"ONE_RARE_RELIC","is_prod":false,"is_daily":false,"chose_seed":false,"campfire_upgraded":5,"win_rate":0,"timestamp":1551523883,"path_taken":["M","?","M","M","M","R","?","E","T","R","$","E","?","?","R","BOSS","M","?","M","?","M","R","E","R","T","R","M","E"],"build_version":"2019-01-23","purchased_purges":0,"victory":false,"max_hp_per_floor":[89,94,94,94,94,94,94,94,94,94,94,94,94,94,94,95,95,96,96,97,98,99,99,100,100,100,100,101,101],"card_choices":[{"not_picked":["Cleave","True Grit"],"picked":"Power Through","floor":1},{"not_picked":["Body Slam","Pommel Strike"],"picked":"Cleave","floor":3},{"not_picked":["Wild Strike","Bloodletting"],"picked":"Pommel Strike","floor":4},{"not_picked":["Shrug It Off","Body Slam"],"picked":"Twin Strike","floor":5},{"not_picked":["Rupture","Cleave"],"picked":"Sword Boomerang","floor":7},{"not_picked":["Wild Strike","Thunderclap"],"picked":"Limit Break","floor":8},{"not_picked":["Flex","Cleave"],"picked":"Shockwave","floor":12},{"not_picked":["Brutality+1","Berserk+1"],"picked":"Impervious","floor":16},{"not_picked":["Headbutt","Heavy Blade"],"picked":"Burning Pact","floor":18},{"not_picked":["Pommel Strike","Rage"],"picked":"Body Slam","floor":20},{"not_picked":["Carnage","Pummel","Pommel Strike+1"],"picked":"SKIP","floor":22},{"not_picked":["Iron Wave","Anger","Havoc"],"picked":"SKIP","floor":24},{"not_picked":["Perfected Strike","Wild Strike","True Grit"],"picked":"SKIP","floor":28},{"not_picked":["Perfected Strike","Wild Strike","True Grit"],"picked":"SKIP","floor":28}],"player_experience":783771,"relics_obtained":[{"floor":7,"key":"Juzu Bracelet"},{"floor":8,"key":"Bronze Scales"},{"floor":9,"key":"Dream Catcher"},{"floor":12,"key":"Frozen Egg 2"},{"floor":24,"key":"Potion Belt"},{"floor":26,"key":"Bottled Lightning"}],"event_choices":[{"damage_healed":0,"gold_gain":0,"player_choice":"Donut","damage_taken":0,"max_hp_gain":5,"max_hp_loss":0,"event_name":"Big Fish","floor":2,"gold_loss":0},{"damage_healed":0,"gold_gain":0,"player_choice":"Searched \u00271\u0027 times","damage_taken":0,"max_hp_gain":0,"max_hp_loss":0,"event_name":"Dead Adventurer","floor":7,"gold_loss":0},{"damage_healed":0,"gold_gain":0,"player_choice":"Trade","damage_taken":0,"relics_obtained":["FaceOfCleric"],"max_hp_gain":0,"max_hp_loss":0,"event_name":"FaceTrader","floor":13,"gold_loss":0},{"damage_healed":23,"gold_gain":0,"player_choice":"Healed","damage_taken":0,"max_hp_gain":0,"max_hp_loss":0,"event_name":"The Cleric","floor":14,"gold_loss":35},{"damage_healed":0,"gold_gain":0,"cards_transformed":["Sever Soul","Rage"],"player_choice":"Became Test Subject","damage_taken":0,"max_hp_gain":0,"max_hp_loss":0,"event_name":"Drug Dealer","floor":19,"gold_loss":0,"cards_obtained":["Heavy Blade","Bludgeon"]},{"damage_healed":0,"gold_gain":0,"player_choice":"Fight","damage_taken":0,"max_hp_gain":0,"max_hp_loss":0,"event_name":"Colosseum","floor":21,"gold_loss":0},{"damage_healed":0,"gold_gain":0,"player_choice":"Fled From Nobs","damage_taken":0,"max_hp_gain":0,"max_hp_loss":0,"event_name":"Colosseum","floor":21,"gold_loss":0}],"is_beta":false,"boss_relics":[{"not_picked":["Empty Cage","Runic Cube"],"picked":"Pandora\u0027s Box"}],"items_purged_floors":[],"is_endless":false,"potions_floor_spawned":[1,4,8,21,28],"killed_by":"Slavers","ascension_level":20}