{"gold_per_floor":[114,125,143,143,91,91,107,124,124,151,161,161,176,191,191,288,618,635,649,9,9],"floor_reached":21,"playtime":1571,"items_purged":[],"score":185,"play_id":"3257770f-f57f-4c01-ba2f-b5cc91a0712f","local_time":"20181008051430","is_ascension_mode":false,"campfire_choices":[{"data":"Zap","floor":6,"key":"SMITH"},{"data":"Tempest","floor":12,"key":"SMITH"},{"floor":15,"key":"REST"}],"neow_cost":"NONE","seed_source_timestamp":49054828339826,"circlet_count":0,"master_deck":["Strike_B","Strike_B","Strike_B","Strike_B","Defend_B","Defend_B+1","Defend_B","Defend_B+1","Zap+1","Dualcast","Go for the Eyes","Conserve Battery","Gash","Coolheaded","Tempest+1","Leap","Seek","Clumsy","Doubt","Pain","Go for the Eyes+1","Compile Driver"],"relics":["Cracked Core","Regal Pillow","Matryoshka","Shuriken","Calling Bell","Tiny Chest","Old Coin","Meat on the Bone","Lantern","Kunai","ClockworkSouvenir"],"potions_floor_usage":[10,16,16],"damage_taken":[{"damage":3,"enemies":"2 Louse","floor":1,"turns":3},{"damage":6,"enemies":"Jaw Worm","floor":2,"turns":4},{"damage":1,"enemies":"Cultist","floor":3,"turns":4},{"damage":4,"enemies":"Large Slime","floor":7,"turns":6},{"damage":3,"enemies":"Exordium Thugs","floor":8,"turns":4},{"damage":10,"enemies":"3 Sentries","floor":10,"turns":7},{"damage":0,"enemies":"Blue Slaver","floor":11,"turns":3},{"damage":0,"enemies":"Red Slaver","floor":13,"turns":3},{"damage":3,"enemies":"Looter","floor":14,"turns":2},{"damage":43,"enemies":"Hexaghost","floor":16,"turns":12},{"damage":25,"enemies":"Shell Parasite","floor":18,"turns":10},{"damage":30,"enemies":"3 Byrds","floor":19,"turns":5},{"damage":0,"enemies":"Shelled Parasite and Fungi","floor":21,"turns":1}],"seed_played":"4893665734780940401","potions_obtained":[{"floor":1,"key":"Regen Potion"},{"floor":8,"key":"Dexterity Potion"},{"floor":10,"key":"PowerPotion"},{"floor":13,"key":"Strength Potion"}],"is_trial":false,"path_per_floor":["M","M","M","?","$","R","M","M","T","E","M","R","M","M","R","B",null,"M","M","$"],"character_chosen":"DEFECT","items_purchased":["Gash","Lantern","Kunai","ClockworkSouvenir","Compile Driver"],"campfire_rested":1,"item_purchase_floors":[5,20,20,20,20],"current_hp_per_floor":[72,66,65,50,50,50,46,43,43,48,48,48,48,45,75,32,75,50,32,32,32],"gold":9,"neow_bonus":"RANDOM_COMMON_RELIC","is_prod":false,"is_daily":false,"chose_seed":false,"campfire_upgraded":2,"win_rate":0,"timestamp":1538968470,"path_taken":["M","M","M","?","$","R","M","M","T","E","M","R","M","M","R","BOSS","M","M","$","M"],"build_version":"2018-10-04","purchased_purges":0,"victory":false,"max_hp_per_floor":[75,75,75,75,75,75,75,75,75,75,75,75,75,75,75,75,75,75,75,75,75],"card_choices":[{"not_picked":["Streamline","Fusion"],"picked":"Go for the Eyes","floor":1},{"not_picked":["Redo","Genetic Algorithm"],"picked":"Conserve Battery","floor":2},{"not_picked":["White Noise","Turbo","Double Energy"],"picked":"SKIP","floor":3},{"not_picked":["Capacitor","Compile Driver"],"picked":"Coolheaded","floor":7},{"not_picked":["Stack","Reinforced Body"],"picked":"Tempest","floor":8},{"not_picked":["Beam Cell","Sweeping Beam","Steam"],"picked":"SKIP","floor":10},{"not_picked":["Darkness","Rebound"],"picked":"Leap","floor":11},{"not_picked":["Steam","Blizzard","Conserve Battery"],"picked":"SKIP","floor":13},{"not_picked":["Undo","Sweeping Beam","Heatsinks"],"picked":"SKIP","floor":14},{"not_picked":["Rainbow","Hyperbeam"],"picked":"Seek","floor":16},{"not_picked":["Redo","Static Discharge"],"picked":"Go for the Eyes+1","floor":18},{"not_picked":["Barrage","Scrape","Sweeping Beam"],"picked":"SKIP","floor":19}],"player_experience":119709,"relics_obtained":[{"floor":9,"key":"Matryoshka"},{"floor":10,"key":"Shuriken"},{"floor":17,"key":"Tiny Chest"},{"floor":17,"key":"Old Coin"},{"floor":17,"key":"Meat on the Bone"}],"event_choices":[{"event_name":"Shining Light","player_choice":"Entered Light","floor":4,"damage_taken":0}],"is_beta":false,"boss_relics":[{"not_picked":["Runic Dome","Snecko Eye"],"picked":"Calling Bell"}],"items_purged_floors":[],"is_endless":false,"potions_floor_spawned":[1,8,10,13],"killed_by":"Shelled Parasite and Fungi","ascension_level":0}