{"gold_per_floor":[117,41,61,73,91,91,126,126,150,164,164,190,208,222,222,320,320,338,348,367,136,150,150,162,262,315,315,347,363,363,139,139,240,240,251,268,268,317,334,361,361,386,386,386,55,67,86,86,86,86],"floor_reached":51,"playtime":4767,"items_purged":["Strike_R","Flex+1","Strike_R"],"score":933,"play_id":"9d90a6aa-1168-4330-9853-8d5fe302512c","local_time":"20181019003340","is_ascension_mode":true,"campfire_choices":[{"data":"Flex","floor":6,"key":"SMITH"},{"data":"Armaments","floor":8,"key":"SMITH"},{"floor":11,"key":"REST"},{"floor":15,"key":"REST"},{"data":"Shockwave","floor":23,"key":"SMITH"},{"data":"Carnage","floor":27,"key":"SMITH"},{"floor":32,"key":"REST"},{"floor":41,"key":"REST"},{"floor":44,"key":"REST"},{"floor":49,"key":"REST"}],"neow_cost":"NONE","seed_source_timestamp":17436925326310,"circlet_count":0,"master_deck":["Strike_R","Defend_R","Defend_R","Defend_R","Defend_R","Bash","Twin Strike","Thunderclap","Cleave","Carnage+1","Armaments+1","Shrug It Off","True Grit","Shockwave+1","Double Tap","Heavy Blade","True Grit+1","Clothesline","Carnage","Clothesline+1","Heavy Blade+1","Clothesline","Heavy Blade"],"relics":["Burning Blood","Bag of Marbles","Pen Nib","Omamori","Ancient Tea Set","Snecko Eye","Strawberry","Potion Belt","Prayer Wheel","Necronomicon","Fusion Hammer","Thread and Needle","Mercury Hourglass","Oddly Smooth Stone","Meat on the Bone","Anchor"],"potions_floor_usage":[7,12,33,33,50,50,50],"damage_taken":[{"damage":3,"enemies":"2 Louse","floor":1,"turns":3},{"damage":1,"enemies":"Cultist","floor":3,"turns":4},{"damage":0,"enemies":"Small Slimes","floor":4,"turns":2},{"damage":8,"enemies":"3 Louse","floor":5,"turns":3},{"damage":35,"enemies":"Lagavulin","floor":7,"turns":4},{"damage":7,"enemies":"Large Slime","floor":10,"turns":4},{"damage":16,"enemies":"Gremlin Nob","floor":12,"turns":3},{"damage":11,"enemies":"Looter","floor":13,"turns":3},{"damage":10,"enemies":"Exordium Wildlife","floor":14,"turns":4},{"damage":15,"enemies":"Slime Boss","floor":16,"turns":8},{"damage":1,"enemies":"Spheric Guardian","floor":18,"turns":3},{"damage":6,"enemies":"3 Byrds","floor":19,"turns":3},{"damage":7,"enemies":"Cultist and Chosen","floor":20,"turns":4},{"damage":4,"enemies":"Chosen and Byrds","floor":22,"turns":4},{"damage":19,"enemies":"Snake Plant","floor":24,"turns":3},{"damage":32,"enemies":"Slavers","floor":28,"turns":5},{"damage":29,"enemies":"Shelled Parasite and Fungi","floor":29,"turns":4},{"damage":38,"enemies":"Collector","floor":33,"turns":5},{"damage":4,"enemies":"3 Shapes","floor":35,"turns":8},{"damage":13,"enemies":"3 Darklings","floor":36,"turns":3},{"damage":0,"enemies":"Mysterious Sphere","floor":38,"turns":3},{"damage":0,"enemies":"Sphere and 2 Shapes","floor":39,"turns":4},{"damage":31,"enemies":"Giant Head","floor":40,"turns":6},{"damage":14,"enemies":"2 Orb Walkers","floor":42,"turns":3},{"damage":2,"enemies":"Transient","floor":46,"turns":5},{"damage":6,"enemies":"4 Shapes","floor":47,"turns":5},{"damage":38,"enemies":"Awakened One","floor":50,"turns":9}],"seed_played":"3051623068220517055","potions_obtained":[{"floor":4,"key":"Strength Potion"},{"floor":5,"key":"LiquidBronze"},{"floor":7,"key":"AttackPotion"},{"floor":10,"key":"SkillPotion"},{"floor":13,"key":"PowerPotion"},{"floor":24,"key":"Regen Potion"},{"floor":29,"key":"GamblersBrew"},{"floor":35,"key":"EntropicBrew"},{"floor":42,"key":"FearPotion"}],"is_trial":false,"path_per_floor":["M","$","M","M","M","R","E","R","T","M","R","E","M","M","R","B",null,"M","M","M","$","M","R","M","?","T","R","E","M","?","$","R","B",null,"M","M","?","?","M","E","R","E","T","R","$","M","M","?","R","B"],"character_chosen":"IRONCLAD","items_purchased":["Flex","Thunderclap","Strawberry","Carnage","Swift Potion","Anchor","Swift Potion"],"campfire_rested":6,"item_purchase_floors":[2,2,21,31,31,45,45],"current_hp_per_floor":[75,75,80,80,78,78,49,49,49,48,72,62,57,53,77,68,77,80,80,79,86,87,87,74,74,74,74,48,25,9,9,35,17,70,72,65,65,71,77,52,78,70,70,87,87,87,87,87,87,55],"gold":86,"neow_bonus":"RANDOM_COMMON_RELIC","is_prod":false,"is_daily":false,"chose_seed":false,"campfire_upgraded":4,"win_rate":0,"timestamp":1539902020,"path_taken":["M","$","M","M","M","R","E","R","T","M","R","E","M","M","R","BOSS","M","M","M","$","M","R","M","?","T","R","E","M","?","?","R","BOSS","M","M","?","?","M","E","R","E","T","R","$","M","M","?","R","BOSS"],"build_version":"2018-10-11","purchased_purges":3,"victory":true,"max_hp_per_floor":[80,80,80,80,80,80,80,80,80,80,80,80,80,80,80,80,80,80,80,80,87,87,87,87,87,87,87,87,87,87,87,87,87,87,87,87,87,87,87,87,87,87,87,87,87,87,87,87,87,87],"card_choices":[{"not_picked":["Bloodletting","Spot Weakness"],"picked":"Twin Strike","floor":1},{"not_picked":["Power Through","Evolve","Bloodletting"],"picked":"SKIP","floor":3},{"not_picked":["Feel No Pain","Rampage"],"picked":"Cleave","floor":4},{"not_picked":["Evolve","Twin Strike"],"picked":"Carnage","floor":5},{"not_picked":["Heavy Blade","Twin Strike"],"picked":"Armaments","floor":7},{"not_picked":["Corruption","Berserk"],"picked":"Shrug It Off","floor":10},{"not_picked":["Infernal Blade","Clothesline","Flex"],"picked":"SKIP","floor":12},{"not_picked":["Havoc","Flex"],"picked":"True Grit","floor":13},{"not_picked":["Flex","Shrug It Off"],"picked":"Shockwave","floor":14},{"not_picked":["Limit Break","Exhume"],"picked":"Double Tap","floor":16},{"not_picked":["Flex","Shrug It Off"],"picked":"Heavy Blade","floor":18},{"not_picked":["Rampage","Flex+1"],"picked":"True Grit+1","floor":19},{"not_picked":["Dark Embrace","Perfected Strike","Reckless Charge+1"],"picked":"SKIP","floor":20},{"not_picked":["Flex","Thunderclap","Havoc"],"picked":"SKIP","floor":22},{"not_picked":["Seeing Red+1","Flex","Perfected Strike"],"picked":"SKIP","floor":24},{"not_picked":["Hemokinesis","Perfected Strike","Evolve"],"picked":"SKIP","floor":28},{"not_picked":["Corruption+1","Power Through"],"picked":"Clothesline","floor":29},{"not_picked":["Headbutt","True Grit","Armaments"],"picked":"SKIP","floor":29},{"not_picked":["Infernal Blade+1","Sword Boomerang+1","Wild Strike+1"],"picked":"SKIP","floor":35},{"not_picked":["Blood for Blood+1","Pommel Strike","Power Through"],"picked":"SKIP","floor":35},{"not_picked":["Wild Strike+1","Havoc"],"picked":"Clothesline+1","floor":36},{"not_picked":["Iron Wave+1","True Grit+1","Dark Embrace"],"picked":"SKIP","floor":36},{"not_picked":["Limit Break","Blood for Blood+1"],"picked":"Heavy Blade+1","floor":39},{"not_picked":["Disarm+1","Whirlwind","Anger"],"picked":"SKIP","floor":39},{"not_picked":["Feed","Shockwave","Cleave+1"],"picked":"SKIP","floor":40},{"not_picked":["Heavy Blade","Warcry"],"picked":"Clothesline","floor":42},{"not_picked":["Entrench+1","Seeing Red","Evolve"],"picked":"SKIP","floor":46},{"not_picked":["Cleave+1","Pommel Strike","Combust"],"picked":"SKIP","floor":46},{"not_picked":["Perfected Strike+1","Clash","Pummel"],"picked":"SKIP","floor":47},{"not_picked":["Wild Strike","Iron Wave+1","Feel No Pain+1"],"picked":"SKIP","floor":47}],"player_experience":195764,"relics_obtained":[{"floor":7,"key":"Pen Nib"},{"floor":9,"key":"Omamori"},{"floor":12,"key":"Ancient Tea Set"},{"floor":26,"key":"Potion Belt"},{"floor":28,"key":"Prayer Wheel"},{"floor":30,"key":"Necronomicon"},{"floor":38,"key":"Thread and Needle"},{"floor":40,"key":"Mercury Hourglass"},{"floor":42,"key":"Oddly Smooth Stone"},{"floor":43,"key":"Meat on the Bone"}],"event_choices":[{"event_name":"Golden Shrine","player_choice":"Pray","floor":25,"damage_taken":0},{"event_name":"Cursed Tome","player_choice":"Obtained Book","floor":30,"damage_taken":0},{"event_name":"Falling","player_choice":"Removed Attack","floor":37,"damage_taken":0},{"event_name":"Mysterious Sphere","player_choice":"Fight","floor":38,"damage_taken":0},{"event_name":"Transmorgrifier","player_choice":"Transform","floor":48,"damage_taken":0}],"is_beta":false,"boss_relics":[{"not_picked":["Astrolabe","Mark of Pain"],"picked":"Snecko Eye"},{"not_picked":["Empty Cage","Orrery"],"picked":"Fusion Hammer"}],"items_purged_floors":[21,31,45],"is_endless":false,"potions_floor_spawned":[4,5,7,10,13,20,24,29,35,42,47],"ascension_level":7}