{"gold_per_floor":[118,118,118,131,151,151,182,182,182,197,224,237,237,37,37,135,135,154,154,52,69,83,83,83,83,110,125,150,161,177,195,195,293,293,312,322,187,205,205,205,230,230,257,479,479,479,479,490,490,490],"floor_reached":51,"playtime":3459,"items_purged":["Strike_G","Strike_G"],"score":877,"play_id":"98580992-cce7-418b-bc40-f44cb111bda5","local_time":"20180726190659","is_ascension_mode":false,"campfire_choices":[{"data":"Tactician","floor":6,"key":"SMITH"},{"data":"Flying Knee","floor":8,"key":"SMITH"},{"floor":13,"key":"REST"},{"data":"Noxious Fumes","floor":15,"key":"SMITH"},{"data":"Adrenaline","floor":23,"key":"SMITH"},{"floor":32,"key":"REST"},{"data":"Tools of the Trade","floor":40,"key":"SMITH"},{"floor":45,"key":"REST"},{"floor":47,"key":"REST"},{"data":"Terror","floor":49,"key":"SMITH"}],"neow_cost":"NONE","seed_source_timestamp":1126972872909516,"circlet_count":0,"master_deck":["Defend_G+1","Defend_G","Defend_G+1","Defend_G","Defend_G","Survivor","Neutralize+1","Flying Knee+1","Blur+1","Tactician+1","Glass Knife+1","Outmaneuver","Flying Knee+1","Sucker Punch+1","Noxious Fumes+1","Underhanded Strike+1","Adrenaline+1","Blur","Prepared","Noxious Fumes","Footwork+1","Backflip","Escape Plan","Flying Knee+1","PiercingWail+1","Flechettes+1","Corpse Explosion","Acrobatics+1","Tools of the Trade+1","Accuracy+1","Dagger Throw+1","Tactician","Well Laid Plans","Panache","Dodge and Roll","Terror+1"],"relics":["Ring of the Snake","Molten Egg 2","Regal Pillow","Odd Mushroom","Runic Pyramid","Bag of Marbles","Red Mask","Astrolabe","War Paint","Lantern","Gambling Chip"],"potions_floor_usage":[7,7,12,28,33,33,38,46,50,50],"damage_taken":[{"damage":0,"enemies":"2 Louse","floor":1,"turns":2},{"damage":0,"enemies":"Jaw Worm","floor":4,"turns":5},{"damage":0,"enemies":"Small Slimes","floor":5,"turns":3},{"damage":16,"enemies":"Lagavulin","floor":7,"turns":9},{"damage":2,"enemies":"Looter","floor":10,"turns":2},{"damage":8,"floor":11,"turns":6},{"damage":0,"enemies":"3 Louse","floor":12,"turns":3},{"damage":18,"enemies":"The Guardian","floor":16,"turns":13},{"damage":9,"enemies":"3 Byrds","floor":18,"turns":4},{"damage":0,"enemies":"Shell Parasite","floor":21,"turns":5},{"damage":8,"enemies":"Centurion and Healer","floor":22,"turns":5},{"damage":7,"enemies":"Snake Plant","floor":27,"turns":3},{"damage":23,"floor":28,"turns":5},{"damage":0,"enemies":"Snecko","floor":29,"turns":5},{"damage":0,"enemies":"Centurion and Healer","floor":30,"turns":4},{"damage":0,"enemies":"Chosen and Byrds","floor":31,"turns":6},{"damage":32,"enemies":"Collector","floor":33,"turns":8},{"damage":0,"enemies":"3 Shapes","floor":35,"turns":7},{"damage":4,"enemies":"3 Darklings","floor":36,"turns":5},{"damage":18,"enemies":"Spire Growth","floor":38,"turns":5},{"damage":52,"enemies":"Giant Head","floor":41,"turns":10},{"damage":12,"floor":46,"turns":6},{"damage":0,"enemies":"4 Shapes","floor":48,"turns":4},{"damage":22,"enemies":"Time Eater","floor":50,"turns":11}],"seed_played":"6606712118658930618","potions_obtained":[{"floor":10,"key":"PowerPotion"},{"floor":11,"key":"Strength Potion"},{"floor":16,"key":"Poison Potion"},{"floor":28,"key":"Ancient Potion"},{"floor":29,"key":"LiquidBronze"},{"floor":33,"key":"FairyPotion"},{"floor":35,"key":"Poison Potion"},{"floor":46,"key":"EssenceOfSteel"},{"floor":48,"key":"LiquidBronze"}],"is_trial":false,"path_per_floor":["M","?","?","M","M","R","E","R","T","M","?","M","R","$","R","B",null,"M","?","$","M","M","R","?","$","T","M","?","M","M","M","R","B",null,"M","M","$","M","?","R","E","?","T","?","R","?","R","M","R","B"],"character_chosen":"THE_SILENT","items_purchased":["Noxious Fumes","Underhanded Strike+1","Prepared","Noxious Fumes","Well Laid Plans"],"campfire_rested":4,"item_purchase_floors":[14,14,20,20,37],"current_hp_per_floor":[70,70,56,56,56,56,40,40,40,38,30,30,66,66,66,48,70,61,61,61,61,53,53,53,53,53,46,23,23,23,23,59,27,70,70,66,66,48,48,48,7,7,7,7,43,31,67,67,67,45],"gold":490,"neow_bonus":"THREE_SMALL_POTIONS","is_prod":false,"is_daily":false,"chose_seed":false,"campfire_upgraded":6,"win_rate":0.0,"timestamp":1532624819,"path_taken":["M","?","?","M","M","R","E","R","T","M","?","?","R","$","R","BOSS","M","?","$","M","?","R","?","$","T","M","?","M","M","M","R","BOSS","M","M","$","M","?","R","E","?","T","?","R","?","R","M","R","BOSS"],"build_version":"2018-07-19v2","purchased_purges":2,"victory":true,"max_hp_per_floor":[70,70,70,70,70,70,70,70,70,70,70,70,70,70,70,70,70,70,70,70,70,70,70,70,70,70,70,70,70,70,70,70,70,70,70,70,70,70,70,70,70,70,70,70,70,70,70,70,70,70],"card_choices":[{"not_picked":["Sucker Punch","Prepared"],"picked":"Flying Knee","floor":1},{"not_picked":["Endless Agony","Outmaneuver"],"picked":"Blur","floor":4},{"not_picked":["Dash","Distraction"],"picked":"Tactician","floor":5},{"not_picked":["Catalyst","Cloak And Dagger"],"picked":"Glass Knife","floor":7},{"not_picked":["Underhanded Strike+1","Slice+1"],"picked":"Outmaneuver","floor":10},{"not_picked":["Dash+1","Prepared"],"picked":"Flying Knee+1","floor":11},{"not_picked":["PiercingWail","Deadly Poison"],"picked":"Sucker Punch+1","floor":12},{"not_picked":["Storm of Steel","Phantasmal Killer"],"picked":"Adrenaline","floor":16},{"not_picked":["Outmaneuver","Slice+1"],"picked":"Blur","floor":18},{"not_picked":["Cloak And Dagger","Sucker Punch+1"],"picked":"Footwork+1","floor":21},{"not_picked":["Bane+1","Underhanded Strike+1"],"picked":"Backflip","floor":22},{"not_picked":["Finisher+1","Skewer+1"],"picked":"Flying Knee+1","floor":27},{"not_picked":["Eviscerate+1","Quick Slash+1"],"picked":"PiercingWail+1","floor":28},{"not_picked":["Skewer+1","Flying Knee+1"],"picked":"Flechettes+1","floor":29},{"not_picked":["Endless Agony+1","Infinite Blades+1"],"picked":"Corpse Explosion","floor":30},{"not_picked":["Predator+1","Backflip"],"picked":"Acrobatics+1","floor":31},{"not_picked":["Glass Knife+1","Bullet Time"],"picked":"Tools of the Trade","floor":33},{"not_picked":["Prepared+1","Masterful Stab+1","Sucker Punch+1"],"picked":"SKIP","floor":35},{"not_picked":["Crippling Poison+1","Flying Knee+1"],"picked":"Tactician","floor":36},{"not_picked":["PiercingWail","Prepared+1","Underhanded Strike+1"],"picked":"SKIP","floor":38},{"not_picked":["Sadistic Nature","Purity"],"picked":"Panache","floor":39},{"not_picked":["Deadly Poison","Leg Sweep","Dagger Throw+1"],"picked":"SKIP","floor":41},{"not_picked":["Finisher+1","Quick Slash+1"],"picked":"Dodge and Roll","floor":46},{"not_picked":["Dagger Throw+1","Acrobatics+1"],"picked":"Terror","floor":48}],"player_experience":41763,"relics_obtained":[{"floor":7,"key":"Molten Egg 2"},{"floor":9,"key":"Regal Pillow"},{"floor":11,"key":"Odd Mushroom"},{"floor":26,"key":"Bag of Marbles"},{"floor":28,"key":"Red Mask"},{"floor":41,"key":"War Paint"},{"floor":43,"key":"Lantern"},{"floor":46,"key":"Gambling Chip"}],"event_choices":[{"event_name":"Living Wall","player_choice":"Grow","floor":2,"damage_taken":0},{"event_name":"Shining Light","player_choice":"Entered Light","floor":3,"damage_taken":0},{"event_name":"Mushrooms","player_choice":"Fought Mushrooms","floor":11,"damage_taken":0},{"event_name":"Drug Dealer","player_choice":"Ignored","floor":19,"damage_taken":0},{"event_name":"The Library","player_choice":"Read","floor":24,"damage_taken":0},{"event_name":"Masked Bandits","player_choice":"Fought over 125 gold","floor":28,"damage_taken":0},{"event_name":"SensoryStone","player_choice":"Memory 1","floor":39,"damage_taken":0},{"event_name":"Falling","player_choice":"Removed Skill","floor":42,"damage_taken":0},{"event_name":"Tomb of Lord Red Mask","player_choice":"Wore Mask","floor":44,"damage_taken":0},{"event_name":"MindBloom","player_choice":"Fight","floor":46,"damage_taken":0}],"is_beta":false,"boss_relics":[{"not_picked":["Runic Dome","Velvet Choker"],"picked":"Runic Pyramid"},{"not_picked":["WristBlade","Black Star"],"picked":"Astrolabe"}],"items_purged_floors":[14,37],"is_endless":false,"potions_floor_spawned":[5,10,11,16,21,28,29,31,33,35,36,46,48],"ascension_level":0}