{"gold_per_floor":[117,137,137,153,168,168,199,199,199,217,242,53,53,80,80,183,183,194,207,207,207,218,249,267,280,280,205,205,257,257,8,8,106,106,124,124,141,141,157,157,170,170,170,170,190,190,0,14,14,14],"floor_reached":50,"playtime":2870,"items_purged":["Strike_R"],"score":747,"play_id":"75c2ad05-4317-4ec2-b6b6-1c4528ab22ea","local_time":"20190227195709","is_ascension_mode":true,"campfire_choices":[{"data":"Disarm","floor":6,"key":"SMITH"},{"data":"Bludgeon","floor":8,"key":"SMITH"},{"floor":13,"key":"REST"},{"data":"Perfected Strike","floor":15,"key":"SMITH"},{"data":"Rage","floor":28,"key":"SMITH"},{"data":"Perfected Strike","floor":30,"key":"SMITH"},{"floor":32,"key":"REST"},{"data":"True Grit","floor":40,"key":"SMITH"},{"data":"Feel No Pain","floor":42,"key":"SMITH"},{"data":"Rage","floor":44,"key":"SMITH"},{"data":"Juggernaut","floor":46,"key":"SMITH"},{"floor":49,"key":"REST"}],"neow_cost":"TEN_PERCENT_HP_LOSS","seed_source_timestamp":18089673146143,"circlet_count":0,"master_deck":["AscendersBane","Strike_R","Strike_R","Strike_R","Defend_R","Defend_R","Defend_R","Bash+1","Feel No Pain+1","Thunderclap","Rage+1","Disarm+1","Bludgeon+1","True Grit+1","Rage+1","Perfected Strike+1","Juggernaut+1","Shockwave+1","Flame Barrier","Perfected Strike+1","Armaments+1","Twin Strike+1","Feed","Uppercut+1","True Grit+1","Ghostly Armor+1"],"relics":["Black Blood","Bottled Flame","Mummified Hand","Self Forming Clay","Lantern","Boot","Red Skull","Mercury Hourglass","Anchor","Velvet Choker","FossilizedHelix","Kunai","Red Mask"],"potions_floor_usage":[14,23,23,33,33,45,45],"damage_taken":[{"damage":0,"enemies":"Small Slimes","floor":1,"turns":3},{"damage":1,"enemies":"Cultist","floor":2,"turns":3},{"damage":3,"enemies":"2 Louse","floor":4,"turns":2},{"damage":9,"enemies":"Blue Slaver","floor":5,"turns":5},{"damage":36,"enemies":"Lagavulin","floor":7,"turns":9},{"damage":2,"enemies":"3 Louse","floor":10,"turns":5},{"damage":31,"enemies":"Gremlin Nob","floor":11,"turns":4},{"damage":7,"enemies":"3 Sentries","floor":14,"turns":7},{"damage":9,"enemies":"The Guardian","floor":16,"turns":12},{"damage":1,"enemies":"Spheric Guardian","floor":18,"turns":3},{"damage":8,"enemies":"Chosen","floor":19,"turns":3},{"damage":32,"enemies":"Shelled Parasite and Fungi","floor":22,"turns":8},{"damage":25,"enemies":"Book of Stabbing","floor":23,"turns":5},{"damage":12,"enemies":"Centurion and Healer","floor":24,"turns":6},{"damage":3,"enemies":"Snake Plant","floor":25,"turns":2},{"damage":54,"enemies":"Automaton","floor":33,"turns":10},{"damage":4,"enemies":"3 Shapes","floor":35,"turns":3},{"damage":11,"enemies":"3 Darklings","floor":37,"turns":8},{"damage":16,"enemies":"Jaw Worm Horde","floor":39,"turns":4},{"damage":37,"enemies":"Transient","floor":41,"turns":5},{"damage":0,"enemies":"Spire Growth","floor":45,"turns":3},{"damage":0,"enemies":"4 Shapes","floor":48,"turns":5},{"damage":97,"enemies":"Donu and Deca","floor":50,"turns":9}],"seed_played":"-4320763784956681345","potions_obtained":[{"floor":1,"key":"LiquidBronze"},{"floor":2,"key":"BloodPotion"},{"floor":19,"key":"LiquidBronze"},{"floor":23,"key":"Swift Potion"},{"floor":24,"key":"Weak Potion"},{"floor":25,"key":"PowerPotion"},{"floor":35,"key":"Ancient Potion"},{"floor":39,"key":"BloodPotion"},{"floor":41,"key":"Energy Potion"}],"is_trial":false,"path_per_floor":["?","M","M","?","?","M","?","T","$","?","?","M","?"],"character_chosen":"IRONCLAD","items_purchased":["Rage","Lantern","Secret Weapon"],"campfire_rested":3,"item_purchase_floors":[12,12,31],"current_hp_per_floor":[72,72,72,72,69,69,39,39,39,43,18,18,39,45,45,42,65,72,72,72,72,50,35,33,40,40,40,40,40,40,40,61,17,58,67,67,66,66,60,60,33,33,33,33,53,53,53,63,78,0],"gold":14,"neow_bonus":"REMOVE_TWO","is_prod":false,"is_daily":false,"chose_seed":false,"campfire_upgraded":9,"win_rate":0,"timestamp":1551293829,"path_taken":["M","M","?","?","M","R","E","R","T","M","E","$","R","E","R","BOSS","M","?","?","?","M","E","M","?","T","?","R","?","R","?","R","BOSS","M","?","M","?","M","R","M","R","T","R","?","R","?","M","R","BOSS"],"build_version":"2019-01-23","purchased_purges":1,"victory":false,"max_hp_per_floor":[72,72,72,72,72,72,72,72,72,72,72,72,72,72,72,72,72,72,72,72,72,72,72,72,72,72,72,72,72,72,72,72,72,72,75,75,75,75,75,75,75,75,75,75,78,78,78,78,78,78],"card_choices":[{"not_picked":["Shockwave","Seeing Red"],"picked":"Feel No Pain","floor":1},{"not_picked":["Warcry","Seeing Red"],"picked":"Thunderclap","floor":2},{"not_picked":["Headbutt","Rupture"],"picked":"Rage","floor":4},{"not_picked":["True Grit","Headbutt"],"picked":"Disarm","floor":5},{"not_picked":["Metallicize","Power Through"],"picked":"Bludgeon","floor":7},{"not_picked":["Flex","Warcry"],"picked":"Entrench","floor":10},{"not_picked":["Clash","Hemokinesis"],"picked":"True Grit","floor":11},{"not_picked":["Twin Strike","Hemokinesis"],"picked":"Perfected Strike","floor":14},{"not_picked":["Demon Form","Impervious"],"picked":"Juggernaut","floor":16},{"not_picked":["Hemokinesis","Pommel Strike"],"picked":"Shockwave+1","floor":18},{"not_picked":["Heavy Blade","Bloodletting+1"],"picked":"Flame Barrier","floor":19},{"not_picked":["Flex","Havoc+1","Headbutt"],"picked":"SKIP","floor":22},{"not_picked":["Limit Break","Shrug It Off"],"picked":"Perfected Strike","floor":23},{"not_picked":["Warcry","Sword Boomerang"],"picked":"Armaments+1","floor":24},{"not_picked":["Uppercut+1","Spot Weakness+1"],"picked":"Twin Strike+1","floor":25},{"not_picked":["Immolate","Fiend Fire"],"picked":"Feed","floor":33},{"not_picked":["Heavy Blade","Flex+1"],"picked":"Uppercut+1","floor":35},{"not_picked":["Iron Wave","Second Wind","Blood for Blood"],"picked":"SKIP","floor":37},{"not_picked":["Anger+1","Wild Strike"],"picked":"True Grit+1","floor":39},{"not_picked":["Iron Wave+1","Cleave+1"],"picked":"Ghostly Armor+1","floor":41},{"not_picked":["Twin Strike+1","Body Slam","Clash"],"picked":"SKIP","floor":45},{"not_picked":["Cleave+1","Wild Strike","Exhume"],"picked":"SKIP","floor":48}],"player_experience":333103,"relics_obtained":[{"floor":7,"key":"Bottled Flame"},{"floor":9,"key":"Mummified Hand"},{"floor":11,"key":"Self Forming Clay"},{"floor":14,"key":"Boot"},{"floor":23,"key":"Red Skull"},{"floor":26,"key":"Mercury Hourglass"},{"floor":29,"key":"Anchor"},{"floor":43,"key":"Kunai"}],"event_choices":[{"damage_healed":0,"gold_gain":0,"player_choice":"Upgraded","damage_taken":0,"max_hp_gain":0,"max_hp_loss":0,"event_name":"Upgrade Shrine","floor":3,"gold_loss":0,"cards_upgraded":["Bash"]},{"damage_healed":0,"gold_gain":0,"player_choice":"Ignored","damage_taken":0,"max_hp_gain":0,"max_hp_loss":0,"event_name":"Vampires","floor":20,"gold_loss":0},{"damage_healed":0,"gold_gain":0,"player_choice":"Bought 0 Potions","damage_taken":0,"max_hp_gain":0,"max_hp_loss":0,"event_name":"The Woman in Blue","floor":21,"gold_loss":0},{"cards_removed":["Entrench"],"damage_healed":0,"gold_gain":0,"player_choice":"Gave Gold","damage_taken":0,"max_hp_gain":0,"max_hp_loss":0,"event_name":"Beggar","floor":27,"gold_loss":75},{"cards_removed":["Secret Weapon"],"damage_healed":0,"gold_gain":0,"player_choice":"Removed Skill","damage_taken":0,"max_hp_gain":0,"max_hp_loss":0,"event_name":"Falling","floor":36,"gold_loss":0},{"damage_healed":0,"gold_gain":0,"player_choice":"Gave Potion","damage_taken":0,"relics_obtained":["FossilizedHelix"],"max_hp_gain":0,"max_hp_loss":0,"event_name":"WeMeetAgain","floor":38,"gold_loss":0},{"damage_healed":0,"gold_gain":0,"player_choice":"Paid","damage_taken":0,"relics_obtained":["Red Mask"],"max_hp_gain":0,"max_hp_loss":0,"event_name":"Tomb of Lord Red Mask","floor":47,"gold_loss":190}],"is_beta":false,"boss_relics":[{"not_picked":["Runic Cube","Astrolabe"],"picked":"Black Blood"},{"not_picked":["Fusion Hammer","Cursed Key"],"picked":"Velvet Choker"}],"items_purged_floors":[31],"is_endless":false,"potions_floor_spawned":[1,2,10,11,19,23,24,25,35,39,41],"killed_by":"Donu and Deca","ascension_level":11}