{"gold_per_floor":[119,119,139,162,176,176,191,207,207,207,65,65,31,31,31,31],"floor_reached":16,"playtime":589,"items_purged":["Strike_G"],"score":92,"play_id":"b639d221-a5dc-4bee-be69-fec5b4b967df","local_time":"20180918204507","is_ascension_mode":false,"campfire_choices":[{"data":"Neutralize","floor":6,"key":"SMITH"},{"floor":10,"key":"REST"},{"floor":12,"key":"REST"},{"data":"Strike_G","floor":15,"key":"SMITH"}],"neow_cost":"NONE","seed_source_timestamp":275430529364528,"circlet_count":0,"master_deck":["Defend_G","Defend_G","Defend_G","Defend_G","Defend_G","Strike_G","Strike_G","Strike_G+1","Survivor","Neutralize+1","Dagger Spray","Injury","Flying Knee","Distraction","Noxious Fumes","Footwork","Tactician"],"relics":["Ring of the Snake","Golden Idol","Peace Pipe"],"potions_floor_usage":[7,16],"damage_taken":[{"damage":4,"enemies":"Jaw Worm","floor":1,"turns":6},{"damage":3,"enemies":"2 Louse","floor":3,"turns":3},{"damage":4,"enemies":"Cultist","floor":4,"turns":5},{"damage":17,"enemies":"Gremlin Gang","floor":5,"turns":5},{"damage":2,"enemies":"Looter","floor":7,"turns":3},{"damage":28,"enemies":"Exordium Thugs","floor":8,"turns":6},{"damage":74,"enemies":"Slime Boss","floor":16,"turns":13}],"seed_played":"-5214091000881367364","potions_obtained":[{"floor":4,"key":"Poison Potion"},{"floor":8,"key":"Regen Potion"}],"is_trial":false,"path_per_floor":["M","?","M","M","M","R","M","M","T","R","$","R","$","?","R"],"character_chosen":"THE_SILENT","items_purchased":["Footwork","Tactician"],"campfire_rested":2,"item_purchase_floors":[11,13],"current_hp_per_floor":[66,66,63,59,42,42,40,12,12,33,33,54,54,54,54,0],"gold":31,"neow_bonus":"REMOVE_CARD","is_prod":false,"is_daily":false,"chose_seed":false,"campfire_upgraded":2,"win_rate":0,"timestamp":1537296307,"path_taken":["M","?","?","M","M","R","?","M","T","R","$","R","$","?","R","BOSS"],"build_version":"2018-09-06","purchased_purges":1,"victory":false,"max_hp_per_floor":[70,70,70,70,70,70,70,70,70,70,70,70,70,70,70,70],"card_choices":[{"not_picked":["Calculated Gamble","Finisher"],"picked":"Dagger Spray","floor":1},{"not_picked":["Endless Agony","Catalyst"],"picked":"Flying Knee","floor":3},{"not_picked":["Bouncing Flask","Flechettes","Outmaneuver"],"picked":"SKIP","floor":4},{"not_picked":["Quick Slash","Dagger Throw"],"picked":"Distraction","floor":5},{"not_picked":["Flying Knee","Distraction","Dagger Spray"],"picked":"SKIP","floor":7},{"not_picked":["Cloak And Dagger","PiercingWail"],"picked":"Noxious Fumes","floor":8}],"player_experience":166807,"relics_obtained":[{"floor":9,"key":"Peace Pipe"}],"event_choices":[{"event_name":"Golden Idol","player_choice":"Take Wound","floor":2,"damage_taken":0},{"event_name":"Liars Game","player_choice":"disagreed","floor":14,"damage_taken":0}],"is_beta":false,"boss_relics":[],"items_purged_floors":[11],"is_endless":false,"potions_floor_spawned":[4,8],"killed_by":"Slime Boss","ascension_level":0}