{"gold_per_floor":[109,126,136,155,155,155,80,80,103,103,119,145,44,61,61,163,163,181,196,110,110,110,137,137,155,155,174,174],"floor_reached":28,"playtime":933,"items_purged":["Strike_B","Defend_B","Strike_B"],"score":265,"play_id":"0351dbc6-4e26-4a57-bba1-814f62128b85","local_time":"20181224153634","is_ascension_mode":true,"campfire_choices":[{"data":"Dualcast","floor":6,"key":"SMITH"},{"data":"Glacier","floor":8,"key":"SMITH"},{"floor":15,"key":"REST"},{"data":"Machine Learning","floor":24,"key":"SMITH"}],"neow_cost":"NONE","seed_source_timestamp":110445847595479,"circlet_count":0,"master_deck":["Strike_B+1","Strike_B","Defend_B","Defend_B","Zap+1","Dualcast+1","Cold Snap","Leap","Glacier+1","Gash+1","Electrodynamics","Cold Snap","Gash","Machine Learning+1","Conserve Battery","Sweeping Beam","Loop","Stack","Gash"],"relics":["Cracked Core","NeowsBlessing","Smiling Mask","Omamori","Cursed Key","Boot","Centennial Puzzle"],"potions_floor_usage":[19,23],"damage_taken":[{"damage":0,"enemies":"Jaw Worm","floor":1,"turns":1},{"damage":0,"enemies":"Cultist","floor":2,"turns":1},{"damage":0,"enemies":"Small Slimes","floor":3,"turns":1},{"damage":4,"enemies":"Blue Slaver","floor":4,"turns":4},{"damage":0,"enemies":"Looter","floor":11,"turns":3},{"damage":3,"enemies":"Gremlin Gang","floor":14,"turns":3},{"damage":32,"enemies":"The Guardian","floor":16,"turns":13},{"damage":0,"enemies":"3 Byrds","floor":18,"turns":3},{"damage":0,"enemies":"Spheric Guardian","floor":19,"turns":5},{"damage":29,"enemies":"Slavers","floor":23,"turns":4},{"damage":24,"enemies":"Chosen and Byrds","floor":25,"turns":6},{"damage":15,"enemies":"Snecko","floor":27,"turns":6},{"damage":7,"enemies":"Shelled Parasite and Fungi","floor":28,"turns":1}],"seed_played":"-6830063223248169526","potions_obtained":[{"floor":2,"key":"Poison Potion"},{"floor":3,"key":"SteroidPotion"},{"floor":4,"key":"Strength Potion"},{"floor":14,"key":"FocusPotion"},{"floor":22,"key":"PowerPotion"},{"floor":22,"key":"Dexterity Potion"}],"is_trial":false,"path_per_floor":["M","M","M","M","?","R","$","R","T","?","M","T","$","M","R","B",null,"M","M","$","?","?","E","R","M","T","M","M"],"character_chosen":"DEFECT","items_purchased":["Cold Snap","Loop"],"campfire_rested":1,"item_purchase_floors":[13,20],"current_hp_per_floor":[75,75,75,71,71,71,71,71,71,56,56,56,56,53,75,43,75,75,75,75,75,75,46,46,22,22,7,0],"gold":174,"neow_bonus":"THREE_ENEMY_KILL","is_prod":false,"is_daily":false,"chose_seed":false,"campfire_upgraded":3,"win_rate":0,"timestamp":1545662194,"path_taken":["M","M","M","M","?","R","?","R","T","?","M","?","$","M","R","BOSS","M","M","$","?","?","E","R","M","T","M","M"],"build_version":"2018-12-20","purchased_purges":3,"victory":false,"max_hp_per_floor":[75,75,75,75,75,75,75,75,75,75,75,75,75,75,75,75,75,75,75,75,75,75,75,75,75,75,75,75],"card_choices":[{"not_picked":["Go for the Eyes","Chaos"],"picked":"Cold Snap","floor":1},{"not_picked":["Turbo","Go for the Eyes"],"picked":"Leap","floor":2},{"not_picked":["Sweeping Beam","Double Energy"],"picked":"Glacier","floor":3},{"not_picked":["Stack","Leap"],"picked":"Gash","floor":4},{"not_picked":["Sweeping Beam","Cold Snap"],"picked":"Electrodynamics","floor":11},{"not_picked":["Streamline","Go for the Eyes"],"picked":"Gash","floor":14},{"not_picked":["Biased Cognition","Thunder Strike"],"picked":"Machine Learning","floor":16},{"not_picked":["Hello World","FTL"],"picked":"Conserve Battery","floor":18},{"not_picked":["Chaos+1","Loop"],"picked":"Sweeping Beam","floor":19},{"not_picked":["FTL","Chaos"],"picked":"Stack","floor":23},{"not_picked":["Beam Cell","Rebound","Compile Driver"],"picked":"SKIP","floor":25},{"not_picked":["Barrage","Aggregate+1"],"picked":"Gash","floor":27}],"player_experience":454285,"relics_obtained":[{"floor":9,"key":"Smiling Mask"},{"floor":12,"key":"Omamori"},{"floor":23,"key":"Boot"},{"floor":26,"key":"Centennial Puzzle"}],"event_choices":[{"damage_healed":0,"gold_gain":0,"player_choice":"Upgraded","damage_taken":0,"max_hp_gain":0,"max_hp_loss":0,"event_name":"Upgrade Shrine","floor":5,"gold_loss":0,"cards_upgraded":["Zap"]},{"damage_healed":0,"gold_gain":0,"player_choice":"Entered Light","damage_taken":15,"max_hp_gain":0,"max_hp_loss":0,"event_name":"Shining Light","floor":10,"gold_loss":0,"cards_upgraded":["Gash","Strike_B"]},{"cards_removed":["Defend_B"],"damage_healed":0,"gold_gain":0,"player_choice":"Elegance","damage_taken":0,"max_hp_gain":0,"max_hp_loss":0,"event_name":"Back to Basics","floor":21,"gold_loss":0},{"damage_healed":0,"gold_gain":0,"player_choice":"Got Potions","damage_taken":0,"max_hp_gain":0,"max_hp_loss":0,"event_name":"Lab","floor":22,"gold_loss":0}],"is_beta":false,"boss_relics":[{"not_picked":["White Beast Statue","Inserter"],"picked":"Cursed Key"}],"items_purged_floors":[7,13,20],"is_endless":false,"potions_floor_spawned":[2,3,4,14],"killed_by":"Shelled Parasite and Fungi","ascension_level":3}