{"gold_per_floor":[119,119,194,194,211,211,271,300,327,201,227,227,237,265,265,370,370,384,299,249,261,261,261,287,300,324,91,109,137,152,167,167,272,272,282,282,207,218,118,118,143,154,154,170,170,203,223,47,47,47],"floor_reached":51,"playtime":2926,"items_purged":["Strike_R","Strike_R","Strike_R"],"score":1285,"play_id":"46c261d9-ae96-491b-94ae-864cbf737d41","local_time":"20190228192736","is_ascension_mode":true,"campfire_choices":[{"data":"Flame Barrier","floor":6,"key":"SMITH"},{"floor":12,"key":"REST"},{"data":"Armaments","floor":15,"key":"SMITH"},{"data":"Shockwave","floor":23,"key":"SMITH"},{"data":"Clothesline","floor":32,"key":"SMITH"},{"data":"Disarm","floor":40,"key":"SMITH"},{"floor":49,"key":"REST"}],"neow_cost":"NONE","seed_source_timestamp":18553646122077,"circlet_count":0,"master_deck":["AscendersBane","Defend_R","Defend_R","Defend_R","Defend_R","Bash","Flame Barrier+1","Thunderclap","Disarm+1","Bludgeon","Armaments+1","Clothesline+1","Shockwave+1","Flame Barrier","Bludgeon"],"relics":["Burning Blood","NeowsBlessing","Gambling Chip","Dream Catcher","Red Skull","Unceasing Top","Pocketwatch","Snecko Eye","Lantern","Paper Frog","Centennial Puzzle","ClockworkSouvenir","Bottled Lightning","Busted Crown","Bird Faced Urn","Happy Flower","Bag of Marbles"],"potions_floor_usage":[10,11,16,33,41,50],"damage_taken":[{"damage":0,"enemies":"Small Slimes","floor":1,"turns":1},{"damage":0,"enemies":"Jaw Worm","floor":5,"turns":1},{"damage":0,"enemies":"3 Sentries","floor":7,"turns":1},{"damage":45,"enemies":"3 Sentries","floor":8,"turns":12},{"damage":18,"enemies":"Lagavulin","floor":11,"turns":5},{"damage":4,"enemies":"Cultist","floor":13,"turns":5},{"damage":13,"enemies":"Gremlin Nob","floor":14,"turns":5},{"damage":0,"enemies":"The Guardian","floor":16,"turns":12},{"damage":6,"enemies":"2 Thieves","floor":18,"turns":3},{"damage":5,"enemies":"Shell Parasite","floor":21,"turns":3},{"damage":7,"enemies":"Gremlin Leader","floor":24,"turns":4},{"damage":0,"enemies":"Shelled Parasite and Fungi","floor":25,"turns":1},{"damage":0,"enemies":"Sentry and Sphere","floor":28,"turns":2},{"damage":0,"enemies":"Slavers","floor":29,"turns":3},{"damage":0,"enemies":"3 Cultists","floor":30,"turns":4},{"damage":0,"enemies":"Chosen and Byrds","floor":31,"turns":2},{"damage":35,"enemies":"Champ","floor":33,"turns":7},{"damage":3,"enemies":"Orb Walker","floor":35,"turns":2},{"damage":0,"enemies":"3 Shapes","floor":38,"turns":1},{"damage":34,"enemies":"Reptomancer","floor":41,"turns":4},{"damage":7,"enemies":"Maw","floor":42,"turns":4},{"damage":4,"enemies":"Writhing Mass","floor":44,"turns":3},{"damage":0,"enemies":"Nemesis","floor":46,"turns":5},{"damage":0,"enemies":"Jaw Worm Horde","floor":47,"turns":2},{"damage":17,"enemies":"Time Eater","floor":50,"turns":7}],"seed_played":"-5510386055969526596","potions_obtained":[{"floor":5,"key":"Strength Potion"},{"floor":8,"key":"Fruit Juice"},{"floor":13,"key":"Fire Potion"},{"floor":16,"key":"FearPotion"},{"floor":33,"key":"EssenceOfSteel"},{"floor":44,"key":"BloodPotion"},{"floor":47,"key":"Weak Potion"}],"is_trial":false,"path_per_floor":["?","?","?","?","?","?","M","?","M","?"],"character_chosen":"IRONCLAD","items_purchased":["Block Potion","Bludgeon","ClockworkSouvenir","Flame Barrier","Energy Potion"],"campfire_rested":2,"item_purchase_floors":[10,10,27,27,48],"current_hp_per_floor":[78,78,67,60,66,66,72,33,33,38,26,51,53,46,46,52,77,77,77,77,78,78,78,77,83,83,83,85,85,85,85,85,56,78,81,81,81,85,85,85,57,56,56,58,58,64,70,70,85,74],"gold":47,"neow_bonus":"THREE_ENEMY_KILL","is_prod":false,"is_daily":false,"chose_seed":false,"campfire_upgraded":5,"win_rate":0,"timestamp":1551378456,"path_taken":["M","?","?","?","M","R","?","E","T","$","E","R","M","E","R","BOSS","M","?","?","M","$","R","E","M","T","$","M","E","?","M","R","BOSS","M","?","$","M","$","R","E","M","T","?","?","E","M","$","R","BOSS"],"build_version":"2019-01-23","purchased_purges":3,"victory":true,"max_hp_per_floor":[80,80,80,80,80,80,80,80,80,85,85,85,85,85,85,85,85,85,85,85,85,85,85,85,85,85,85,85,85,85,85,85,85,85,85,85,85,85,85,85,85,85,85,85,85,85,85,85,85,85],"card_choices":[{"not_picked":["Armaments","Dual Wield"],"picked":"Flame Barrier","floor":1},{"not_picked":["Searing Blow","Sword Boomerang","Blood for Blood"],"picked":"SKIP","floor":5},{"not_picked":["Entrench","Wild Strike"],"picked":"Thunderclap","floor":7},{"not_picked":["Wild Strike","Metallicize"],"picked":"Disarm","floor":8},{"not_picked":["Cleave","Shrug It Off"],"picked":"Armaments","floor":11},{"not_picked":["Cleave","Thunderclap"],"picked":"Clothesline","floor":13},{"not_picked":["Pommel Strike","Heavy Blade"],"picked":"Shockwave","floor":14},{"not_picked":["Exhume","Brutality"],"picked":"Immolate","floor":16},{"not_picked":["Rupture","Clothesline","Sword Boomerang"],"picked":"SKIP","floor":18},{"not_picked":["Seeing Red","Infernal Blade","Headbutt+1"],"picked":"SKIP","floor":21},{"not_picked":["Sever Soul","Brutality","Warcry+1"],"picked":"SKIP","floor":24},{"not_picked":["Inflame","Clash","Clothesline"],"picked":"SKIP","floor":25},{"not_picked":["Reckless Charge+1","Dropkick","Headbutt"],"picked":"SKIP","floor":28},{"not_picked":["Pommel Strike","Rampage","Perfected Strike"],"picked":"SKIP","floor":29},{"not_picked":["Heavy Blade","Infernal Blade+1","Thunderclap"],"picked":"SKIP","floor":30},{"not_picked":["Clothesline","Anger","Cleave"],"picked":"SKIP","floor":31},{"not_picked":["Feed","Berserk"],"picked":"Bludgeon","floor":33},{"not_picked":["Perfected Strike+1"],"picked":"SKIP","floor":35},{"not_picked":["Armaments"],"picked":"SKIP","floor":38},{"not_picked":["Hemokinesis+1"],"picked":"SKIP","floor":41},{"not_picked":["Rampage+1"],"picked":"SKIP","floor":42},{"not_picked":["Inflame"],"picked":"SKIP","floor":44},{"not_picked":["Wild Strike"],"picked":"SKIP","floor":46},{"not_picked":["Armaments"],"picked":"SKIP","floor":47}],"player_experience":338419,"relics_obtained":[{"floor":7,"key":"Gambling Chip"},{"floor":8,"key":"Dream Catcher"},{"floor":9,"key":"Red Skull"},{"floor":11,"key":"Unceasing Top"},{"floor":14,"key":"Pocketwatch"},{"floor":24,"key":"Paper Frog"},{"floor":26,"key":"Centennial Puzzle"},{"floor":29,"key":"Bottled Lightning"},{"floor":41,"key":"Bird Faced Urn"},{"floor":43,"key":"Happy Flower"},{"floor":46,"key":"Bag of Marbles"}],"event_choices":[{"damage_healed":0,"gold_gain":0,"player_choice":"Leave","damage_taken":0,"max_hp_gain":0,"max_hp_loss":0,"event_name":"The Cleric","floor":2,"gold_loss":0},{"damage_healed":0,"gold_gain":75,"player_choice":"Gather Gold","damage_taken":11,"max_hp_gain":0,"max_hp_loss":0,"event_name":"World of Goop","floor":3,"gold_loss":0},{"cards_removed":["Strike_R"],"damage_healed":0,"gold_gain":0,"player_choice":"Card Removal","damage_taken":7,"max_hp_gain":0,"max_hp_loss":0,"event_name":"Golden Wing","floor":4,"gold_loss":0},{"damage_healed":0,"gold_gain":30,"player_choice":"Searched \u00272\u0027 times","damage_taken":0,"max_hp_gain":0,"max_hp_loss":0,"event_name":"Dead Adventurer","floor":7,"gold_loss":0},{"damage_healed":0,"gold_gain":0,"player_choice":"Obtained Relic","damage_taken":0,"relics_obtained":["Lantern"],"max_hp_gain":0,"max_hp_loss":0,"event_name":"Addict","floor":19,"gold_loss":85},{"damage_healed":0,"gold_gain":0,"player_choice":"Bet on Murderer","damage_taken":0,"max_hp_gain":0,"max_hp_loss":0,"event_name":"The Joust","floor":20,"gold_loss":50},{"cards_removed":["Strike_R"],"damage_healed":0,"gold_gain":0,"player_choice":"Offered Basic","damage_taken":0,"max_hp_gain":0,"max_hp_loss":0,"event_name":"Bonfire Elementals","floor":36,"gold_loss":0},{"cards_removed":["Immolate"],"damage_healed":0,"gold_gain":0,"player_choice":"Removed Attack","damage_taken":0,"max_hp_gain":0,"max_hp_loss":0,"event_name":"Falling","floor":45,"gold_loss":0}],"is_beta":false,"boss_relics":[{"not_picked":["Black Blood","Orrery"],"picked":"Snecko Eye"},{"not_picked":["Runic Dome","Tiny House"],"picked":"Busted Crown"}],"items_purged_floors":[37,39,48],"is_endless":false,"potions_floor_spawned":[5,8,13,16,18,28,29,31,33,38,44,47],"ascension_level":11}