{"path_per_floor":["M","?","M","?","$","M","R","M","T","E","$","M","M","M","R","B",null,"M","?","M","?","M","R","M"],"character_chosen":"THE_SILENT","items_purchased":["Sucker Punch","Backflip","Infinite Blades","Dagger Throw"],"gold_per_floor":[111,111,121,196,45,56,56,75,101,133,32,48,67,51,51,147,147,159,409,419,419,435,435,454],"floor_reached":25,"campfire_rested":2,"playtime":10739,"current_hp_per_floor":[70,70,70,59,59,59,59,50,50,44,44,34,28,21,42,25,70,50,50,44,44,20,41,22],"items_purged":["Strike_G"],"gold":454,"score":207,"play_id":"6e30cc27-0835-4a30-ab26-55d332a4432a","local_time":"20180306201253","is_prod":false,"is_daily":false,"is_ascension_mode":false,"campfire_upgraded":1,"timestamp":1520385173,"path_taken":["M","?","M","?","$","M","R","M","T","E","?","?","M","M","R","BOSS","M","?","?","?","M","R","M","E"],"build_version":"2018-03-01-PROD1","purchased_purges":2,"victory":false,"master_deck":["Survivor","Neutralize","Infinite Blades+1","Dagger Spray","Sucker Punch+1","Backflip","Dodge and Roll","Sucker Punch","Blade Dance","Infinite Blades","Dagger Throw","Dodge and Roll","Accuracy","Caltrops","Wraith Form","Poisoned Stab","Outmaneuver","Prepared","Dodge and Roll","Prepared","Acrobatics","Predator","Riddle With Holes","Blade Dance","PiercingWail","Regret","Riddle With Holes","Flechettes","Blade Dance"],"max_hp_per_floor":[70,70,70,70,70,70,70,70,70,70,70,70,70,70,70,70,70,70,70,70,70,70,70,70],"relics":["Snecko Eye","Lantern","Ninja Scroll","Pandora\u0027s Box"],"card_choices":[{"not_picked":["Prepared","Escape Plan"],"picked":"Infinite Blades"},{"not_picked":["Calculated Gamble","Escape Plan"],"picked":"Dagger Spray"},{"not_picked":["Deflect","Dagger Throw"],"picked":"Dodge and Roll"},{"not_picked":["Quick Slash","Masterful Stab"],"picked":"Sucker Punch"},{"not_picked":["Bouncing Flask","Dagger Throw"],"picked":"Blade Dance"},{"not_picked":["Backflip","Prepared"],"picked":"Dodge and Roll"},{"not_picked":["Dagger Spray","Leg Sweep"],"picked":"Accuracy"},{"not_picked":["Deflect","Underhanded Strike"],"picked":"Caltrops"},{"not_picked":["Night Terror","Corpse Explosion"],"picked":"Wraith Form"},{"not_picked":["Dagger Throw","Reflex"],"picked":"PiercingWail"},{"not_picked":["Infinite Blades","Dodge and Roll"],"picked":"Riddle With Holes"},{"not_picked":["Backflip","Cloak And Dagger"],"picked":"Flechettes"},{"not_picked":["Dagger Spray","Endless Agony"],"picked":"Blade Dance"}],"player_experience":138112,"potions_floor_usage":[8,16],"damage_taken":[{"damage":0,"enemies":"Jaw Worm","floor":1,"turns":4},{"damage":0,"enemies":"Cultist","floor":3,"turns":4},{"damage":0,"enemies":"Small Slimes","floor":6,"turns":4},{"damage":21,"enemies":"3 Louse","floor":8,"turns":5},{"damage":6,"enemies":"Lagavulin","floor":10,"turns":6},{"damage":10,"enemies":"Looter","floor":12,"turns":2},{"damage":6,"enemies":"Exordium Wildlife","floor":13,"turns":3},{"damage":7,"enemies":"Exordium Thugs","floor":14,"turns":4},{"damage":17,"enemies":"Hexaghost","floor":16,"turns":9},{"damage":20,"enemies":"Shell Parasite","floor":18,"turns":4},{"damage":6,"enemies":"Spheric Guardian","floor":20,"turns":3},{"damage":24,"enemies":"Centurion and Healer","floor":22,"turns":6},{"damage":19,"enemies":"Sentry and Sphere","floor":24,"turns":4},{"damage":0,"enemies":"Slavers","floor":25,"turns":1}],"event_choices":[{"event_name":"Accursed Blacksmith","player_choice":"Forge","floor":2,"damage_taken":0},{"event_name":"World of Goop","player_choice":"Gather Gold","floor":4,"damage_taken":0},{"event_name":"Golden Shrine","player_choice":"Desecrate","floor":19,"damage_taken":0},{"event_name":"Drug Dealer","player_choice":"Ignored","floor":21,"damage_taken":0}],"boss_relics":[{"not_picked":["Orrery","Eternal Feather"],"picked":"Pandora\u0027s Box"}],"potions_floor_spawned":[1,6,10,13,18],"seed_played":"-959906867228930078","killed_by":"Slavers","ascension_level":0,"is_trial":false}