{"gold_per_floor":[116,131,131,149,160,160,85,116,140,140,105,140,125,138,138,242,242,261,280,180,193,193,193,227,227,227,227,247,265,265,278,278,278],"floor_reached":33,"playtime":5145,"items_purged":["Defend_G","Strike_G"],"score":293,"play_id":"adf0cc6f-2ef7-4002-af62-388762954add","local_time":"20190224180954","is_ascension_mode":true,"campfire_choices":[{"data":"Leg Sweep","floor":6,"key":"SMITH"},{"floor":10,"key":"REST"},{"data":"Cloak And Dagger","floor":15,"key":"SMITH"},{"data":"Storm of Steel","floor":23,"key":"SMITH"},{"data":"Blade Dance","floor":25,"key":"SMITH"},{"data":"Cloak And Dagger","floor":27,"key":"SMITH"},{"data":"Survivor","floor":30,"key":"SMITH"},{"floor":32,"key":"REST"}],"neow_cost":"TEN_PERCENT_HP_LOSS","seed_source_timestamp":242808625465440,"circlet_count":0,"master_deck":["Defend_G","Defend_G","Defend_G","Defend_G","Strike_G","Strike_G","Strike_G","Strike_G","Survivor+1","Neutralize","Adrenaline","Leg Sweep+1","Footwork+1","Cloak And Dagger+1","Cloak And Dagger+1","Backflip","Blade Dance+1","Storm of Steel+1","Blade Dance","Finisher","Backflip+1","Finisher+1"],"relics":["Ring of the Snake","Dream Catcher","Lantern","Orichalcum","WristBlade","Smiling Mask","Gambling Chip"],"potions_floor_usage":[12,12,16,19,24,24,28,33],"damage_taken":[{"damage":0,"enemies":"2 Louse","floor":1,"turns":3},{"damage":0,"enemies":"Cultist","floor":2,"turns":4},{"damage":0,"enemies":"Small Slimes","floor":4,"turns":5},{"damage":0,"enemies":"Red Slaver","floor":5,"turns":7},{"damage":32,"enemies":"Lagavulin","floor":8,"turns":18},{"damage":10,"enemies":"3 Sentries","floor":12,"turns":12},{"damage":0,"enemies":"Exordium Thugs","floor":13,"turns":4},{"damage":0,"enemies":"Blue Slaver","floor":14,"turns":3},{"damage":36,"enemies":"The Guardian","floor":16,"turns":25},{"damage":0,"enemies":"Chosen","floor":18,"turns":4},{"damage":0,"enemies":"Spheric Guardian","floor":19,"turns":2},{"damage":12,"enemies":"Snake Plant","floor":21,"turns":8},{"damage":2,"enemies":"Gremlin Leader","floor":24,"turns":9},{"damage":0,"enemies":"Shelled Parasite and Fungi","floor":28,"turns":3},{"damage":7,"enemies":"Snecko","floor":29,"turns":5},{"damage":0,"enemies":"Chosen and Byrds","floor":31,"turns":6},{"damage":73,"enemies":"Collector","floor":33,"turns":6}],"seed_played":"-248097605501375911","potions_obtained":[{"floor":4,"key":"FearPotion"},{"floor":5,"key":"FearPotion"},{"floor":8,"key":"Fruit Juice"},{"floor":16,"key":"Swift Potion"},{"floor":19,"key":"Strength Potion"},{"floor":21,"key":"LiquidBronze"},{"floor":24,"key":"Strength Potion"},{"floor":28,"key":"Dexterity Potion"}],"is_trial":false,"path_per_floor":["M","M","?","M","M","R","$","E","T","R","?","E","M","M","R","B",null,"M","M","$","M","?","R","E","R","T","R","M","M","R","M","R","B"],"character_chosen":"THE_SILENT","items_purchased":[],"campfire_rested":2,"item_purchase_floors":[],"current_hp_per_floor":[63,63,63,63,63,63,63,31,31,49,63,58,58,58,58,22,68,68,68,68,56,56,56,54,54,54,54,54,47,47,47,67,0],"gold":278,"neow_bonus":"THREE_RARE_CARDS","is_prod":false,"is_daily":false,"chose_seed":false,"campfire_upgraded":6,"win_rate":0,"timestamp":1551049794,"path_taken":["M","M","?","?","M","R","?","E","T","R","?","E","M","M","R","BOSS","M","M","$","M","?","R","E","R","T","R","M","M","R","M","R","BOSS"],"build_version":"2019-01-23","purchased_purges":2,"victory":false,"max_hp_per_floor":[63,63,63,63,63,63,63,63,63,63,63,68,68,68,68,68,68,68,68,68,68,68,68,68,68,68,68,68,68,68,68,68,68],"card_choices":[{"not_picked":["Bullet Time","Night Terror"],"picked":"Adrenaline","floor":0},{"not_picked":["Outmaneuver","Sucker Punch"],"picked":"Leg Sweep","floor":1},{"not_picked":["Poisoned Stab","Slice"],"picked":"Footwork","floor":2},{"not_picked":["Deadly Poison","Deflect","Poisoned Stab"],"picked":"SKIP","floor":4},{"not_picked":["Acrobatics","Sucker Punch","Underhanded Strike"],"picked":"SKIP","floor":5},{"not_picked":["Backstab","Phantasmal Killer"],"picked":"Cloak And Dagger","floor":8},{"not_picked":["Backstab","Slice"],"picked":"Cloak And Dagger","floor":10},{"not_picked":["Predator","Choke","Deadly Poison"],"picked":"SKIP","floor":12},{"not_picked":["Deadly Poison","Slice"],"picked":"Backflip","floor":13},{"not_picked":["Finisher","Well Laid Plans"],"picked":"Blade Dance","floor":14},{"not_picked":["Phantasmal Killer","Tools of the Trade"],"picked":"Storm of Steel","floor":16},{"not_picked":["Deflect+1","Masterful Stab","All Out Attack"],"picked":"SKIP","floor":18},{"not_picked":["Deadly Poison+1","Dagger Spray","Bane"],"picked":"SKIP","floor":19},{"not_picked":["Poisoned Stab+1","Tools of the Trade"],"picked":"Blade Dance","floor":21},{"not_picked":["Quick Slash","Crippling Poison","Deadly Poison+1"],"picked":"SKIP","floor":24},{"not_picked":["Noxious Fumes","Slice"],"picked":"Finisher","floor":28},{"not_picked":["Prepared","Eviscerate"],"picked":"Backflip+1","floor":29},{"not_picked":["Masterful Stab","Dagger Spray","Sucker Punch+1"],"picked":"SKIP","floor":31},{"not_picked":["Quick Slash","Dagger Spray"],"picked":"Finisher+1","floor":32}],"player_experience":204568,"relics_obtained":[{"floor":8,"key":"Dream Catcher"},{"floor":9,"key":"Lantern"},{"floor":12,"key":"Orichalcum"},{"floor":24,"key":"Smiling Mask"},{"floor":26,"key":"Gambling Chip"}],"event_choices":[{"damage_healed":0,"gold_gain":0,"player_choice":"Upgraded","damage_taken":0,"max_hp_gain":0,"max_hp_loss":0,"event_name":"Upgrade Shrine","floor":3,"gold_loss":0,"cards_upgraded":["Footwork"]},{"damage_healed":15,"gold_gain":0,"player_choice":"Healed","damage_taken":0,"max_hp_gain":0,"max_hp_loss":0,"event_name":"The Cleric","floor":11,"gold_loss":35},{"damage_healed":0,"gold_gain":0,"player_choice":"Ignored","damage_taken":0,"max_hp_gain":0,"max_hp_loss":0,"event_name":"Vampires","floor":22,"gold_loss":0}],"is_beta":false,"boss_relics":[{"not_picked":["Astrolabe","Orrery"],"picked":"WristBlade"}],"items_purged_floors":[7,20],"is_endless":false,"potions_floor_spawned":[4,5,8,16,19,21,24,28],"killed_by":"Collector","ascension_level":1}