{"gold_per_floor":[109,154,164,178,190,190,190,190,190,213,213,252,277,27,27,153,153,171,270,284,284,300,300,324,324],"floor_reached":25,"playtime":8696,"items_purged":[],"score":226,"play_id":"cc32b5d3-2d1b-4f82-8189-f234e208b4c2","local_time":"20180802062237","is_ascension_mode":true,"campfire_choices":[{"floor":6,"key":"REST"},{"data":"Zap","floor":8,"key":"SMITH"},{"floor":11,"key":"REST"},{"floor":15,"key":"REST"},{"data":"Redo","floor":23,"key":"SMITH"}],"neow_cost":"FIFTY_PERCENT_DAMAGE","seed_source_timestamp":28626254830509,"circlet_count":0,"master_deck":["Zap+1","Dualcast","Go for the Eyes","Redo+1","Chill","Leap","FTL","Seek","BootSequence","Swift Strike","FTL","Coolheaded","BootSequence","Machine Learning","Sweeping Beam","Streamline","Reprogram","Sweeping Beam","Recycle","Beam Cell","Reprogram","Redo","Beam Cell","Steam+1","Scrape","Gash+1","Creative AI"],"relics":["Cracked Core","Anchor","Golden Idol","Centennial Puzzle","Juzu Bracelet","Pandora\u0027s Box"],"potions_floor_usage":[5,5,12,16],"damage_taken":[{"damage":1,"enemies":"Cultist","floor":1,"turns":3},{"damage":0,"enemies":"2 Louse","floor":3,"turns":2},{"damage":0,"enemies":"Small Slimes","floor":4,"turns":2},{"damage":29,"enemies":"Gremlin Gang","floor":5,"turns":4},{"damage":15,"enemies":"Large Slime","floor":10,"turns":5},{"damage":9,"enemies":"Gremlin Nob","floor":12,"turns":3},{"damage":8,"enemies":"Blue Slaver","floor":13,"turns":3},{"damage":41,"enemies":"The Guardian","floor":16,"turns":14},{"damage":21,"enemies":"Spheric Guardian","floor":18,"turns":4},{"damage":0,"enemies":"3 Byrds","floor":20,"turns":4},{"damage":22,"enemies":"Snake Plant","floor":22,"turns":5},{"damage":24,"enemies":"Snecko","floor":24,"turns":7},{"damage":18,"enemies":"Slaver and Parasite","floor":25,"turns":2}],"seed_played":"-1815746179601613466","potions_obtained":[{"floor":1,"key":"Ancient Potion"},{"floor":3,"key":"PowerPotion"},{"floor":10,"key":"PowerPotion"},{"floor":12,"key":"GamblersBrew"},{"floor":24,"key":"Explosive Potion"}],"is_trial":false,"path_per_floor":["M","T","M","M","M","R","?","R","T","M","R","E","M","$","R","B",null,"M","?","M","?","M","R","M"],"character_chosen":"DEFECT","items_purchased":["Swift Strike","FTL","Coolheaded","BootSequence"],"campfire_rested":3,"item_purchase_floors":[14,14,14,14],"current_hp_per_floor":[44,44,44,44,15,41,41,41,41,26,50,41,33,33,57,16,82,61,61,61,61,39,39,15,0],"gold":324,"neow_bonus":"TWENTY_PERCENT_HP_BONUS","is_prod":false,"is_daily":false,"chose_seed":false,"campfire_upgraded":2,"win_rate":0,"timestamp":1533205357,"path_taken":["M","?","M","M","M","R","?","R","T","M","R","E","M","$","R","BOSS","M","?","M","?","M","R","M","M"],"build_version":"2018-07-26","purchased_purges":0,"victory":false,"max_hp_per_floor":[89,89,89,89,89,89,82,82,82,82,82,82,82,82,82,82,82,82,82,82,82,82,82,82,82],"card_choices":[{"not_picked":["Tempest","Darkness"],"picked":"Go for the Eyes","floor":1},{"not_picked":["Tempest","Glacier"],"picked":"Redo","floor":3},{"not_picked":["Darkness","Streamline"],"picked":"Chill","floor":4},{"not_picked":["Redo","Barrage"],"picked":"Leap","floor":5},{"not_picked":["Turbo","Rebound"],"picked":"FTL","floor":10},{"not_picked":["Streamline","Turbo"],"picked":"Seek","floor":12},{"not_picked":["Barrage","Sweeping Beam"],"picked":"BootSequence","floor":13},{"not_picked":["Echo Form","Electrodynamics"],"picked":"Machine Learning","floor":16},{"not_picked":["Rebound","Lockon"],"picked":"Beam Cell","floor":18},{"not_picked":["Hologram","Doom and Gloom"],"picked":"Steam+1","floor":20},{"not_picked":["Hello World","Streamline+1"],"picked":"Gash+1","floor":22},{"not_picked":["Sweeping Beam","Loop+1"],"picked":"Creative AI","floor":24}],"player_experience":433535,"relics_obtained":[{"floor":2,"key":"Anchor"},{"floor":9,"key":"Centennial Puzzle"},{"floor":12,"key":"Juzu Bracelet"}],"event_choices":[{"event_name":"Golden Idol","player_choice":"Lose Max HP","floor":7,"damage_taken":0},{"event_name":"Nest","player_choice":"Stole From Cult","floor":19,"damage_taken":0},{"event_name":"The Library","player_choice":"Read","floor":21,"damage_taken":0}],"is_beta":false,"boss_relics":[{"not_picked":["Orrery","Ectoplasm"],"picked":"Pandora\u0027s Box"}],"items_purged_floors":[],"is_endless":false,"potions_floor_spawned":[1,3,10,12,24],"killed_by":"Slaver and Parasite","ascension_level":2}