{"gold_per_floor":[119,135,19,32,32,59,59,14,14,14,25,36,47,66,66,170,170,136,136,46,62,72,72,84,84,156,167,82,82,0,18,18,113,113,131,149,149,149,149,149,165,165,189,189,202,60,70,89,89,89],"floor_reached":50,"playtime":3272,"items_purged":["Defend_G","Strike_G"],"score":498,"play_id":"f8422ea6-80fa-4243-b1d9-756ae739e098","local_time":"20180809215207","is_ascension_mode":false,"campfire_choices":[{"floor":7,"key":"REST"},{"data":"Envenom","floor":10,"key":"SMITH"},{"data":"Footwork","floor":15,"key":"SMITH"},{"floor":23,"key":"REST"},{"floor":25,"key":"REST"},{"data":"Tactician","floor":32,"key":"SMITH"},{"data":"Adrenaline","floor":40,"key":"SMITH"},{"data":"Noxious Fumes","floor":42,"key":"SMITH"},{"data":"Footwork","floor":44,"key":"SMITH"},{"floor":49,"key":"REST"}],"neow_cost":"NONE","seed_source_timestamp":476193425336109,"circlet_count":0,"master_deck":["Defend_G","Defend_G","Defend_G","Defend_G+1","Strike_G+1","Strike_G","Survivor","Neutralize+1","Deflect","Blade Dance+1","Backflip","Blur","Dodge and Roll","Envenom+1","Flying Knee","Footwork+1","PiercingWail","Cloak And Dagger","Tactician+1","Adrenaline+1","Outmaneuver+1","Footwork+1","Expertise","Noxious Fumes+1","Backflip","Acrobatics+1","Deadly Poison+1","Tools of the Trade","Underhanded Strike+1","Deflect+1","Thinking Ahead","All Out Attack+1","Prepared","Neutralize+1","Cloak And Dagger+1","Cloak And Dagger+1","Well Laid Plans","Accuracy+1","Backflip"],"relics":["Ring of the Snake","Turnip","The Courier","Sozu","Darkstone Periapt","Letter Opener","War Paint","Empty Cage","Torii","Whetstone"],"potions_floor_usage":[6,16,16],"damage_taken":[{"damage":0,"enemies":"Cultist","floor":1,"turns":4},{"damage":7,"enemies":"2 Louse","floor":2,"turns":4},{"damage":0,"enemies":"Small Slimes","floor":4,"turns":4},{"damage":36,"enemies":"Lagavulin","floor":6,"turns":11},{"damage":0,"enemies":"Looter","floor":8,"turns":5},{"damage":16,"enemies":"Lots of Slimes","floor":11,"turns":5},{"damage":1,"enemies":"Exordium Wildlife","floor":12,"turns":5},{"damage":1,"enemies":"Looter","floor":13,"turns":4},{"damage":0,"enemies":"Blue Slaver","floor":14,"turns":5},{"damage":24,"enemies":"The Guardian","floor":16,"turns":15},{"damage":11,"enemies":"2 Thieves","floor":18,"turns":5},{"damage":5,"enemies":"3 Byrds","floor":21,"turns":9},{"damage":24,"enemies":"3 Cultists","floor":22,"turns":9},{"damage":20,"enemies":"Chosen and Byrds","floor":24,"turns":10},{"damage":12,"enemies":"Sentry and Sphere","floor":27,"turns":9},{"damage":3,"enemies":"Centurion and Healer","floor":31,"turns":8},{"damage":31,"enemies":"Collector","floor":33,"turns":13},{"damage":7,"enemies":"Orb Walker","floor":35,"turns":5},{"damage":7,"enemies":"3 Shapes","floor":36,"turns":6},{"damage":0,"floor":38,"turns":8},{"damage":0,"enemies":"Maw","floor":41,"turns":9},{"damage":2,"enemies":"Spire Growth","floor":45,"turns":6},{"damage":19,"enemies":"Sphere and 2 Shapes","floor":47,"turns":5},{"damage":10,"enemies":"Flame Bruiser 2 Orb","floor":48,"turns":5},{"damage":60,"enemies":"Donu and Deca","floor":50,"turns":10}],"seed_played":"-4591279391834613649","potions_obtained":[{"floor":2,"key":"Strength Potion"},{"floor":11,"key":"Explosive Potion"},{"floor":14,"key":"Weak Potion"},{"floor":16,"key":"Ancient Potion"}],"is_trial":false,"path_per_floor":["M","M","$","M","$","E","R","M","T","R","M","M","M","M","R","B",null,"M","?","$","M","M","R","M","R","T","M","?","T","?","M","R","B",null,"M","M","?","?","?","R","M","R","T","R","M","$","M","M","R"],"character_chosen":"THE_SILENT","items_purchased":["Backflip","Blur","Footwork","Well Laid Plans"],"campfire_rested":4,"item_purchase_floors":[3,3,20,46],"current_hp_per_floor":[70,63,63,63,63,27,48,48,48,48,32,31,30,30,30,6,70,59,59,59,54,30,51,31,52,52,40,40,40,40,37,37,6,70,63,56,56,56,56,56,56,56,56,56,54,54,35,25,46,0],"gold":89,"neow_bonus":"UPGRADE_CARD","is_prod":false,"is_daily":false,"chose_seed":false,"campfire_upgraded":6,"win_rate":0,"timestamp":1533844327,"path_taken":["M","M","?","?","?","E","R","?","T","R","?","M","?","M","R","BOSS","M","?","$","M","?","R","M","R","T","M","?","?","?","M","R","BOSS","M","M","?","?","?","R","M","R","T","R","?","?","M","M","R","BOSS"],"build_version":"2018-08-02","purchased_purges":2,"victory":false,"max_hp_per_floor":[70,70,70,70,70,70,70,70,70,70,70,70,70,70,70,70,70,70,70,70,70,70,70,70,70,70,70,70,70,70,70,70,70,70,70,70,70,70,70,70,70,70,70,70,70,70,70,70,70,70],"card_choices":[{"not_picked":["Dagger Throw","Predator"],"picked":"Deflect","floor":1},{"not_picked":["Dagger Spray","Poisoned Stab"],"picked":"Blade Dance","floor":2},{"not_picked":["Bane","Deadly Poison"],"picked":"Dodge and Roll","floor":4},{"not_picked":["Poisoned Stab","Sucker Punch"],"picked":"Envenom","floor":6},{"not_picked":["Sucker Punch","Setup"],"picked":"Flying Knee","floor":8},{"not_picked":["Deadly Poison","Cloak And Dagger"],"picked":"Footwork","floor":11},{"not_picked":["Dodge and Roll","Choke"],"picked":"PiercingWail","floor":12},{"not_picked":["Deflect","Sucker Punch"],"picked":"Cloak And Dagger","floor":13},{"not_picked":["Prepared","Blade Dance"],"picked":"Tactician","floor":14},{"not_picked":["Burst","Doppelganger"],"picked":"Adrenaline","floor":16},{"not_picked":["Eviscerate","Caltrops"],"picked":"Outmaneuver+1","floor":18},{"not_picked":["Distraction","PiercingWail"],"picked":"Expertise","floor":21},{"not_picked":["Quick Slash","Well Laid Plans"],"picked":"Noxious Fumes","floor":22},{"not_picked":["Dagger Throw+1","Underhanded Strike"],"picked":"Backflip","floor":24},{"not_picked":["Bane","Deflect"],"picked":"Acrobatics+1","floor":27},{"not_picked":["Masterful Stab","Sucker Punch"],"picked":"Deadly Poison+1","floor":31},{"not_picked":["Phantasmal Killer","Grand Finale"],"picked":"Tools of the Trade","floor":33},{"not_picked":["Setup","Dagger Throw+1"],"picked":"Underhanded Strike+1","floor":35},{"not_picked":["Crippling Poison+1","Caltrops+1"],"picked":"Deflect+1","floor":36},{"not_picked":["Good Instincts","Mind Blast"],"picked":"Thinking Ahead","floor":37},{"not_picked":["Flying Knee","Endless Agony+1"],"picked":"All Out Attack+1","floor":38},{"not_picked":["Acrobatics+1","Dagger Spray"],"picked":"Cloak And Dagger+1","floor":41},{"not_picked":["Sucker Punch","Riddle With Holes+1"],"picked":"Cloak And Dagger+1","floor":45},{"not_picked":["Outmaneuver","Deadly Poison"],"picked":"Accuracy+1","floor":47},{"not_picked":["Poisoned Stab+1","Deflect+1"],"picked":"Backflip","floor":48}],"player_experience":122436,"relics_obtained":[{"floor":6,"key":"Turnip"},{"floor":9,"key":"The Courier"},{"floor":26,"key":"Darkstone Periapt"},{"floor":29,"key":"War Paint"},{"floor":38,"key":"Torii"},{"floor":43,"key":"Whetstone"}],"event_choices":[{"event_name":"Vampires","player_choice":"Ignored","floor":19,"damage_taken":0},{"event_name":"Addict","player_choice":"Obtained Relic","floor":28,"damage_taken":0},{"event_name":"Masked Bandits","player_choice":"Paid Bandits 82 gold","floor":30,"damage_taken":0},{"event_name":"SensoryStone","player_choice":"Memory 1","floor":37,"damage_taken":0},{"event_name":"MindBloom","player_choice":"Fight","floor":38,"damage_taken":0},{"event_name":"Match and Keep!","player_choice":"2 cards matched","floor":39,"damage_taken":0}],"is_beta":false,"boss_relics":[{"not_picked":["Astrolabe","Busted Crown"],"picked":"Sozu"},{"not_picked":["Orrery","Eternal Feather"],"picked":"Empty Cage"}],"items_purged_floors":[20,46],"is_endless":false,"potions_floor_spawned":[2,11,14,16,21,27,33,45,47,48],"killed_by":"Donu and Deca","ascension_level":0}