{"gold_per_floor":[115,115,127,127,143,143,159,159,159,159,159,159,159,28,28,130,130,110,0,16,16,28,28,43,61,141,141,151,163,163,262,262,361,361,381,27,0,0,0,0,10,10,10,29,41,41,74,74,74,74],"floor_reached":50,"playtime":3103,"items_purged":[],"score":534,"play_id":"0690dad9-85bc-4080-8361-16987048b369","local_time":"20190303195256","is_ascension_mode":true,"campfire_choices":[{"data":"Limit Break","floor":6,"key":"SMITH"},{"data":"Rupture","floor":8,"key":"SMITH"},{"data":"Pummel","floor":12,"key":"SMITH"},{"data":"Heavy Blade","floor":15,"key":"SMITH"},{"floor":23,"key":"REST"},{"floor":27,"key":"REST"},{"floor":30,"key":"REST"},{"data":"Heavy Blade","floor":32,"key":"SMITH"},{"data":"Flex","floor":40,"key":"SMITH"},{"data":"Hemokinesis","floor":42,"key":"SMITH"},{"floor":49,"key":"REST"}],"neow_cost":"NONE","seed_source_timestamp":5327974576300,"circlet_count":0,"master_deck":["Strike_R","Strike_R","Strike_R","Strike_R","Defend_R","Defend_R","Defend_R","Defend_R","Bash","Limit Break+1","Rupture+1","Inflame+1","Pummel+1","Heavy Blade+1","Dark Shackles","Pommel Strike","Disarm","Inflame","Armaments+1","Flame Barrier","Heavy Blade+1","Hemokinesis+1","Flex+1","Madness","Madness"],"relics":["Burning Blood","Pantograph","Self Forming Clay","Lizard Tail","Sundial","Busted Crown","Nunchaku","Red Mask","Peace Pipe","Bottled Lightning"],"potions_floor_usage":[20,22,29,33,50,50,50],"damage_taken":[{"damage":7,"enemies":"Jaw Worm","floor":1,"turns":5},{"damage":13,"enemies":"Cultist","floor":3,"turns":5},{"damage":9,"enemies":"2 Louse","floor":5,"turns":3},{"damage":22,"enemies":"Exordium Thugs","floor":7,"turns":5},{"damage":29,"enemies":"The Guardian","floor":16,"turns":9},{"damage":27,"enemies":"2 Thieves","floor":18,"turns":4},{"damage":2,"enemies":"Chosen","floor":20,"turns":5},{"damage":31,"enemies":"Snecko","floor":22,"turns":5},{"damage":21,"enemies":"Snake Plant","floor":24,"turns":4},{"damage":8,"enemies":"Chosen and Byrds","floor":25,"turns":6},{"damage":3,"enemies":"Snecko","floor":28,"turns":3},{"damage":45,"enemies":"Centurion and Healer","floor":29,"turns":6},{"damage":31,"enemies":"Champ","floor":33,"turns":7},{"damage":4,"enemies":"3 Darklings","floor":35,"turns":4},{"damage":0,"enemies":"3 Shapes","floor":41,"turns":4},{"damage":23,"enemies":"Jaw Worm Horde","floor":44,"turns":5},{"damage":39,"enemies":"Spire Growth","floor":45,"turns":5},{"damage":81,"enemies":"Reptomancer","floor":47,"turns":4},{"damage":62,"enemies":"Time Eater","floor":50,"turns":6}],"seed_played":"-5004771444831715426","potions_obtained":[{"floor":4,"key":"Ancient Potion"},{"floor":4,"key":"SkillPotion"},{"floor":4,"key":"GamblersBrew"},{"floor":16,"key":"Block Potion"},{"floor":22,"key":"PowerPotion"},{"floor":29,"key":"PowerPotion"},{"floor":41,"key":"Dexterity Potion"},{"floor":47,"key":"Dexterity Potion"}],"is_trial":false,"path_per_floor":["M","?","M","?","M","R","M","R","T","?","$","R","?","$","R","B",null,"M","?","M","?","M","R","M","M","T","R","M","M","R","?","R","B",null,"M","$","?","?","?","R","M","R","T","M","M","?","E","?","R","B"],"character_chosen":"IRONCLAD","items_purchased":["Heavy Blade","Dark Shackles","Flex","Nunchaku"],"campfire_rested":4,"item_purchase_floors":[14,14,36,36],"current_hp_per_floor":[79,79,72,72,69,69,53,53,53,53,53,53,46,46,46,48,80,59,59,63,63,38,62,47,45,45,69,72,33,57,57,57,55,80,80,80,80,70,70,70,76,76,76,59,26,26,10,10,34,0],"gold":74,"neow_bonus":"ONE_RANDOM_RARE_CARD","is_prod":false,"is_daily":false,"chose_seed":false,"campfire_upgraded":7,"win_rate":0,"timestamp":1551660776,"path_taken":["M","?","M","?","M","R","?","R","T","?","?","R","?","$","R","BOSS","M","?","M","?","M","R","M","M","T","R","M","M","R","?","R","BOSS","M","$","?","?","?","R","M","R","T","M","?","?","E","?","R","BOSS"],"build_version":"2019-01-23","purchased_purges":0,"victory":false,"max_hp_per_floor":[80,80,80,80,80,80,80,80,80,80,80,80,80,80,80,80,80,80,80,80,80,80,80,80,80,80,80,80,80,80,80,80,80,80,80,80,80,80,80,80,80,80,80,80,80,80,80,80,80,80],"card_choices":[{"not_picked":["Perfected Strike","Body Slam","Sword Boomerang"],"picked":"SKIP","floor":1},{"not_picked":["Clash","Havoc"],"picked":"Rupture","floor":3},{"not_picked":["Shrug It Off","Immolate"],"picked":"Inflame","floor":5},{"not_picked":["Rupture","Warcry"],"picked":"Pummel","floor":7},{"not_picked":["Wild Strike","Perfected Strike+1"],"picked":"Pommel Strike","floor":18},{"not_picked":["True Grit","Anger+1"],"picked":"Disarm","floor":20},{"not_picked":["Wild Strike","True Grit+1"],"picked":"Armaments+1","floor":22},{"not_picked":["Searing Blow+1","Uppercut"],"picked":"Flame Barrier","floor":24},{"not_picked":["Shrug It Off","Wild Strike"],"picked":"Heavy Blade","floor":25},{"not_picked":["Corruption","Carnage"],"picked":"Hemokinesis","floor":28},{"not_picked":["Cleave","Sentinel+1","Sword Boomerang"],"picked":"SKIP","floor":29},{"not_picked":["Wild Strike"],"picked":"SKIP","floor":35},{"not_picked":["Twin Strike+1"],"picked":"SKIP","floor":41},{"not_picked":["Clothesline"],"picked":"SKIP","floor":44},{"not_picked":["Feel No Pain+1"],"picked":"SKIP","floor":45},{"not_picked":["Burning Pact+1"],"picked":"SKIP","floor":47}],"player_experience":72302,"relics_obtained":[{"floor":9,"key":"Pantograph"},{"floor":26,"key":"Sundial"},{"floor":43,"key":"Peace Pipe"},{"floor":47,"key":"Bottled Lightning"}],"event_choices":[{"damage_healed":0,"gold_gain":0,"player_choice":"Ignored","damage_taken":0,"max_hp_gain":0,"max_hp_loss":0,"event_name":"Liars Game","floor":2,"gold_loss":0},{"damage_healed":0,"gold_gain":0,"player_choice":"Got Potions","damage_taken":0,"max_hp_gain":0,"max_hp_loss":0,"event_name":"Lab","floor":4,"gold_loss":0},{"damage_healed":0,"gold_gain":0,"player_choice":"Forge","damage_taken":0,"max_hp_gain":0,"max_hp_loss":0,"event_name":"Accursed Blacksmith","floor":10,"gold_loss":0,"cards_upgraded":["Inflame"]},{"damage_healed":0,"gold_gain":0,"player_choice":"Success","damage_taken":7,"relics_obtained":["Self Forming Clay"],"max_hp_gain":0,"max_hp_loss":0,"event_name":"Scrap Ooze","floor":13,"gold_loss":0},{"damage_healed":0,"gold_gain":0,"player_choice":"Paid Fearfully","damage_taken":0,"max_hp_gain":0,"max_hp_loss":0,"event_name":"Masked Bandits","floor":19,"gold_loss":110},{"damage_healed":0,"gold_gain":0,"player_choice":"Read","damage_taken":0,"max_hp_gain":0,"max_hp_loss":0,"event_name":"The Library","floor":21,"gold_loss":0,"cards_obtained":["Inflame"]},{"damage_healed":0,"gold_gain":99,"player_choice":"Stole From Cult","damage_taken":0,"max_hp_gain":0,"max_hp_loss":0,"event_name":"Nest","floor":31,"gold_loss":0},{"damage_healed":0,"gold_gain":0,"player_choice":"Paid","damage_taken":0,"relics_obtained":["Red Mask"],"max_hp_gain":0,"max_hp_loss":0,"event_name":"Tomb of Lord Red Mask","floor":37,"gold_loss":27},{"damage_healed":0,"gold_gain":0,"player_choice":"Embrace Madness","damage_taken":10,"max_hp_gain":0,"max_hp_loss":0,"event_name":"Winding Halls","floor":38,"gold_loss":0,"cards_obtained":["Madness","Madness"]},{"cards_removed":["Strike_R"],"damage_healed":0,"gold_gain":0,"player_choice":"Purged","damage_taken":0,"max_hp_gain":0,"max_hp_loss":0,"event_name":"Purifier","floor":39,"gold_loss":0},{"damage_healed":0,"gold_gain":0,"player_choice":"Ignored","damage_taken":0,"max_hp_gain":0,"max_hp_loss":0,"event_name":"Mysterious Sphere","floor":46,"gold_loss":0},{"damage_healed":0,"gold_gain":0,"player_choice":"Bought 0 Potions","damage_taken":0,"max_hp_gain":0,"max_hp_loss":0,"event_name":"The Woman in Blue","floor":48,"gold_loss":0}],"is_beta":false,"boss_relics":[{"not_picked":["Runic Pyramid","Eternal Feather"],"picked":"Lizard Tail"},{"not_picked":["Empty Cage","Cursed Key"],"picked":"Busted Crown"}],"items_purged_floors":[],"is_endless":false,"potions_floor_spawned":[16,18,22,29,41,47],"killed_by":"Time Eater","ascension_level":1}