{"gold_per_floor":[19,34,34,54,68,68,48,48,48,73,97,97,97,22,22,151,151,176,194,194,219,43,43,59,59,59,74,0,31,31,44,44,173,173,192,42,142,142,17,51,51,51,51,51,51,70,94,107,107,107,107,107,8,51,51],"floor_reached":55,"playtime":5813,"items_purged":["Strike_R","Defend_R","Defend_R"],"score":684,"play_id":"058cb0a2-af54-495c-829a-866ab7459f65","local_time":"20190223112749","is_ascension_mode":false,"campfire_choices":[{"data":"Searing Blow","floor":6,"key":"SMITH"},{"data":"Searing Blow+1","floor":8,"key":"SMITH"},{"data":"Searing Blow+2","floor":13,"key":"SMITH"},{"data":"Searing Blow+3","floor":15,"key":"SMITH"},{"data":"Searing Blow+4","floor":23,"key":"SMITH"},{"data":"Searing Blow+5","floor":25,"key":"SMITH"},{"data":"Searing Blow+6","floor":30,"key":"SMITH"},{"floor":32,"key":"REST"},{"data":"Searing Blow+7","floor":41,"key":"SMITH"},{"floor":44,"key":"RECALL"},{"floor":49,"key":"REST"},{"data":"Searing Blow+8","floor":52,"key":"SMITH"}],"neow_cost":"NO_GOLD","seed_source_timestamp":207316251285914,"circlet_count":0,"master_deck":["Strike_R","Strike_R","Defend_R","Bash","Reaper","Searing Blow+9","Warcry","Battle Trance+1","Spot Weakness+1","Double Tap","Brutality","Armaments+1","Shrug It Off","Flame Barrier","Writhe","Dual Wield+1"],"relics":["Burning Blood","Golden Idol","Darkstone Periapt","Empty Cage","Letter Opener","Sundial","Cursed Key","War Paint","Bottled Flame","Bottled Tornado"],"potions_floor_usage":[11,16,18,29,29,29,29,35,38,47,48,50,54,54],"damage_taken":[{"damage":3,"enemies":"Small Slimes","floor":1,"turns":3},{"damage":6,"enemies":"Cultist","floor":2,"turns":4},{"damage":19,"enemies":"Jaw Worm","floor":4,"turns":4},{"damage":22,"enemies":"Exordium Thugs","floor":5,"turns":5},{"damage":2,"enemies":"Large Slime","floor":10,"turns":7},{"damage":5,"enemies":"2 Fungi Beasts","floor":11,"turns":3},{"damage":47,"enemies":"Hexaghost","floor":16,"turns":7},{"damage":26,"enemies":"3 Byrds","floor":18,"turns":3},{"damage":11,"enemies":"Spheric Guardian","floor":19,"turns":3},{"damage":12,"enemies":"Cultist and Chosen","floor":21,"turns":6},{"damage":2,"enemies":"Snake Plant","floor":24,"turns":2},{"damage":23,"enemies":"Sentry and Sphere","floor":27,"turns":6},{"damage":21,"enemies":"Gremlin Leader","floor":29,"turns":4},{"damage":3,"enemies":"Chosen and Byrds","floor":31,"turns":4},{"damage":61,"enemies":"Collector","floor":33,"turns":4},{"damage":2,"enemies":"Orb Walker","floor":35,"turns":2},{"damage":0,"enemies":"3 Darklings","floor":38,"turns":1},{"damage":35,"enemies":"Nemesis","floor":40,"turns":7},{"damage":11,"enemies":"Writhing Mass","floor":46,"turns":3},{"damage":25,"enemies":"Transient","floor":47,"turns":5},{"damage":80,"enemies":"4 Shapes","floor":48,"turns":4},{"damage":52,"enemies":"Donu and Deca","floor":50,"turns":6},{"damage":67,"enemies":"Shield and Spear","floor":54,"turns":5},{"damage":12,"enemies":"The Heart","floor":55,"turns":2}],"seed_played":"-6720159082981015732","potions_obtained":[{"floor":1,"key":"Swift Potion"},{"floor":7,"key":"Weak Potion"},{"floor":10,"key":"LiquidBronze"},{"floor":19,"key":"Weak Potion"},{"floor":21,"key":"Ancient Potion"},{"floor":24,"key":"EntropicBrew"},{"floor":33,"key":"Regen Potion"},{"floor":35,"key":"BloodPotion"},{"floor":46,"key":"SkillPotion"}],"is_trial":false,"path_per_floor":["M","M","?","M","M","R","?","R","T","M","M","?","R","$","R","B",null,"M","M","?","M","$","R","M","R","T","M","?","E","R","M","R","B",null,"M","$","?","M","$","E","R","$","T","R","?","M","M","M","R","B",null,"R","$","E","B"],"character_chosen":"IRONCLAD","items_purchased":["Flame Barrier","War Paint","SpeedPotion","AttackPotion"],"campfire_rested":2,"item_purchase_floors":[22,36,53,53],"current_hp_per_floor":[80,80,74,65,58,58,58,58,58,66,67,67,67,67,67,33,74,60,55,55,59,59,59,63,63,63,46,46,31,31,46,68,37,74,74,74,74,74,74,47,47,47,53,53,70,65,46,16,37,8,70,70,70,9,0],"gold":51,"neow_bonus":"THREE_RARE_CARDS","is_prod":false,"is_daily":false,"chose_seed":false,"campfire_upgraded":9,"win_rate":0,"timestamp":1550939269,"path_taken":["M","M","?","M","M","R","?","R","T","M","?","?","R","?","R","BOSS","M","M","?","M","$","R","M","R","T","M","?","E","R","?","R","BOSS","M","$","?","M","$","E","R","?","T","R","?","M","?","M","R","BOSS","R","$","E","BOSS"],"build_version":"2019-01-23","purchased_purges":3,"victory":false,"max_hp_per_floor":[80,80,74,74,74,74,74,74,74,74,74,74,74,74,74,74,74,74,74,74,74,74,74,74,74,74,74,74,74,74,74,74,74,74,74,74,74,74,74,74,74,74,80,80,70,70,70,70,70,70,70,70,70,70,70],"card_choices":[{"not_picked":["Double Tap","Dark Embrace"],"picked":"Reaper","floor":0},{"not_picked":["Battle Trance","Warcry"],"picked":"Searing Blow","floor":1},{"not_picked":["Iron Wave","Fire Breathing","Headbutt"],"picked":"SKIP","floor":2},{"not_picked":["Anger","Iron Wave","Thunderclap"],"picked":"SKIP","floor":4},{"not_picked":["Dropkick","True Grit"],"picked":"Warcry","floor":5},{"not_picked":["Body Slam","Dropkick"],"picked":"Battle Trance","floor":10},{"not_picked":["Intimidate","Barricade"],"picked":"Spot Weakness","floor":11},{"not_picked":["Barricade","Reaper"],"picked":"Brutality","floor":16},{"not_picked":["Heavy Blade","Combust"],"picked":"Armaments+1","floor":18},{"not_picked":["Sword Boomerang","Spot Weakness"],"picked":"Shrug It Off","floor":19},{"not_picked":["Seeing Red","Clothesline","Hemokinesis"],"picked":"SKIP","floor":21},{"not_picked":["Clothesline","Sword Boomerang","Feed"],"picked":"SKIP","floor":24},{"not_picked":["Burning Pact","Thunderclap+1","Blood for Blood"],"picked":"SKIP","floor":27},{"not_picked":["Body Slam","Clash","Infernal Blade+1"],"picked":"SKIP","floor":29},{"not_picked":["Flex","Dropkick","Anger"],"picked":"SKIP","floor":31},{"not_picked":["Heavy Blade+1","Wild Strike+1","Flex"],"picked":"SKIP","floor":35},{"not_picked":["Shrug It Off","Pommel Strike+1","Clothesline+1"],"picked":"SKIP","floor":40},{"not_picked":["Warcry","Dropkick+1"],"picked":"Dual Wield+1","floor":46},{"not_picked":["Perfected Strike","Twin Strike","Spot Weakness"],"picked":"SKIP","floor":47},{"not_picked":["Flex","Battle Trance","Fire Breathing+1"],"picked":"SKIP","floor":48},{"not_picked":["Flame Barrier","Seeing Red","Flex+1"],"picked":"SKIP","floor":54}],"player_experience":181321,"relics_obtained":[{"floor":9,"key":"Darkstone Periapt"},{"floor":26,"key":"Letter Opener"},{"floor":29,"key":"Sundial"},{"floor":40,"key":"Bottled Flame"},{"floor":54,"key":"Bottled Tornado"}],"event_choices":[{"damage_healed":0,"gold_gain":0,"player_choice":"Lose Max HP","damage_taken":0,"relics_obtained":["Golden Idol"],"max_hp_gain":0,"max_hp_loss":6,"event_name":"Golden Idol","floor":3,"gold_loss":0},{"damage_healed":0,"gold_gain":0,"player_choice":"Bought 1 Potion","damage_taken":0,"max_hp_gain":0,"max_hp_loss":0,"event_name":"The Woman in Blue","floor":7,"gold_loss":0},{"damage_healed":0,"gold_gain":0,"cards_transformed":["Strike_R"],"player_choice":"Transformed","damage_taken":0,"max_hp_gain":0,"max_hp_loss":0,"event_name":"Transmorgrifier","floor":12,"gold_loss":0,"cards_obtained":["Double Tap"]},{"damage_healed":0,"gold_gain":0,"player_choice":"Ignored","damage_taken":0,"max_hp_gain":0,"max_hp_loss":0,"event_name":"Cursed Tome","floor":20,"gold_loss":0},{"damage_healed":0,"gold_gain":0,"player_choice":"Paid Fearfully","damage_taken":0,"max_hp_gain":0,"max_hp_loss":0,"event_name":"Masked Bandits","floor":28,"gold_loss":74},{"damage_healed":0,"gold_gain":100,"player_choice":"Pray","damage_taken":0,"max_hp_gain":0,"max_hp_loss":0,"event_name":"Golden Shrine","floor":37,"gold_loss":0},{"damage_healed":70,"gold_gain":0,"player_choice":"Heal","damage_taken":0,"max_hp_gain":0,"max_hp_loss":10,"event_name":"The Moai Head","floor":45,"gold_loss":0}],"is_beta":false,"boss_relics":[{"not_picked":["Ectoplasm","Runic Cube"],"picked":"Empty Cage"},{"not_picked":["Fusion Hammer","Runic Dome"],"picked":"Cursed Key"}],"items_purged_floors":[14,22,39],"is_endless":false,"potions_floor_spawned":[1,10,19,21,24,33,35,38,46],"killed_by":"The Heart","ascension_level":0}