{"gold_per_floor":[111,130,140,140,160,160,180,206,280,206,227,250,263,287,287,408,408,423,51,27,43,57,91,110,134,134,165,177,209,320,347,359,499,511,536,548,585,621,633,645,682,176,199,199,215,234,297,313,313,313],"floor_reached":51,"playtime":6098,"items_purged":["Strike_B","Defend_B"],"score":748,"play_id":"4fee8a14-3c00-4c72-a27b-2419e8eec86b","local_time":"20181002044534","is_ascension_mode":false,"campfire_choices":[{"data":"Loop","floor":6.0,"key":"SMITH"},{"floor":15.0,"key":"REST"},{"floor":32,"key":"REST"},{"data":"Thunder Strike","floor":44,"key":"SMITH"},{"floor":49,"key":"REST"}],"neow_cost":"","seed_source_timestamp":0,"circlet_count":0,"master_deck":["Strike_B","Defend_B","Defend_B","Defend_B","Zap","Dualcast","Leap","Loop+1","Go for the Eyes","FTL","Glacier","Auto Shields+1","Redo+1","Steam+1","Stack+1","Multi-Cast+1","Chill+1","BootSequence+1","Go for the Eyes","Redo+1","Tempest+1","Ball Lightning","Ball Lightning","FTL","Leap+1","Hologram+1","Thunder Strike+1","FTL+1","Tempest+1","Tempest+1","Leap+1","Leap+1","Blind+1","FTL","Tempest+1","Hologram+1"],"special_seed":0,"relics":["Cracked Core","Golden Idol","Odd Mushroom","Toxic Egg 2","Velvet Choker","Mercury Hourglass","FossilizedHelix","MawBank","Astrolabe","Omamori","Bag of Preparation","Bag of Marbles","Strawberry","Gambling Chip"],"potions_floor_usage":[23,23,23,50,50,50],"damage_taken":[{"damage":0.0,"enemies":"Small Slimes","floor":1.0,"turns":3.0},{"damage":6.0,"enemies":"Jaw Worm","floor":2.0,"turns":3.0},{"damage":0.0,"enemies":"2 Louse","floor":3.0,"turns":3.0},{"damage":3.0,"enemies":"Looter","floor":5.0,"turns":3.0},{"damage":3.0,"enemies":"3 Louse","floor":7.0,"turns":4.0},{"damage":8.0,"enemies":"The Mushroom Lair","floor":8.0,"turns":4.0},{"damage":8.0,"enemies":"Exordium Thugs","floor":11.0,"turns":7.0},{"damage":0.0,"enemies":"Blue Slaver","floor":12.0,"turns":4.0},{"damage":0.0,"enemies":"Lots of Slimes","floor":13.0,"turns":5.0},{"damage":3.0,"enemies":"Gremlin Gang","floor":14.0,"turns":4.0},{"damage":14.0,"enemies":"Slime Boss","floor":16.0,"turns":14.0},{"damage":0,"enemies":"Spheric Guardian","floor":18,"turns":3},{"damage":0,"enemies":"Shell Parasite","floor":21,"turns":7},{"damage":1,"enemies":"Centurion and Healer","floor":22,"turns":13},{"damage":12,"enemies":"Gremlin Leader","floor":23,"turns":4},{"damage":0,"enemies":"Snecko","floor":24,"turns":5},{"damage":10,"enemies":"Sentry and Sphere","floor":25,"turns":6},{"damage":0,"enemies":"Snake Plant","floor":27,"turns":3},{"damage":0,"enemies":"Snecko","floor":29,"turns":5},{"damage":0,"enemies":"Centurion and Healer","floor":31,"turns":6},{"damage":41,"enemies":"Automaton","floor":33,"turns":11},{"damage":27,"enemies":"3 Darklings","floor":35,"turns":3},{"damage":0,"enemies":"Orb Walker","floor":37,"turns":3},{"damage":8,"enemies":"3 Darklings","floor":38,"turns":6},{"damage":7,"enemies":"4 Shapes","floor":41,"turns":4},{"damage":0,"enemies":"Sphere and 2 Shapes","floor":45,"turns":3},{"damage":11,"enemies":"Maw","floor":46,"turns":8},{"damage":11,"enemies":"Mysterious Sphere","floor":47,"turns":4},{"damage":0,"enemies":"4 Shapes","floor":48,"turns":4},{"damage":31,"enemies":"Awakened One","floor":50,"turns":12}],"seed_played":"-4604162487238261937","potions_obtained":[{"floor":3.0,"key":"AttackPotion"},{"floor":11.0,"key":"Fire Potion"},{"floor":13.0,"key":"Weak Potion"},{"floor":14.0,"key":"Fire Potion"},{"floor":18,"key":"Fire Potion"},{"floor":22,"key":"Fire Potion"},{"floor":24,"key":"Energy Potion"},{"floor":31,"key":"Weak Potion"},{"floor":35,"key":"Ancient Potion"}],"is_trial":false,"path_per_floor":["M","M","M","?","M","R","M","?","T","$","M","M","M","M","R","B",null,"M","$","$","M","M","E","M","M","T","M","?","M","?","M","R","B",null,"M","?","M","M","?","?","M","$","T","R","M","M","?","M","R","B"],"character_chosen":"DEFECT","items_purchased":["Auto Shields+1","BootSequence+1","Mercury Hourglass","Go for the Eyes","Bag of Preparation","Bag of Marbles","FTL","SpeedPotion"],"campfire_rested":3,"item_purchase_floors":[10,19,19,20,42,42,42,42],"current_hp_per_floor":[75,69,69,51,48,48,45,37,37,37,29,29,29,26,48,34,75,75,75,75,75,74,62,62,52,52,52,52,52,52,52,74,33,75,48,48,48,40,40,40,33,33,40,40,40,29,18,18,42,11],"gold":313,"neow_bonus":"","is_prod":false,"is_daily":false,"chose_seed":false,"campfire_upgraded":2,"win_rate":0.0,"timestamp":1538448334,"path_taken":["M","M","M","?","M","R","M","?","T","?","?","M","M","M","R","BOSS","M","?","$","M","M","E","M","M","T","M","?","?","?","M","R","BOSS","M","?","?","M","?","?","?","$","T","R","M","M","?","M","R","BOSS"],"build_version":"2018-09-20","purchased_purges":2,"victory":true,"max_hp_per_floor":[75,75,75,75,75,75,75,75,75,75,75,75,75,75,75,75,75,75,75,75,75,75,75,75,75,75,75,75,75,75,75,75,75,75,75,75,75,75,75,75,75,75,82,82,82,82,82,82,82,82],"card_choices":[{"not_picked":["Beam Cell","Rip and Tear"],"picked":"Leap","floor":1.0},{"not_picked":["Sweeping Beam","Biased Cognition"],"picked":"Loop","floor":2.0},{"not_picked":["Reinforced Body","Gash"],"picked":"Go for the Eyes","floor":3.0},{"not_picked":["Leap","Heatsinks"],"picked":"Steam","floor":5.0},{"not_picked":["BootSequence","Redo"],"picked":"FTL","floor":7.0},{"not_picked":["Cold Snap","Rainbow"],"picked":"Glacier","floor":8.0},{"not_picked":["Genetic Algorithm+1","Streamline"],"picked":"Redo+1","floor":11.0},{"not_picked":["Conserve Battery+1","Sweeping Beam"],"picked":"Steam+1","floor":12.0},{"not_picked":["Sweeping Beam","Steam+1"],"picked":"Ball Lightning","floor":13.0},{"not_picked":["Amplify+1","Cold Snap"],"picked":"Stack+1","floor":14.0},{"not_picked":["Buffer","Amplify+1"],"picked":"Multi-Cast+1","floor":16.0},{"not_picked":["Cold Snap","Barrage"],"picked":"Chill+1","floor":18},{"not_picked":["Barrage","Hologram+1"],"picked":"Redo+1","floor":21},{"not_picked":["Steam+1","Coolheaded+1"],"picked":"Tempest+1","floor":22},{"not_picked":["Chill+1","Beam Cell"],"picked":"Ball Lightning","floor":23},{"not_picked":["Rip and Tear+1","BootSequence+1","Compile Driver"],"picked":"SKIP","floor":24},{"not_picked":["Cold Snap","Rip and Tear","Buffer"],"picked":"SKIP","floor":25},{"not_picked":["Force Field+1","Barrage+1"],"picked":"Ball Lightning","floor":27},{"not_picked":["Conserve Battery+1","Barrage"],"picked":"Leap+1","floor":29},{"not_picked":["Beam Cell","Steam+1"],"picked":"Hologram+1","floor":31},{"not_picked":["Rainbow+1","Fission+1"],"picked":"Thunder Strike","floor":33},{"not_picked":["Cold Snap","Streamline+1"],"picked":"Leap+1","floor":35},{"not_picked":["Barrage+1","Aggregate+1"],"picked":"Leap+1","floor":37},{"not_picked":["Creative AI","Self Repair","Steam+1"],"picked":"SKIP","floor":38},{"not_picked":["Purity+1","Violence+1"],"picked":"Blind+1","floor":40},{"not_picked":["BootSequence+1","Hologram+1","Gash+1"],"picked":"SKIP","floor":41},{"not_picked":["Steam+1","Sweeping Beam"],"picked":"Tempest+1","floor":45},{"not_picked":["Conserve Battery+1","Compile Driver","Aggregate+1"],"picked":"SKIP","floor":46},{"not_picked":["Barrage+1","Stack+1"],"picked":"Hologram+1","floor":48}],"player_experience":33446,"relics_obtained":[{"floor":8.0,"key":"Odd Mushroom"},{"floor":9.0,"key":"Toxic Egg 2"},{"floor":23,"key":"FossilizedHelix"},{"floor":26,"key":"MawBank"},{"floor":43,"key":"Strawberry"},{"floor":47,"key":"Gambling Chip"}],"event_choices":[{"event_name":"Golden Idol","player_choice":"Take Damage","floor":4.0,"damage_taken":0.0},{"event_name":"Mushrooms","player_choice":"Fought Mushrooms","floor":8.0,"damage_taken":0.0},{"event_name":"The Library","player_choice":"Read","floor":28,"damage_taken":0},{"event_name":"Nest","player_choice":"Stole From Cult","floor":30,"damage_taken":0},{"event_name":"Falling","player_choice":"Removed Attack","floor":36,"damage_taken":0},{"event_name":"WeMeetAgain","player_choice":"Potion","floor":39,"damage_taken":0},{"event_name":"SensoryStone","player_choice":"Memory 1","floor":40,"damage_taken":0},{"event_name":"Mysterious Sphere","player_choice":"Fight","floor":47,"damage_taken":0}],"is_beta":false,"boss_relics":[{"not_picked":["FrozenCore","Lizard Tail"],"picked":"Velvet Choker"},{"not_picked":["Nuclear Battery","Busted Crown"],"picked":"Astrolabe"}],"items_purged_floors":[19,42],"is_endless":false,"potions_floor_spawned":[3,11,13,14,18,21,22,24,31,35,45,47],"ascension_level":0}