{"gold_per_floor":[109,109,126,140,140,140,157,190,242,261,261,261,289,300,300,405,405,385,410,410,425,451,451,481,493,493,493,513,111,121,137,137,240,240,255,267,227,175,190,190,90,122,158,186,198,220,232,244,256,268],"floor_reached":51,"playtime":3700,"items_purged":["Strike_B","Strike_B"],"score":923,"play_id":"7306e062-ee1a-4cf4-a499-cd5f6ef2b898","local_time":"20190209185912","is_ascension_mode":true,"campfire_choices":[{"data":"Dualcast","floor":6,"key":"SMITH"},{"data":"Go for the Eyes","floor":12,"key":"SMITH"},{"floor":15,"key":"REST"},{"floor":23,"key":"REST"},{"floor":32,"key":"REST"},{"data":"Consume","floor":40,"key":"SMITH"},{"data":"Capacitor","floor":45,"key":"SMITH"},{"data":"Capacitor","floor":47,"key":"SMITH"},{"floor":49,"key":"REST"}],"neow_cost":"NONE","seed_source_timestamp":23158584856537,"circlet_count":0,"master_deck":["Strike_B+1","Strike_B+1","Defend_B","Defend_B","Defend_B","Defend_B","Zap+1","Dualcast+1","Cold Snap","Leap","Chill","Creative AI+1","Glacier","Ball Lightning","Echo Form","Fusion","Undo","BootSequence","Conserve Battery","Seek+1","Self Repair","Conserve Battery","Core Surge+1","Electrodynamics","Capacitor+1","Go for the Eyes+1","Consume+1","Capacitor+1"],"relics":["Cracked Core","Gremlin Horn","Dream Catcher","Bronze Scales","Nuclear Battery","Red Mask","DataDisk","Molten Egg 2","Blue Candle","Anchor","Sozu","MawBank","Centennial Puzzle"],"potions_floor_usage":[7,8,14,19,19,19,19,33,33],"damage_taken":[{"damage":2,"enemies":"Jaw Worm","floor":1,"turns":4},{"damage":0,"enemies":"Cultist","floor":3,"turns":3},{"damage":0,"enemies":"Small Slimes","floor":4,"turns":2},{"damage":0,"enemies":"Blue Slaver","floor":7,"turns":3},{"damage":5,"enemies":"3 Sentries","floor":8,"turns":9},{"damage":0,"enemies":"Large Slime","floor":10,"turns":4},{"damage":26,"enemies":"Gremlin Nob","floor":13,"turns":4},{"damage":0,"enemies":"Gremlin Gang","floor":14,"turns":2},{"damage":30,"enemies":"Slime Boss","floor":16,"turns":9},{"damage":20,"enemies":"2 Thieves","floor":18,"turns":4},{"damage":2,"enemies":"Masked Bandits","floor":19,"turns":2},{"damage":10,"enemies":"Spheric Guardian","floor":21,"turns":4},{"damage":14,"enemies":"Gremlin Leader","floor":24,"turns":9},{"damage":9,"enemies":"Snake Plant","floor":25,"turns":5},{"damage":1,"enemies":"Colosseum Slavers","floor":27,"turns":4},{"damage":0,"enemies":"Shelled Parasite and Fungi","floor":28,"turns":7},{"damage":2,"enemies":"Centurion and Healer","floor":30,"turns":10},{"damage":5,"enemies":"Snecko","floor":31,"turns":7},{"damage":49,"enemies":"Automaton","floor":33,"turns":16},{"damage":0,"enemies":"3 Shapes","floor":35,"turns":2},{"damage":22,"enemies":"3 Darklings","floor":36,"turns":5},{"damage":0,"enemies":"Transient","floor":39,"turns":5},{"damage":10,"enemies":"Reptomancer","floor":42,"turns":8},{"damage":8,"enemies":"Jaw Worm Horde","floor":44,"turns":3},{"damage":0,"enemies":"Sphere and 2 Shapes","floor":46,"turns":5},{"damage":8,"enemies":"Time Eater","floor":50,"turns":10}],"seed_played":"-9021504750338710928","potions_obtained":[{"floor":3,"key":"SkillPotion"},{"floor":5,"key":"FocusPotion"},{"floor":5,"key":"EntropicBrew"},{"floor":7,"key":"PowerPotion"},{"floor":10,"key":"Explosive Potion"},{"floor":18,"key":"Swift Potion"},{"floor":21,"key":"SpeedPotion"},{"floor":25,"key":"Fire Potion"}],"is_trial":false,"path_per_floor":["?","?","M","?","?","?","T","?","M","M","?","$","?"],"character_chosen":"DEFECT","items_purchased":["Anchor","Seek","Self Repair","Go for the Eyes+1"],"campfire_rested":4,"item_purchase_floors":[29,29,29,38],"current_hp_per_floor":[66,51,51,51,51,51,51,46,46,46,46,46,20,20,42,12,59,39,42,42,32,32,54,40,31,31,30,30,30,35,37,59,17,61,61,46,46,46,53,53,53,50,50,49,49,63,63,63,75,74],"gold":280,"neow_bonus":"UPGRADE_CARD","is_prod":false,"is_daily":false,"chose_seed":false,"campfire_upgraded":5,"win_rate":0,"timestamp":1549735152,"path_taken":["M","?","M","M","?","R","M","E","T","?","?","R","E","M","R","BOSS","M","?","?","M","?","R","E","M","T","?","?","$","M","M","R","BOSS","M","?","?","?","M","R","$","E","T","M","R","M","R","?","R","BOSS"],"build_version":"2019-01-23","purchased_purges":2,"victory":true,"max_hp_per_floor":[75,75,75,75,75,75,75,75,75,75,75,75,75,75,75,75,75,75,75,75,75,75,75,75,75,75,75,75,75,75,75,75,75,75,75,75,75,75,75,75,75,75,75,75,75,75,75,75,75,75],"card_choices":[{"not_picked":["Conserve Battery","FTL"],"picked":"Cold Snap","floor":1},{"not_picked":["Double Energy","Consume","Storm"],"picked":"SKIP","floor":3},{"not_picked":["Streamline","Redo"],"picked":"Leap","floor":4},{"not_picked":["Skim","Lockon"],"picked":"Chill","floor":7},{"not_picked":["Chaos","Rebound"],"picked":"Creative AI","floor":8},{"not_picked":["Turbo","Doom and Gloom"],"picked":"Go for the Eyes","floor":10},{"not_picked":["Doom and Gloom","Beam Cell"],"picked":"Glacier","floor":13},{"not_picked":["Sunder","Go for the Eyes"],"picked":"Ball Lightning","floor":14},{"not_picked":["Multi-Cast","Fission"],"picked":"Echo Form","floor":16},{"not_picked":["Steam Power","Auto Shields"],"picked":"Fusion","floor":18},{"not_picked":["Genetic Algorithm","Self Repair"],"picked":"Undo","floor":19},{"not_picked":["Turbo+1","FTL"],"picked":"BootSequence","floor":21},{"not_picked":["Coolheaded","Beam Cell+1","Rip and Tear"],"picked":"SKIP","floor":24},{"not_picked":["Ball Lightning+1","Steam"],"picked":"Conserve Battery","floor":25},{"not_picked":["Steam+1","Tempest","Lockon+1"],"picked":"SKIP","floor":28},{"not_picked":["Auto Shields","Ball Lightning+1"],"picked":"Conserve Battery","floor":30},{"not_picked":["Redo","Go for the Eyes+1"],"picked":"Core Surge+1","floor":31},{"not_picked":["Meteor Strike+1","Echo Form"],"picked":"Electrodynamics","floor":33},{"not_picked":["Ball Lightning+1","Scrape+1","Reinforced Body"],"picked":"SKIP","floor":35},{"not_picked":["Static Discharge+1","Stack+1"],"picked":"Capacitor","floor":36},{"not_picked":["Leap+1","Rebound+1"],"picked":"Consume","floor":39},{"not_picked":["Double Energy","Beam Cell+1"],"picked":"Capacitor","floor":42},{"not_picked":["Cold Snap+1","Steam+1","Sweeping Beam+1"],"picked":"SKIP","floor":44},{"not_picked":["Reprogram","Turbo","Chill"],"picked":"SKIP","floor":46}],"player_experience":317495,"relics_obtained":[{"floor":8,"key":"Gremlin Horn"},{"floor":9,"key":"Dream Catcher"},{"floor":13,"key":"Bronze Scales"},{"floor":19,"key":"Red Mask"},{"floor":22,"key":"DataDisk"},{"floor":24,"key":"Molten Egg 2"},{"floor":26,"key":"Blue Candle"},{"floor":42,"key":"MawBank"},{"floor":43,"key":"Centennial Puzzle"}],"event_choices":[{"damage_healed":0,"gold_gain":0,"player_choice":"Entered Light","damage_taken":15,"max_hp_gain":0,"max_hp_loss":0,"event_name":"Shining Light","floor":2,"gold_loss":0,"cards_upgraded":["Strike_B","Strike_B"]},{"damage_healed":0,"gold_gain":0,"player_choice":"Got Potions","damage_taken":0,"max_hp_gain":0,"max_hp_loss":0,"event_name":"Lab","floor":5,"gold_loss":0},{"damage_healed":0,"gold_gain":0,"player_choice":"Upgraded","damage_taken":0,"max_hp_gain":0,"max_hp_loss":0,"event_name":"Upgrade Shrine","floor":11,"gold_loss":0,"cards_upgraded":["Creative AI"]},{"damage_healed":0,"gold_gain":0,"player_choice":"Fought Bandits","damage_taken":0,"max_hp_gain":0,"max_hp_loss":0,"event_name":"Masked Bandits","floor":19,"gold_loss":0},{"damage_healed":0,"gold_gain":0,"player_choice":"Ignored","damage_taken":0,"max_hp_gain":0,"max_hp_loss":0,"event_name":"Vampires","floor":20,"gold_loss":0},{"damage_healed":0,"gold_gain":0,"player_choice":"Fight","damage_taken":0,"max_hp_gain":0,"max_hp_loss":0,"event_name":"Colosseum","floor":27,"gold_loss":0},{"damage_healed":0,"gold_gain":0,"player_choice":"Fled From Nobs","damage_taken":0,"max_hp_gain":0,"max_hp_loss":0,"event_name":"Colosseum","floor":27,"gold_loss":0},{"damage_healed":0,"gold_gain":0,"player_choice":"Upgrade","damage_taken":0,"max_hp_gain":0,"max_hp_loss":0,"event_name":"Designer","floor":37,"gold_loss":40,"cards_upgraded":["Seek"]},{"cards_removed":["Go for the Eyes"],"damage_healed":0,"gold_gain":0,"player_choice":"Removed Attack","damage_taken":0,"max_hp_gain":0,"max_hp_loss":0,"event_name":"Falling","floor":48,"gold_loss":0}],"is_beta":false,"boss_relics":[{"not_picked":["Empty Cage","Philosopher\u0027s Stone"],"picked":"Nuclear Battery"},{"not_picked":["Pandora\u0027s Box","Coffee Dripper"],"picked":"Sozu"}],"items_purged_floors":[29,41],"is_endless":false,"potions_floor_spawned":[3,7,10,13,18,21,25,31,36,39,42],"ascension_level":8}