{"gold_per_floor":[116,135,85,85,17,52,52,83,83,83,101,101,113,139,139,243,293,308,323,208,258,258],"floor_reached":22,"playtime":642,"items_purged":["Strike_B"],"score":320,"play_id":"554630c5-4ed5-43c5-bc2a-931a99bcd0f3","local_time":"20190215153115","is_ascension_mode":true,"campfire_choices":[{"data":"Zap","floor":7,"key":"SMITH"},{"data":"Dualcast","floor":10,"key":"SMITH"},{"data":"Defragment","floor":15,"key":"SMITH"}],"neow_cost":"NONE","seed_source_timestamp":57185401612947,"circlet_count":0,"master_deck":["Strike_B","Strike_B+1","Defend_B","Defend_B","Defend_B","Defend_B","Zap+1","Dualcast+1","Melter","Gash","Chill","FTL","Gash","Doom and Gloom","Forethought","Defragment+1","Hello World","Electrodynamics","Coolheaded","Go for the Eyes","Leap","Defragment"],"relics":["Cracked Core","NeowsBlessing","Peace Pipe","Mummified Hand","Pear","Happy Flower","Tiny House"],"potions_floor_usage":[13,19,19],"damage_taken":[{"damage":0,"enemies":"Jaw Worm","floor":1,"turns":1},{"damage":0,"enemies":"2 Louse","floor":2,"turns":1},{"damage":0,"enemies":"3 Sentries","floor":6,"turns":1},{"damage":26,"enemies":"Lagavulin","floor":8,"turns":6},{"damage":0,"enemies":"Cultist","floor":11,"turns":2},{"damage":3,"enemies":"Exordium Thugs","floor":13,"turns":5},{"damage":5,"enemies":"3 Sentries","floor":14,"turns":6},{"damage":40,"enemies":"Hexaghost","floor":16,"turns":8},{"damage":37,"enemies":"Shell Parasite","floor":18,"turns":5},{"damage":17,"enemies":"2 Thieves","floor":19,"turns":3},{"damage":25,"enemies":"Snake Plant","floor":22,"turns":2}],"seed_played":"1266873974312236412","potions_obtained":[{"floor":2,"key":"Explosive Potion"},{"floor":6,"key":"Dexterity Potion"},{"floor":8,"key":"SpeedPotion"},{"floor":11,"key":"Block Potion"},{"floor":17,"key":"LiquidBronze"}],"is_trial":false,"path_per_floor":["M","M","?","?","$","E","R","E","T","R","M","?","M","E","R","B",null,"M","M","$","?","M"],"character_chosen":"DEFECT","items_purchased":["Chill","Defragment"],"campfire_rested":0,"item_purchase_floors":[5,20],"current_hp_per_floor":[68,68,68,73,73,73,73,47,57,57,57,57,54,49,49,9,75,38,21,21,21,0],"gold":258,"neow_bonus":"THREE_ENEMY_KILL","is_prod":false,"is_daily":false,"chose_seed":false,"campfire_upgraded":3,"win_rate":0,"timestamp":1550241075,"path_taken":["M","M","?","?","$","E","R","E","T","R","M","?","?","E","R","BOSS","M","M","$","?","?"],"build_version":"2019-01-23","purchased_purges":1,"victory":false,"max_hp_per_floor":[75,75,75,80,80,80,80,80,90,90,90,90,90,90,90,90,95,95,95,95,95,95],"card_choices":[{"not_picked":["Ball Lightning","Stack"],"picked":"Melter","floor":1},{"not_picked":["Stack","Tempest"],"picked":"Gash","floor":2},{"not_picked":["Sunder","Capacitor"],"picked":"FTL","floor":6},{"not_picked":["Rebound","Chaos"],"picked":"Gash","floor":8},{"not_picked":["Capacitor","Tempest"],"picked":"Doom and Gloom","floor":11},{"not_picked":["Conserve Battery","Steam"],"picked":"Defragment","floor":13},{"not_picked":["Cold Snap","Turbo"],"picked":"Hello World","floor":14},{"not_picked":["Multi-Cast","Core Surge"],"picked":"Electrodynamics","floor":16},{"not_picked":["Turbo","Auto Shields"],"picked":"Coolheaded","floor":17},{"not_picked":["Storm","Redo"],"picked":"Go for the Eyes","floor":18},{"not_picked":["Capacitor+1","Rip and Tear"],"picked":"Leap","floor":19}],"player_experience":663153,"relics_obtained":[{"floor":6,"key":"Peace Pipe"},{"floor":8,"key":"Mummified Hand"},{"floor":9,"key":"Pear"},{"floor":14,"key":"Happy Flower"}],"event_choices":[{"cards_removed":["Strike_B"],"damage_healed":0,"gold_gain":0,"player_choice":"Card Removal","damage_taken":0,"max_hp_gain":0,"max_hp_loss":0,"event_name":"The Cleric","floor":3,"gold_loss":50},{"damage_healed":0,"gold_gain":0,"player_choice":"Donut","damage_taken":0,"max_hp_gain":5,"max_hp_loss":0,"event_name":"Big Fish","floor":4,"gold_loss":0},{"damage_healed":0,"gold_gain":0,"player_choice":"1 cards matched","damage_taken":0,"max_hp_gain":0,"max_hp_loss":0,"event_name":"Match and Keep!","floor":12,"gold_loss":0,"cards_obtained":["Forethought"]},{"damage_healed":0,"gold_gain":100,"player_choice":"Bet on Murderer","damage_taken":0,"max_hp_gain":0,"max_hp_loss":0,"event_name":"The Joust","floor":21,"gold_loss":50}],"is_beta":false,"boss_relics":[{"not_picked":["Lizard Tail","Eternal Feather"],"picked":"Tiny House"}],"items_purged_floors":[20],"is_endless":false,"potions_floor_spawned":[2,6,8,11],"killed_by":"Snake Plant","ascension_level":6}