{"gold_per_floor":[111,126,76,93,39,71,71,88,88,88,188,204,223,236,236,335,385,401,401,51,62,62,62,90,105,154,187,211,221,221,221,221,221],"floor_reached":33,"playtime":3638,"items_purged":["Defend_G"],"score":326,"play_id":"08975aff-d33b-43d2-b9dc-dc7bae6db403","local_time":"20190224205837","is_ascension_mode":true,"campfire_choices":[{"data":"Underhanded Strike","floor":7.0,"key":"SMITH"},{"data":"Underhanded Strike","floor":10.0,"key":"SMITH"},{"floor":15.0,"key":"REST"},{"data":"Panache","floor":23.0,"key":"SMITH"},{"floor":32,"key":"REST"}],"neow_cost":"NONE","seed_source_timestamp":0,"circlet_count":0,"master_deck":["Defend_G","Defend_G","Defend_G","Defend_G","Strike_G","Strike_G","Strike_G","Survivor","Neutralize","Well Laid Plans","Caltrops+1","Prepared","Underhanded Strike+1","Underhanded Strike+1","Slice","Acrobatics","Quick Slash","Venomology+1","Acrobatics","Underhanded Strike","Panache+1","Calculated Gamble","Dodge and Roll","Caltrops","Blur+1","Terror","Dash","Finisher"],"special_seed":0,"relics":["Ring of the Snake","PreservedInsect","Strawberry","Tiny House","Mummified Hand","Question Card","Anchor","Vajra","Juzu Bracelet"],"potions_floor_usage":[29,33,33],"damage_taken":[{"damage":7.0,"enemies":"Small Slimes","floor":1.0,"turns":5.0},{"damage":3.0,"enemies":"Jaw Worm","floor":2.0,"turns":4.0},{"damage":7.0,"enemies":"2 Louse","floor":4.0,"turns":3.0},{"damage":9.0,"enemies":"Lagavulin","floor":6.0,"turns":8.0},{"damage":11.0,"enemies":"Lots of Slimes","floor":8.0,"turns":4.0},{"damage":5.0,"enemies":"Looter","floor":12.0,"turns":3.0},{"damage":4.0,"enemies":"Blue Slaver","floor":13.0,"turns":4.0},{"damage":5.0,"enemies":"Exordium Wildlife","floor":14.0,"turns":6.0},{"damage":40.0,"enemies":"The Guardian","floor":16.0,"turns":11.0},{"damage":7.0,"enemies":"3 Byrds","floor":18.0,"turns":3.0},{"damage":5.0,"enemies":"Shell Parasite","floor":21.0,"turns":3.0},{"damage":27.0,"enemies":"Slavers","floor":24.0,"turns":3.0},{"damage":15.0,"enemies":"Snake Plant","floor":25.0,"turns":3.0},{"damage":5.0,"enemies":"Gremlin Leader","floor":27.0,"turns":6.0},{"damage":15,"enemies":"Snecko","floor":29,"turns":4},{"damage":1,"enemies":"Colosseum Slavers","floor":30,"turns":3},{"damage":61,"enemies":"Collector","floor":33,"turns":7}],"seed_played":"7720393070116157682","potions_obtained":[{"floor":1.0,"key":"GhostInAJar"},{"floor":8.0,"key":"Dexterity Potion"},{"floor":12.0,"key":"Explosive Potion"},{"floor":14.0,"key":"Poison Potion"},{"floor":17.0,"key":"Block Potion"},{"floor":18.0,"key":"Poison Potion"},{"floor":27.0,"key":"Explosive Potion"}],"is_trial":false,"path_per_floor":["M","M","?","M","$","E","R","M","T","R","?","M","M","M","R","B",null,"M","?","$","M","?","R","E","M","T","E","T","M","?","?","R","B"],"character_chosen":"THE_SILENT","items_purchased":["Underhanded Strike","Panache","Calculated Gamble"],"campfire_rested":2,"item_purchase_floors":[5,20,20],"current_hp_per_floor":[70,67,67,60,60,51,51,40,47,47,47,42,38,33,58,18,89,82,82,82,77,77,77,50,35,35,30,30,15,14,14,40,0],"gold":221,"neow_bonus":"TEN_PERCENT_HP_BONUS","is_prod":false,"is_daily":false,"chose_seed":false,"campfire_upgraded":3,"win_rate":0,"timestamp":1551059917,"path_taken":["M","M","?","M","?","E","R","M","T","R","?","?","M","M","R","BOSS","M","?","$","?","?","R","E","M","T","E","?","M","?","?","R","BOSS"],"build_version":"2019-01-23","purchased_purges":1,"victory":false,"max_hp_per_floor":[77,77,77,77,77,77,77,77,84,84,84,84,84,84,84,84,89,89,89,89,89,89,89,89,89,89,89,89,89,89,89,89,89],"card_choices":[{"not_picked":["Choke","Quick Slash"],"picked":"Well Laid Plans","floor":1.0},{"not_picked":["Sucker Punch","Masterful Stab"],"picked":"Caltrops","floor":2.0},{"not_picked":["Terror","Flying Knee"],"picked":"Prepared","floor":4.0},{"not_picked":["Poisoned Stab","Masterful Stab"],"picked":"Underhanded Strike","floor":6.0},{"not_picked":["Choke","Underhanded Strike"],"picked":"Slice","floor":8.0},{"not_picked":["Escape Plan","Sucker Punch"],"picked":"Acrobatics","floor":12.0},{"not_picked":["Infinite Blades","Skewer","Flechettes"],"picked":"SKIP","floor":13.0},{"not_picked":["Acrobatics","Setup"],"picked":"Quick Slash","floor":14.0},{"not_picked":["Bullet Time","Malaise"],"picked":"Venomology","floor":16.0},{"not_picked":["Poisoned Stab","Blade Dance"],"picked":"Acrobatics","floor":17.0},{"not_picked":["Cloak And Dagger","Blade Dance"],"picked":"Underhanded Strike","floor":18.0},{"not_picked":["Backflip","Catalyst"],"picked":"Dodge and Roll","floor":21.0},{"not_picked":["Deflect+1","Night Terror"],"picked":"Caltrops","floor":24.0},{"not_picked":["All Out Attack","Outmaneuver","Calculated Gamble"],"picked":"Blur+1","floor":25.0},{"not_picked":["Acrobatics+1","Poisoned Stab","Backflip"],"picked":"Terror","floor":27.0},{"not_picked":["Flechettes","Terror","Catalyst"],"picked":"Dash","floor":29}],"player_experience":446151,"relics_obtained":[{"floor":6.0,"key":"PreservedInsect"},{"floor":9.0,"key":"Strawberry"},{"floor":24.0,"key":"Question Card"},{"floor":26.0,"key":"Anchor"},{"floor":27.0,"key":"Vajra"},{"floor":28.0,"key":"Juzu Bracelet"}],"event_choices":[{"cards_removed":["Strike_G"],"damage_healed":0.0,"max_hp_gain":0.0,"max_hp_loss":0.0,"gold_gain":0.0,"event_name":"The Cleric","player_choice":"Card Removal","floor":3.0,"gold_loss":50.0,"damage_taken":0.0},{"damage_healed":0.0,"max_hp_gain":0.0,"max_hp_loss":0.0,"gold_gain":100.0,"event_name":"Golden Shrine","player_choice":"Pray","floor":11.0,"gold_loss":0.0,"damage_taken":0.0},{"damage_healed":0.0,"max_hp_gain":0.0,"max_hp_loss":0.0,"gold_gain":0.0,"event_name":"Upgrade Shrine","player_choice":"Upgraded","floor":19.0,"gold_loss":0.0,"damage_taken":0.0,"cards_upgraded":["Venomology"]},{"damage_healed":0.0,"max_hp_gain":0.0,"max_hp_loss":0.0,"gold_gain":0.0,"event_name":"The Mausoleum","player_choice":"Opened","floor":22.0,"gold_loss":0.0,"damage_taken":0.0,"relics_obtained":["Mummified Hand"]},{"damage_healed":0,"gold_gain":0,"player_choice":"Fight","damage_taken":0,"max_hp_gain":0,"max_hp_loss":0,"event_name":"Colosseum","floor":30,"gold_loss":0},{"damage_healed":0,"gold_gain":0,"player_choice":"Fled From Nobs","damage_taken":0,"max_hp_gain":0,"max_hp_loss":0,"event_name":"Colosseum","floor":30,"gold_loss":0},{"damage_healed":0,"gold_gain":0,"cards_transformed":["Strike_G"],"player_choice":"Transformed","damage_taken":0,"max_hp_gain":0,"max_hp_loss":0,"event_name":"Transmorgrifier","floor":31,"gold_loss":0,"cards_obtained":["Finisher"]}],"is_beta":false,"boss_relics":[{"not_picked":["Eternal Feather","Snecko Eye"],"picked":"Tiny House"}],"items_purged_floors":[20],"is_endless":false,"potions_floor_spawned":[1,8,12,14,18,27,30],"killed_by":"Collector","ascension_level":1}