{"gold_per_floor":[115,115,136,136,136,136,152,152,152,152,173,213,4,48,48,172,172,167,190,190],"floor_reached":20,"playtime":4879,"items_purged":["Strike_R"],"score":182,"play_id":"02e26431-1104-407d-8d33-f0cb16e9d5b2","local_time":"20181123202429","is_ascension_mode":false,"campfire_choices":[{"data":"Intimidate","floor":6,"key":"SMITH"},{"data":"Bash","floor":8,"key":"SMITH"},{"floor":10,"key":"RECALL"},{"data":"Body Slam","floor":15,"key":"SMITH"}],"neow_cost":"NONE","seed_source_timestamp":501551872291256,"circlet_count":0,"master_deck":["Strike_R+1","Strike_R","Strike_R+1","Strike_R","Defend_R","Defend_R","Defend_R","Defend_R","Bash+1","Whirlwind+1","Intimidate+1","Shrug It Off","Twin Strike","Body Slam+1","Spot Weakness","Pommel Strike","Berserk","Flex"],"relics":["Burning Blood","Whetstone","Golden Idol","Letter Opener","Potion Belt","Blood Vial","Mark of Pain"],"potions_floor_usage":[12,14,18],"damage_taken":[{"damage":0,"enemies":"Small Slimes","floor":1,"turns":4},{"damage":1,"enemies":"Jaw Worm","floor":3,"turns":3},{"damage":1,"enemies":"Cultist","floor":7,"turns":3},{"damage":5,"enemies":"Looter","floor":11,"turns":3},{"damage":9,"enemies":"3 Sentries","floor":12,"turns":5},{"damage":19,"enemies":"Lagavulin","floor":14,"turns":8},{"damage":40,"enemies":"The Guardian","floor":16,"turns":13},{"damage":18,"enemies":"2 Thieves","floor":18,"turns":4},{"damage":34,"enemies":"Spheric Guardian","floor":19,"turns":4},{"damage":0,"enemies":"Snake Plant","floor":20,"turns":2}],"seed_played":"-6902953409268857965","potions_obtained":[{"floor":1,"key":"SteroidPotion"},{"floor":11,"key":"Energy Potion"},{"floor":12,"key":"Weak Potion"},{"floor":16,"key":"EssenceOfSteel"}],"is_trial":false,"path_per_floor":["M","?","M","?","?","R","M","R","T","R","M","E","$","E","R","B",null,"M","M","M"],"character_chosen":"IRONCLAD","items_purchased":["Body Slam","Spot Weakness"],"campfire_rested":0,"item_purchase_floors":[13,13],"current_hp_per_floor":[80,74,74,74,74,74,74,74,74,74,74,71,71,58,58,26,74,62,36,38],"gold":190,"neow_bonus":"RANDOM_COMMON_RELIC","is_prod":false,"is_daily":false,"chose_seed":false,"campfire_upgraded":3,"win_rate":0,"timestamp":1543001069,"path_taken":["M","?","M","?","?","R","M","R","T","R","?","E","$","E","R","BOSS","M","M","?"],"build_version":"2018-11-15","purchased_purges":1,"victory":false,"max_hp_per_floor":[80,74,74,74,74,74,74,74,74,74,74,74,74,74,74,74,74,74,74,74],"card_choices":[{"not_picked":["Cleave","Shrug It Off"],"picked":"Whirlwind","floor":1},{"not_picked":["Feel No Pain","Sever Soul"],"picked":"Intimidate","floor":3},{"not_picked":["Anger","Warcry","Havoc"],"picked":"SKIP","floor":7},{"not_picked":["Perfected Strike","Shockwave"],"picked":"Shrug It Off","floor":11},{"not_picked":["Clash","Thunderclap"],"picked":"Twin Strike","floor":12},{"not_picked":["True Grit","Immolate"],"picked":"Pommel Strike","floor":14},{"not_picked":["Fiend Fire","Feed"],"picked":"Berserk","floor":16},{"not_picked":["Clash","Perfected Strike","Headbutt"],"picked":"SKIP","floor":18},{"not_picked":["Inflame+1","Clothesline+1"],"picked":"Flex","floor":19}],"player_experience":337433,"relics_obtained":[{"floor":9,"key":"Letter Opener"},{"floor":12,"key":"Potion Belt"},{"floor":14,"key":"Blood Vial"}],"event_choices":[{"damage_healed":0,"gold_gain":0,"player_choice":"Lose Max HP","damage_taken":0,"relics_obtained":["Golden Idol"],"max_hp_gain":0,"max_hp_loss":6,"event_name":"Golden Idol","floor":2,"gold_loss":0},{"damage_healed":0,"gold_gain":0,"player_choice":"Grow","damage_taken":0,"max_hp_gain":0,"max_hp_loss":0,"event_name":"Living Wall","floor":4,"gold_loss":0,"cards_upgraded":["Whirlwind"]},{"damage_healed":0,"gold_gain":0,"player_choice":"Ignored","damage_taken":0,"max_hp_gain":0,"max_hp_loss":0,"event_name":"Liars Game","floor":5,"gold_loss":0}],"is_beta":false,"boss_relics":[{"not_picked":["Orrery","Black Blood"],"picked":"Mark of Pain"}],"items_purged_floors":[13],"is_endless":false,"potions_floor_spawned":[1,11,12,16],"killed_by":"Snake Plant","ascension_level":0}