{"gold_per_floor":[109,126,126,146,163,163,195,45,45,45,63,63,77,103,103,205,205,217,217,234,234,251,251,283,295,295,306,2,2,35,35,35,139,139,152,152,152,46,59,59,84,84,136,136,148,166,166,166,166,166],"floor_reached":51,"playtime":10195,"items_purged":["Strike_R","Injury"],"score":960,"play_id":"0079cd3d-06d9-49a2-a237-4d7fea8b7d61","local_time":"20190223114409","is_ascension_mode":true,"campfire_choices":[{"data":"Carnage","floor":6,"key":"SMITH"},{"data":"Bash","floor":15,"key":"SMITH"},{"data":"Reaper","floor":23,"key":"SMITH"},{"data":"Spot Weakness","floor":32,"key":"SMITH"},{"data":"Battle Trance","floor":40,"key":"SMITH"},{"floor":44,"key":"REST"},{"data":"Inflame","floor":49,"key":"SMITH"}],"neow_cost":"NONE","seed_source_timestamp":486644872139871,"circlet_count":0,"master_deck":["Strike_R+1","Strike_R+1","Strike_R+1","Defend_R+1","Defend_R+1","Defend_R+1","Defend_R+1","Bash+1","Shrug It Off+1","Carnage+1","Cleave+1","Spot Weakness+1","Flame Barrier+1","Battle Trance+1","Reaper+1","Flame Barrier+1","Offering+1","Headbutt","Burning Pact+1","Double Tap+1","Ghostly Armor+1","Twin Strike+1","Uppercut+1","Armaments+1","Ghostly+1","Ghostly+1","Ghostly+1","Ghostly+1","Ghostly+1","Limit Break+1","Armaments+1","Disarm+1","Dropkick","Inflame+1","Shrug It Off+1","Secret Weapon+1","Enlightenment+1","Sword Boomerang","Decay","Pommel Strike+1","Limit Break+1"],"relics":["Burning Blood","Strawberry","Whetstone","Toxic Egg 2","Cursed Key","Happy Flower","Bag of Marbles","Bronze Scales","Juzu Bracelet","Orrery","War Paint","Orichalcum"],"potions_floor_usage":[7,13,16,18,21,30,33,41,50,50],"damage_taken":[{"damage":9,"enemies":"2 Louse","floor":1,"turns":3},{"damage":11,"enemies":"Cultist","floor":2,"turns":5},{"damage":2,"enemies":"Small Slimes","floor":4,"turns":3},{"damage":11,"enemies":"Exordium Thugs","floor":5,"turns":3},{"damage":37,"enemies":"3 Sentries","floor":7,"turns":6},{"damage":9,"enemies":"3 Louse","floor":11,"turns":3},{"damage":0,"enemies":"Large Slime","floor":13,"turns":3},{"damage":15,"enemies":"Lagavulin","floor":14,"turns":5},{"damage":34,"enemies":"The Guardian","floor":16,"turns":14},{"damage":1,"enemies":"Shell Parasite","floor":18,"turns":6},{"damage":19,"enemies":"2 Thieves","floor":20,"turns":3},{"damage":27,"enemies":"Colosseum Slavers","floor":21,"turns":4},{"damage":12,"enemies":"Centurion and Healer","floor":22,"turns":7},{"damage":43,"enemies":"Book of Stabbing","floor":24,"turns":5},{"damage":16,"enemies":"3 Cultists","floor":25,"turns":4},{"damage":15,"enemies":"Cultist and Chosen","floor":27,"turns":5},{"damage":24,"enemies":"Slavers","floor":30,"turns":3},{"damage":8,"enemies":"Automaton","floor":33,"turns":8},{"damage":3,"enemies":"3 Darklings","floor":35,"turns":4},{"damage":0,"enemies":"Orb Walker","floor":39,"turns":3},{"damage":40,"enemies":"Giant Head","floor":41,"turns":9},{"damage":6,"enemies":"Transient","floor":45,"turns":5},{"damage":9,"enemies":"Maw","floor":46,"turns":6},{"damage":65,"enemies":"Donu and Deca","floor":50,"turns":10}],"seed_played":"8807016420420854246","potions_obtained":[{"floor":0,"key":"Ancient Potion"},{"floor":0,"key":"FairyPotion"},{"floor":0,"key":"GamblersBrew"},{"floor":5,"key":"PowerPotion"},{"floor":11,"key":"Energy Potion"},{"floor":14,"key":"BloodPotion"},{"floor":16,"key":"Weak Potion"},{"floor":18,"key":"Explosive Potion"},{"floor":24,"key":"Poison Potion"},{"floor":30,"key":"Block Potion"},{"floor":33,"key":"Ancient Potion"},{"floor":48,"key":"Dexterity Potion"},{"floor":48,"key":"Explosive Potion"}],"is_trial":false,"path_per_floor":["M","M","?","M","M","R","E","$","T","$","M","?","M","E","R","B",null,"M","?","M","?","M","R","E","M","T","M","$","?","E","?","R","B",null,"M","?","?","$","M","R","E","?","T","R","M","M","?","?","R","B",null],"character_chosen":"IRONCLAD","items_purchased":["Battle Trance","Armaments+1","Bronze Scales","Enlightenment+1","Sword Boomerang"],"campfire_rested":1,"item_purchase_floors":[8,28,28,38,38],"current_hp_per_floor":[69,64,64,68,63,63,39,39,39,39,36,36,42,33,33,13,69,74,74,69,65,73,73,52,58,58,69,69,69,75,43,43,41,43,43,43,43,43,43,43,9,9,9,21,21,43,41,41,41,20],"gold":166,"neow_bonus":"THREE_SMALL_POTIONS","is_prod":false,"is_daily":false,"chose_seed":false,"campfire_upgraded":6,"win_rate":0,"timestamp":1550918649,"path_taken":["M","M","?","M","M","R","E","?","T","$","M","?","?","E","R","BOSS","M","?","M","?","?","R","E","M","T","M","$","?","E","?","R","BOSS","M","?","?","$","M","R","E","?","T","R","M","M","?","?","R","BOSS"],"build_version":"2019-01-23","purchased_purges":2,"victory":true,"max_hp_per_floor":[80,80,80,80,80,80,87,87,87,87,87,87,87,87,87,87,87,87,87,87,87,87,87,87,87,87,87,87,87,87,43,43,43,43,43,43,43,43,43,43,43,43,43,43,43,43,41,41,41,41],"card_choices":[{"not_picked":["Evolve","Thunderclap"],"picked":"Shrug It Off","floor":1},{"not_picked":["Pommel Strike","Seeing Red"],"picked":"Carnage","floor":2},{"not_picked":["Wild Strike","Whirlwind"],"picked":"Cleave","floor":4},{"not_picked":["Clash","Havoc"],"picked":"Spot Weakness","floor":5},{"not_picked":["Bludgeon","Fire Breathing"],"picked":"Flame Barrier","floor":7},{"not_picked":["Hemokinesis","Sever Soul"],"picked":"Clothesline","floor":11},{"not_picked":["Wild Strike","Body Slam"],"picked":"Reaper","floor":13},{"not_picked":["Heavy Blade","Wild Strike"],"picked":"Flame Barrier","floor":14},{"not_picked":["Brutality","Barricade"],"picked":"Offering+1","floor":16},{"not_picked":["Cleave","Flame Barrier+1"],"picked":"Headbutt","floor":18},{"not_picked":["Fire Breathing+1","Body Slam"],"picked":"Burning Pact+1","floor":20},{"not_picked":["Anger","Iron Wave"],"picked":"Double Tap+1","floor":22},{"not_picked":["Burning Pact+1","Havoc+1"],"picked":"Ghostly Armor+1","floor":24},{"not_picked":["Perfected Strike+1","Clash"],"picked":"Twin Strike+1","floor":25},{"not_picked":["Corruption+1","Evolve"],"picked":"Uppercut+1","floor":27},{"not_picked":["Wild Strike","True Grit+1","Combust+1"],"picked":"SKIP","floor":30},{"not_picked":["Juggernaut","Demon Form"],"picked":"Limit Break+1","floor":33},{"not_picked":["Thunderclap","Flame Barrier+1"],"picked":"Armaments+1","floor":34},{"not_picked":["Cleave","Armaments+1"],"picked":"Disarm+1","floor":34},{"not_picked":["Anger","Wild Strike"],"picked":"Dropkick","floor":34},{"not_picked":["Combust","Burning Pact+1"],"picked":"Inflame","floor":34},{"not_picked":["Ghostly Armor+1","Evolve"],"picked":"Shrug It Off+1","floor":35},{"not_picked":["Bandage Up+1","Good Instincts+1"],"picked":"Secret Weapon+1","floor":36},{"not_picked":["Flex+1","Intimidate+1","Sword Boomerang+1"],"picked":"SKIP","floor":39},{"not_picked":["Anger+1","Spot Weakness+1","Intimidate+1"],"picked":"SKIP","floor":41},{"not_picked":["Second Wind+1","Whirlwind+1"],"picked":"Pommel Strike+1","floor":45},{"not_picked":["Sever Soul","Battle Trance+1"],"picked":"Limit Break+1","floor":46}],"player_experience":728401,"relics_obtained":[{"floor":7,"key":"Strawberry"},{"floor":9,"key":"Whetstone"},{"floor":14,"key":"Toxic Egg 2"},{"floor":24,"key":"Happy Flower"},{"floor":26,"key":"Bag of Marbles"},{"floor":30,"key":"Juzu Bracelet"},{"floor":41,"key":"War Paint"},{"floor":43,"key":"Orichalcum"}],"event_choices":[{"cards_removed":["Strike_R"],"damage_healed":0,"gold_gain":0,"player_choice":"Offered Basic","damage_taken":0,"max_hp_gain":0,"max_hp_loss":0,"event_name":"Bonfire Elementals","floor":3,"gold_loss":0},{"damage_healed":0,"gold_gain":0,"player_choice":"Leave","damage_taken":0,"max_hp_gain":0,"max_hp_loss":0,"event_name":"FaceTrader","floor":12,"gold_loss":0},{"damage_healed":0,"gold_gain":0,"player_choice":"Ignored","damage_taken":0,"max_hp_gain":0,"max_hp_loss":0,"event_name":"Vampires","floor":19,"gold_loss":0},{"damage_healed":0,"gold_gain":0,"player_choice":"Fight","damage_taken":0,"max_hp_gain":0,"max_hp_loss":0,"event_name":"Colosseum","floor":21,"gold_loss":0},{"damage_healed":0,"gold_gain":0,"player_choice":"Fled From Nobs","damage_taken":0,"max_hp_gain":0,"max_hp_loss":0,"event_name":"Colosseum","floor":21,"gold_loss":0},{"damage_healed":0,"gold_gain":0,"player_choice":"Simplicity","damage_taken":0,"max_hp_gain":0,"max_hp_loss":0,"event_name":"Back to Basics","floor":29,"gold_loss":0,"cards_upgraded":["Strike_R","Strike_R","Defend_R","Defend_R","Defend_R","Defend_R"]},{"damage_healed":0,"gold_gain":0,"player_choice":"Became a Ghost","damage_taken":0,"max_hp_gain":0,"max_hp_loss":44,"event_name":"Ghosts","floor":31,"gold_loss":0,"cards_obtained":["Ghostly","Ghostly","Ghostly","Ghostly","Ghostly"]},{"damage_healed":0,"gold_gain":0,"player_choice":"Memory 1","damage_taken":0,"max_hp_gain":0,"max_hp_loss":0,"event_name":"SensoryStone","floor":36,"gold_loss":0},{"damage_healed":0,"gold_gain":0,"player_choice":"Bought 0 Potions","damage_taken":0,"max_hp_gain":0,"max_hp_loss":0,"event_name":"The Woman in Blue","floor":37,"gold_loss":0},{"cards_removed":["Clothesline"],"damage_healed":0,"gold_gain":0,"player_choice":"Removed Attack","damage_taken":0,"max_hp_gain":0,"max_hp_loss":0,"event_name":"Falling","floor":42,"gold_loss":0},{"damage_healed":0,"gold_gain":0,"player_choice":"Max HP","damage_taken":0,"max_hp_gain":0,"max_hp_loss":2,"event_name":"Winding Halls","floor":47,"gold_loss":0},{"damage_healed":0,"gold_gain":0,"player_choice":"Got Potions","damage_taken":0,"max_hp_gain":0,"max_hp_loss":0,"event_name":"Lab","floor":48,"gold_loss":0}],"is_beta":false,"boss_relics":[{"not_picked":["Velvet Choker","Fusion Hammer"],"picked":"Cursed Key"},{"not_picked":["Eternal Feather","Black Blood"],"picked":"Orrery"}],"items_purged_floors":[8,28],"is_endless":false,"potions_floor_spawned":[4,5,11,14,16,18,21,24,30,33,39],"ascension_level":6}