{"path_per_floor":["M","M","M","?","M","R","$","R","T","M","?","?","M","M","R","B",null,"M","?","M"],"character_chosen":"THE_SILENT","items_purchased":["Die Die Die"],"gold_per_floor":[112,123,136,101,116,116,46,46,46,65,65,65,83,94,94,193,193,204,129,142,142],"floor_reached":21,"campfire_rested":1,"playtime":915,"current_hp_per_floor":[58,52,52,69,67,67,67,67,67,66,71,71,71,60,75,26,63,63,63,51,0],"items_purged":[],"gold":142,"score":234,"play_id":"866fa93b-4e9a-4167-9cdb-32cfa828dade","local_time":"20180426155046","is_prod":false,"is_daily":false,"chose_seed":false,"is_ascension_mode":true,"campfire_upgraded":2,"timestamp":1524772246,"path_taken":["M","M","M","?","M","R","$","R","T","M","?","?","?","M","R","BOSS","M","?","?","M"],"build_version":"2018-04-19","seed_source_timestamp":1253434919196678,"purchased_purges":0,"victory":false,"master_deck":["Defend_G","Defend_G","Defend_G","Defend_G","Strike_G","Strike_G","Strike_G","Strike_G","Strike_G","Survivor","Neutralize","Slice","Dagger Spray+1","Caltrops+1","Die Die Die","Acrobatics","Noxious Fumes","Bullet Time","Night Terror","Backflip","Riddle With Holes"],"max_hp_per_floor":[70,70,70,70,70,70,70,70,70,70,75,75,75,75,75,75,75,75,75,75,75],"relics":["Ring of the Snake","Prayer Wheel","Girya","Velvet Choker"],"card_choices":[{"not_picked":["Dodge and Roll","Outmaneuver"],"picked":"Slice","floor":1},{"not_picked":["Dodge and Roll","Catalyst"],"picked":"Dagger Spray","floor":2},{"not_picked":["Poisoned Stab","Outmaneuver"],"picked":"Caltrops","floor":5},{"not_picked":["Bane","Dagger Throw"],"picked":"Acrobatics","floor":9},{"not_picked":["Dagger Spray","Poisoned Stab"],"picked":"Noxious Fumes","floor":13},{"not_picked":["PiercingWail","Crippling Poison"],"picked":"Bullet Time","floor":14},{"not_picked":["Tools of the Trade","Grand Finale"],"picked":"Night Terror","floor":16},{"not_picked":["Underhanded Strike","Distraction"],"picked":"Backflip","floor":18},{"not_picked":["Calculated Gamble","Deflect"],"picked":"Riddle With Holes","floor":20}],"player_experience":218190,"potions_floor_usage":[14,20,20],"damage_taken":[{"damage":5,"enemies":"Cultist","floor":1,"turns":4},{"damage":6,"enemies":"2 Louse","floor":2,"turns":3},{"damage":0,"enemies":"Small Slimes","floor":3,"turns":3},{"damage":2,"enemies":"2 Fungi Beasts","floor":5,"turns":4},{"damage":1,"enemies":"3 Louse","floor":10,"turns":2},{"damage":0,"enemies":"Gremlin Gang","floor":13,"turns":1},{"damage":11,"enemies":"Exordium Thugs","floor":14,"turns":4},{"damage":49,"enemies":"The Guardian","floor":16,"turns":11},{"damage":0,"enemies":"3 Byrds","floor":18,"turns":2},{"damage":12,"enemies":"Chosen","floor":20,"turns":5},{"damage":56,"enemies":"Snecko","floor":21,"turns":5}],"event_choices":[{"event_name":"The Cleric","player_choice":"Healed","floor":4,"damage_taken":0},{"event_name":"Big Fish","player_choice":"Donut","floor":11,"damage_taken":0},{"event_name":"Liars Game","player_choice":"disagreed","floor":12,"damage_taken":0},{"event_name":"Beggar","player_choice":"Gave Gold","floor":19,"damage_taken":0}],"boss_relics":[{"not_picked":["Astrolabe","Tiny House"],"picked":"Velvet Choker"}],"potions_floor_spawned":[10,16,18],"seed_played":"5241370383970468288","killed_by":"Snecko","ascension_level":7,"is_trial":false}