{"gold_per_floor":[110,128,128,91,91,121,132,146,146,156,156,189,111,131,131,205,205,217,217,217,46,38,38,38,38,38,38],"floor_reached":27,"playtime":1267,"items_purged":["Strike_B"],"score":431,"play_id":"c452d8e2-af01-4cab-b1d9-a5256463fd8b","local_time":"20190302152009","is_ascension_mode":true,"campfire_choices":[{"floor":11,"key":"REST"},{"floor":15,"key":"REST"},{"data":"Loop","floor":23,"key":"SMITH"},{"data":"Multi-Cast","floor":25,"key":"SMITH"}],"neow_cost":"NONE","seed_source_timestamp":498285656312800,"circlet_count":0,"master_deck":["AscendersBane","Strike_B+1","Strike_B+1","Defend_B","Defend_B","Defend_B","Defend_B","Zap","Dualcast","Melter","Genetic Algorithm","Doom and Gloom","Conserve Battery","Creative AI+1","Leap","Cold Snap","Ball Lightning","Beam Cell","Multi-Cast+1","BootSequence","Loop+1"],"relics":["Cracked Core","Smiling Mask","Whetstone","Meat on the Bone","Snecko Eye","Bag of Preparation","Sundial"],"potions_floor_usage":[8,10,12,22,27],"damage_taken":[{"damage":7,"enemies":"Small Slimes","floor":1,"turns":3},{"damage":4,"enemies":"2 Louse","floor":2,"turns":2},{"damage":32,"enemies":"Gremlin Nob","floor":6,"turns":4},{"damage":12,"enemies":"Jaw Worm","floor":7,"turns":3},{"damage":8,"enemies":"Exordium Thugs","floor":8,"turns":4},{"damage":0,"enemies":"Red Slaver","floor":10,"turns":3},{"damage":30,"enemies":"3 Sentries","floor":12,"turns":8},{"damage":0,"enemies":"2 Fungi Beasts","floor":14,"turns":3},{"damage":25,"enemies":"The Guardian","floor":16,"turns":13},{"damage":0,"enemies":"Chosen","floor":18,"turns":5},{"damage":27,"enemies":"2 Thieves","floor":22,"turns":5},{"damage":49,"enemies":"Slavers","floor":27,"turns":3}],"seed_played":"-2325383835703158242","potions_obtained":[{"floor":1,"key":"SpeedPotion"},{"floor":7,"key":"Block Potion"},{"floor":8,"key":"Weak Potion"},{"floor":16,"key":"Swift Potion"},{"floor":22,"key":"EssenceOfSteel"}],"is_trial":false,"path_per_floor":["M","M","?","?","?","E","M","M","T","M","R","E","$","M","R","B",null,"M","?","?","$","M","R","?","R","T","E"],"character_chosen":"DEFECT","items_purchased":["Ball Lightning","Bag of Preparation"],"campfire_rested":2,"item_purchase_floors":[13,21],"current_hp_per_floor":[64,60,60,60,60,28,16,8,8,8,31,1,1,13,36,23,64,64,64,64,64,49,49,49,49,49,0],"gold":38,"neow_bonus":"TEN_PERCENT_HP_BONUS","is_prod":false,"is_daily":false,"chose_seed":false,"campfire_upgraded":2,"win_rate":0,"timestamp":1551558009,"path_taken":["M","M","?","?","?","E","?","M","T","M","R","E","?","?","R","BOSS","M","?","?","$","?","R","?","R","T","E"],"build_version":"2019-01-23","purchased_purges":1,"victory":false,"max_hp_per_floor":[78,78,78,78,78,78,78,78,78,78,78,78,78,78,78,78,78,78,78,78,78,78,78,78,78,78,78],"card_choices":[{"not_picked":["Rip and Tear","Redo"],"picked":"Melter","floor":1},{"not_picked":["Compile Driver","Hologram"],"picked":"Genetic Algorithm","floor":2},{"not_picked":["Hologram","Heatsinks"],"picked":"Doom and Gloom","floor":6},{"not_picked":["Redo","Turbo"],"picked":"Conserve Battery","floor":7},{"not_picked":["Redo","Go for the Eyes"],"picked":"Creative AI","floor":8},{"not_picked":["Darkness","Streamline"],"picked":"Leap","floor":10},{"not_picked":["Streamline","Force Field"],"picked":"Cold Snap","floor":12},{"not_picked":["Skim","Heatsinks"],"picked":"Beam Cell","floor":14},{"not_picked":["Hyperbeam","Reboot"],"picked":"Multi-Cast","floor":16},{"not_picked":["Leap","Ball Lightning"],"picked":"BootSequence","floor":18},{"not_picked":["Force Field","Sweeping Beam"],"picked":"Loop","floor":22}],"player_experience":1277723,"relics_obtained":[{"floor":6,"key":"Smiling Mask"},{"floor":9,"key":"Whetstone"},{"floor":12,"key":"Meat on the Bone"},{"floor":26,"key":"Sundial"}],"event_choices":[{"damage_healed":0,"gold_gain":0,"player_choice":"Ignored","damage_taken":0,"max_hp_gain":0,"max_hp_loss":0,"event_name":"Golden Idol","floor":3,"gold_loss":0},{"damage_healed":0,"gold_gain":0,"player_choice":"Left Gold","damage_taken":0,"max_hp_gain":0,"max_hp_loss":0,"event_name":"World of Goop","floor":4,"gold_loss":37},{"damage_healed":0,"gold_gain":0,"player_choice":"Ignored","damage_taken":0,"max_hp_gain":0,"max_hp_loss":0,"event_name":"Liars Game","floor":5,"gold_loss":0},{"cards_removed":["Strike_B"],"damage_healed":0,"gold_gain":0,"player_choice":"Elegance","damage_taken":0,"max_hp_gain":0,"max_hp_loss":0,"event_name":"Back to Basics","floor":19,"gold_loss":0},{"damage_healed":0,"gold_gain":0,"player_choice":"Upgraded","damage_taken":0,"max_hp_gain":0,"max_hp_loss":0,"event_name":"Upgrade Shrine","floor":20,"gold_loss":0,"cards_upgraded":["Creative AI"]}],"is_beta":false,"boss_relics":[{"not_picked":["Sozu","White Beast Statue"],"picked":"Snecko Eye"}],"items_purged_floors":[13],"is_endless":false,"potions_floor_spawned":[1,7,8,16,22],"killed_by":"Slavers","ascension_level":19}