{"gold_per_floor":[116,116,127,127,137,165,165,177,227,259,60,5,23,23,23,126,126,126,126,11,11,11,11,11,11,11,11,11,11,11,11,11,11],"floor_reached":33,"playtime":1678,"items_purged":[],"score":474,"play_id":"6932d758-917a-4fdb-a1c7-49465eb5d594","local_time":"20190116113703","is_ascension_mode":true,"campfire_choices":[{"data":"Zap","floor":7.0,"key":"SMITH"},{"floor":15,"key":"REST"},{"floor":23,"key":"REST"},{"data":"Buffer","floor":25,"key":"SMITH"},{"data":"Consume","floor":28,"key":"SMITH"},{"data":"Gash","floor":32,"key":"SMITH"}],"neow_cost":"NONE","seed_source_timestamp":107923127815902,"circlet_count":0,"master_deck":["Strike_B","Strike_B","Strike_B","Strike_B","Defend_B+1","Defend_B","Defend_B","Defend_B","Zap+1","Dualcast+1","Compile Driver","Hologram","Machine Learning","Gash+1","Ball Lightning","BootSequence","All For One","BootSequence+1","Chill","Consume+1","Gash","Scrape+1","Buffer+1","Go for the Eyes"],"special_seed":0,"relics":["Cracked Core","Kunai","Blood Vial","Juzu Bracelet","War Paint","ClockworkSouvenir","Potion Belt","Ectoplasm","Ice Cream","Bag of Preparation"],"potions_floor_usage":[21,24],"damage_taken":[{"damage":0.0,"enemies":"2 Louse","floor":1.0,"turns":2.0},{"damage":2.0,"enemies":"Jaw Worm","floor":3.0,"turns":3.0},{"damage":6.0,"enemies":"Cultist","floor":5.0,"turns":3.0},{"damage":17.0,"enemies":"Gremlin Nob","floor":6.0,"turns":4.0},{"damage":25.0,"enemies":"Exordium Thugs","floor":8.0,"turns":5.0},{"damage":24.0,"enemies":"3 Sentries","floor":10.0,"turns":9.0},{"damage":5.0,"enemies":"Blue Slaver","floor":13.0,"turns":3.0},{"damage":0,"enemies":"Slime Boss","floor":16,"turns":8},{"damage":9,"enemies":"3 Byrds","floor":18,"turns":5},{"damage":13,"enemies":"Spheric Guardian","floor":19,"turns":4},{"damage":20,"enemies":"3 Cultists","floor":21,"turns":6},{"damage":8,"enemies":"Shelled Parasite and Fungi","floor":22,"turns":5},{"damage":32,"enemies":"Gremlin Leader","floor":24,"turns":8},{"damage":0,"enemies":"Centurion and Healer","floor":30,"turns":6},{"damage":0,"enemies":"Snecko","floor":31,"turns":4},{"damage":55,"enemies":"Champ","floor":33,"turns":8}],"seed_played":"6729966723739148086","potions_obtained":[{"floor":3.0,"key":"Strength Potion"},{"floor":8.0,"key":"SkillPotion"},{"floor":13.0,"key":"LiquidBronze"},{"floor":19,"key":"Explosive Potion"},{"floor":30,"key":"Dexterity Potion"}],"is_trial":false,"path_per_floor":["M","?","M","?","M","E","R","M","T","E","$","?","M","?","R","B",null,"M","M","$","M","M","R","E","R","T","?","R","?","M","M","R","B"],"character_chosen":"DEFECT","items_purchased":["ClockworkSouvenir","Chill","Consume"],"campfire_rested":2,"item_purchase_floors":[11,20,20],"current_hp_per_floor":[75,80,78,75,69,52,52,29,29,7,7,7,4,4,30,32,73,66,55,55,37,31,57,27,27,27,27,27,27,29,31,31,0],"gold":11,"neow_bonus":"TEN_PERCENT_HP_BONUS","is_prod":false,"is_daily":false,"chose_seed":false,"campfire_upgraded":4,"win_rate":0,"timestamp":1547660223,"path_taken":["M","?","M","?","M","E","R","M","T","E","?","?","M","?","R","BOSS","M","M","$","M","M","R","E","R","T","?","R","?","M","M","R","BOSS"],"build_version":"2019-01-10","purchased_purges":0,"victory":false,"max_hp_per_floor":[82,87,87,87,87,87,87,87,87,87,87,87,87,87,87,87,87,87,87,87,87,87,87,87,87,87,87,87,87,87,87,87,87],"card_choices":[{"not_picked":["Stack","Beam Cell"],"picked":"Compile Driver","floor":1.0},{"not_picked":["Stack","Beam Cell"],"picked":"Hologram","floor":3.0},{"not_picked":["Rebound","Static Discharge"],"picked":"Machine Learning","floor":5.0},{"not_picked":["Fission","Storm"],"picked":"Gash","floor":6.0},{"not_picked":["Stack","Leap","Steam"],"picked":"SKIP","floor":8.0},{"not_picked":["Barrage","Chaos"],"picked":"Ball Lightning","floor":10.0},{"not_picked":["Cold Snap","Coolheaded"],"picked":"BootSequence","floor":13.0},{"not_picked":["Fission","Hyperbeam"],"picked":"All For One","floor":16},{"not_picked":["Ball Lightning+1","Compile Driver","Chaos"],"picked":"SKIP","floor":18},{"not_picked":["Streamline","Hologram"],"picked":"BootSequence+1","floor":19},{"not_picked":["Reprogram","Coolheaded"],"picked":"Gash","floor":21},{"not_picked":["Stack+1","Turbo+1"],"picked":"Scrape+1","floor":22},{"not_picked":["Conserve Battery+1","Ball Lightning+1"],"picked":"Buffer","floor":24},{"not_picked":["Beam Cell","Stack","Steam"],"picked":"SKIP","floor":30},{"not_picked":["Cold Snap+1","Coolheaded+1"],"picked":"Go for the Eyes","floor":31}],"player_experience":653793,"relics_obtained":[{"floor":6.0,"key":"Blood Vial"},{"floor":9.0,"key":"Juzu Bracelet"},{"floor":10.0,"key":"War Paint"},{"floor":24,"key":"Ice Cream"},{"floor":26,"key":"Bag of Preparation"}],"event_choices":[{"damage_healed":0.0,"max_hp_gain":5.0,"max_hp_loss":0.0,"gold_gain":0.0,"event_name":"Big Fish","player_choice":"Donut","floor":2.0,"gold_loss":0.0,"damage_taken":0.0},{"damage_healed":0.0,"max_hp_gain":0.0,"max_hp_loss":0.0,"gold_gain":0.0,"event_name":"Scrap Ooze","player_choice":"Success","floor":4.0,"gold_loss":0.0,"damage_taken":3.0,"relics_obtained":["Kunai"]},{"damage_healed":0.0,"max_hp_gain":0.0,"max_hp_loss":0.0,"gold_gain":0.0,"event_name":"WeMeetAgain","player_choice":"Paid Gold","floor":12.0,"gold_loss":55.0,"damage_taken":0.0,"relics_obtained":["Potion Belt"]},{"damage_healed":0,"gold_gain":0,"player_choice":"Searched \u00270\u0027 times","damage_taken":0,"max_hp_gain":0,"max_hp_loss":0,"event_name":"Dead Adventurer","floor":14,"gold_loss":0},{"damage_healed":0,"gold_gain":0,"player_choice":"Ignored","damage_taken":0,"max_hp_gain":0,"max_hp_loss":0,"event_name":"Beggar","floor":27,"gold_loss":0},{"damage_healed":0,"gold_gain":0,"player_choice":"Ignored","damage_taken":0,"max_hp_gain":0,"max_hp_loss":0,"event_name":"Cursed Tome","floor":29,"gold_loss":0}],"is_beta":false,"boss_relics":[{"not_picked":["Runic Pyramid","Busted Crown"],"picked":"Ectoplasm"}],"items_purged_floors":[],"is_endless":false,"potions_floor_spawned":[3,8,13,19,30],"killed_by":"Champ","ascension_level":9}