{"gold_per_floor":[113,35,51,5,19,50,69,88,88,88,102,2,13,23,23,121,121,87,100,27,42,62,62],"floor_reached":23,"playtime":2829,"items_purged":["Normality","Defend_B"],"score":199,"play_id":"78e3b4e0-2df5-4730-b92d-6df6f9fb0f37","local_time":"20181005230235","is_ascension_mode":false,"campfire_choices":[{"data":"FTL","floor":10,"key":"SMITH"},{"floor":15,"key":"REST"}],"neow_cost":"CURSE","seed_source_timestamp":24515131656486,"circlet_count":0,"master_deck":["Strike_B","Strike_B","Strike_B","Strike_B","Defend_B","Defend_B","Defend_B","Zap","Dualcast","Electrodynamics","Stack","Ball Lightning","Steam","FTL+1","Hologram","Coolheaded","Chill","Cold Snap","Gash","Loop","Redo","Glacier","Sunder","Reboot","Reprogram+1","Go for the Eyes","Gash","Rebound","Stack+1"],"relics":["FrozenCore","Smiling Mask","Matryoshka"],"potions_floor_usage":[16,18,19],"damage_taken":[{"damage":0,"enemies":"Cultist","floor":1,"turns":3},{"damage":0,"enemies":"Small Slimes","floor":3,"turns":3},{"damage":5,"enemies":"Jaw Worm","floor":5,"turns":2},{"damage":18,"enemies":"Lagavulin","floor":6,"turns":6},{"damage":6,"enemies":"Exordium Thugs","floor":7,"turns":3},{"damage":0,"enemies":"Exordium Wildlife","floor":8,"turns":3},{"damage":13,"enemies":"3 Louse","floor":11,"turns":2},{"damage":0,"enemies":"Blue Slaver","floor":13,"turns":3},{"damage":4,"enemies":"Red Slaver","floor":14,"turns":3},{"damage":16,"enemies":"Slime Boss","floor":16,"turns":7},{"damage":6,"enemies":"2 Thieves","floor":18,"turns":5},{"damage":3,"enemies":"Spheric Guardian","floor":19,"turns":8},{"damage":28,"enemies":"Snecko","floor":21,"turns":6},{"damage":15,"enemies":"Sentry and Sphere","floor":22,"turns":7},{"damage":41,"enemies":"Cultist and Chosen","floor":23,"turns":12}],"seed_played":"1221543139065007637","potions_obtained":[{"floor":1,"key":"Dexterity Potion"},{"floor":6,"key":"Dexterity Potion"},{"floor":7,"key":"LiquidBronze"},{"floor":16,"key":"Fire Potion"},{"floor":19,"key":"LiquidBronze"},{"floor":22,"key":"FairyPotion"}],"is_trial":false,"path_per_floor":["M","$","M","$","M","E","M","M","T","R","M","$","M","M","R","B",null,"M","M","$","M","M"],"character_chosen":"DEFECT","items_purchased":["Ball Lightning","Steam","Hologram","Redo","Gash"],"campfire_rested":1,"item_purchase_floors":[2,2,4,12,20],"current_hp_per_floor":[75,75,75,75,70,52,46,46,46,46,33,33,33,29,51,35,75,69,66,66,38,23,0],"gold":62,"neow_bonus":"THREE_RARE_CARDS","is_prod":false,"is_daily":false,"chose_seed":false,"campfire_upgraded":1,"win_rate":0,"timestamp":1538773355,"path_taken":["M","$","M","$","M","E","?","M","T","R","M","$","M","M","R","BOSS","M","M","$","M","M","M"],"build_version":"2018-09-20","purchased_purges":2,"victory":false,"max_hp_per_floor":[75,75,75,75,75,75,75,75,75,75,75,75,75,75,75,75,75,75,75,75,75,75,75],"card_choices":[{"not_picked":["Meteor Strike","All For One"],"picked":"Electrodynamics","floor":0},{"not_picked":["Turbo","Beam Cell"],"picked":"Stack","floor":1},{"not_picked":["Streamline","Steam"],"picked":"FTL","floor":3},{"not_picked":["Hello World","Rebound"],"picked":"Coolheaded","floor":5},{"not_picked":["Streamline","Meteor Strike"],"picked":"Chill","floor":6},{"not_picked":["Streamline","Lockon"],"picked":"Cold Snap","floor":7},{"not_picked":["White Noise","Beam Cell"],"picked":"Gash","floor":8},{"not_picked":["Beam Cell","Streamline"],"picked":"Loop","floor":11},{"not_picked":["Lockon","Skim"],"picked":"Glacier","floor":13},{"not_picked":["Rip and Tear","Stack"],"picked":"Sunder","floor":14},{"not_picked":["Meteor Strike","Multi-Cast"],"picked":"Reboot","floor":16},{"not_picked":["Aggregate","Compile Driver"],"picked":"Reprogram+1","floor":18},{"not_picked":["Compile Driver","BootSequence+1"],"picked":"Go for the Eyes","floor":19},{"not_picked":["Streamline","Sunder"],"picked":"Rebound","floor":21},{"not_picked":["Rebound","Leap"],"picked":"Stack+1","floor":22}],"player_experience":99607,"relics_obtained":[{"floor":6,"key":"Smiling Mask"},{"floor":9,"key":"Matryoshka"}],"event_choices":[],"is_beta":false,"boss_relics":[{"not_picked":["White Beast Statue","Lizard Tail"],"picked":"FrozenCore"}],"items_purged_floors":[12,20],"is_endless":false,"potions_floor_spawned":[1,6,7,14,16,19,22],"killed_by":"Cultist and Chosen","ascension_level":0}