{"gold_per_floor":[99,99,99,99,99,99,99,99,99,99,69,69,69,69,69,69,69,0,0,0,0,0,0,0,0,0,0,0,0,0,0,0,0],"floor_reached":33,"playtime":1035,"items_purged":[],"score":257,"play_id":"f423eb97-4044-4848-8638-4cb22a484c3f","local_time":"20180923163929","is_ascension_mode":false,"campfire_choices":[{"data":"Noxious Fumes","floor":6,"key":"SMITH"},{"floor":10,"key":"REST"},{"data":"Footwork","floor":15,"key":"SMITH"},{"data":"Regret","floor":24,"key":"PURGE"},{"floor":29,"key":"REST"},{"floor":32,"key":"REST"}],"neow_cost":"NONE","seed_source_timestamp":91532306417945,"circlet_count":0,"master_deck":["Defend_G","Defend_G","Defend_G","Defend_G","Defend_G","Strike_G","Strike_G","Strike_G","Strike_G","Survivor","Neutralize","Deflect","Noxious Fumes+1","Dash","Sucker Punch","Backflip","Poisoned Stab","Footwork+1","After Image","Terror","Writhe","Decay","Escape Plan","Dark Shackles","Discovery","Enlightenment","Injury","Bane"],"relics":["Ectoplasm","Mercury Hourglass","Orichalcum","Juzu Bracelet","Cursed Key","Peace Pipe","Blood Vial","Darkstone Periapt"],"potions_floor_usage":[16,16,23,33],"damage_taken":[{"damage":0,"enemies":"Small Slimes","floor":1,"turns":4},{"damage":0,"enemies":"Jaw Worm","floor":4,"turns":5},{"damage":1,"enemies":"Cultist","floor":5,"turns":4},{"damage":10,"enemies":"Blue Slaver","floor":7,"turns":3},{"damage":0,"enemies":"Looter","floor":11,"turns":3},{"damage":8,"enemies":"Lots of Slimes","floor":13,"turns":3},{"damage":2,"enemies":"Red Slaver","floor":14,"turns":4},{"damage":12,"enemies":"The Guardian","floor":16,"turns":11},{"damage":8,"enemies":"2 Thieves","floor":18,"turns":5},{"damage":15,"enemies":"Shell Parasite","floor":22,"turns":5},{"damage":0,"enemies":"Slavers","floor":23,"turns":1},{"damage":15,"enemies":"Centurion and Healer","floor":28,"turns":8},{"damage":16,"enemies":"Colosseum Slavers","floor":30,"turns":5},{"damage":0,"enemies":"Shelled Parasite and Fungi","floor":31,"turns":7},{"damage":51,"enemies":"Collector","floor":33,"turns":6}],"seed_played":"-4181641759468224771","potions_obtained":[{"floor":11,"key":"Energy Potion"},{"floor":14,"key":"Regen Potion"},{"floor":16,"key":"SmokeBomb"},{"floor":31,"key":"Strength Potion"}],"is_trial":false,"path_per_floor":["M","?","?","M","M","R","M","?","T","R","M","?","M","M","R","B",null,"M","?","?","T","M","E","R","?","T","$","M","R","?","M","R"],"character_chosen":"THE_SILENT","items_purchased":[],"campfire_rested":3,"item_purchase_floors":[],"current_hp_per_floor":[70,70,52,52,51,51,41,34,34,55,55,55,47,45,45,48,70,62,62,62,62,49,51,51,23,23,23,10,31,17,19,40,0],"gold":0,"neow_bonus":"BOSS_RELIC","is_prod":false,"is_daily":false,"chose_seed":false,"campfire_upgraded":2,"win_rate":0,"timestamp":1537713569,"path_taken":["M","?","?","?","M","R","M","?","T","R","M","?","M","M","R","BOSS","M","?","?","?","M","E","R","?","T","$","M","R","?","M","R","BOSS"],"build_version":"2018-09-20","purchased_purges":0,"victory":false,"max_hp_per_floor":[70,70,70,70,70,70,70,70,70,70,70,70,70,70,70,70,70,70,70,70,70,70,70,70,70,70,70,70,70,70,70,70,70],"card_choices":[{"not_picked":["Backflip","Catalyst"],"picked":"Deflect","floor":1},{"not_picked":["Dodge and Roll","Deadly Poison"],"picked":"Noxious Fumes","floor":4},{"not_picked":["Poisoned Stab","Quick Slash"],"picked":"Dash","floor":5},{"not_picked":["Cloak And Dagger","Finisher"],"picked":"Sucker Punch","floor":7},{"not_picked":["Slice","Choke"],"picked":"Backflip","floor":11},{"not_picked":["Dodge and Roll","Terror"],"picked":"Poisoned Stab","floor":13},{"not_picked":["All Out Attack","Escape Plan"],"picked":"Footwork","floor":14},{"not_picked":["Burst","A Thousand Cuts"],"picked":"After Image","floor":16},{"not_picked":["Cloak And Dagger+1","Distraction"],"picked":"Terror","floor":18},{"not_picked":["Sucker Punch+1","Riddle With Holes"],"picked":"Escape Plan","floor":22},{"not_picked":["Backflip+1","PiercingWail","Sucker Punch"],"picked":"SKIP","floor":28},{"not_picked":["Underhanded Strike","PiercingWail"],"picked":"Bane","floor":31}],"player_experience":173022,"relics_obtained":[{"floor":9,"key":"Juzu Bracelet"},{"floor":21,"key":"Blood Vial"},{"floor":26,"key":"Darkstone Periapt"}],"event_choices":[{"event_name":"Big Fish","player_choice":"Box","floor":2,"damage_taken":0},{"event_name":"Scrap Ooze","player_choice":"success","floor":3,"damage_taken":18},{"event_name":"Golden Wing","player_choice":"Card Removal","floor":8,"damage_taken":0},{"event_name":"Liars Game","player_choice":"disagreed","floor":12,"damage_taken":0},{"event_name":"Nest","player_choice":"Stole From Cult","floor":19,"damage_taken":0},{"event_name":"The Mausoleum","player_choice":"Yes","floor":20,"damage_taken":0},{"event_name":"Knowing Skull","player_choice":"CARD CARD CARD ","floor":25,"damage_taken":0},{"event_name":"Colosseum","player_choice":"Fight","floor":30,"damage_taken":0},{"event_name":"Colosseum","player_choice":"Fled From Nobs","floor":30,"damage_taken":0}],"is_beta":false,"boss_relics":[{"not_picked":["Fusion Hammer","Black Star"],"picked":"Cursed Key"}],"items_purged_floors":[],"is_endless":false,"potions_floor_spawned":[11,14,16,23,31],"killed_by":"Collector","ascension_level":0}