{"gold_per_floor":[218,232,307,257,99,99,109,125,150,184,184,194,194,149,149,149],"floor_reached":16,"playtime":767,"items_purged":["Strike_G"],"score":125,"play_id":"2a03daa2-16dc-4dcb-8982-4c8c558b511f","local_time":"20181107200052","is_ascension_mode":false,"campfire_choices":[{"data":"Neutralize","floor":6,"key":"SMITH"},{"data":"Bouncing Flask","floor":13,"key":"SMITH"},{"data":"Sucker Punch","floor":15,"key":"SMITH"}],"neow_cost":"NONE","seed_source_timestamp":1809226518833690,"circlet_count":0,"master_deck":["Defend_G","Defend_G","Defend_G","Defend_G","Defend_G","Strike_G","Strike_G","Strike_G","Survivor","Neutralize+1","Heel Hook","Bouncing Flask+1","Well Laid Plans","Deflect","Slice","Backflip","Tactician","Prepared","Sucker Punch+1"],"relics":["Ring of the Snake","Art of War","Anchor","GremlinMask"],"potions_floor_usage":[8,10,16],"damage_taken":[{"damage":0,"enemies":"Jaw Worm","floor":1,"turns":6},{"damage":0,"enemies":"Small Slimes","floor":2,"turns":3},{"damage":1,"enemies":"Cultist","floor":7,"turns":4},{"damage":7,"enemies":"Large Slime","floor":8,"turns":7},{"damage":0,"enemies":"Lagavulin","floor":10,"turns":6},{"damage":11,"enemies":"3 Louse","floor":12,"turns":4},{"damage":0,"enemies":"Looter","floor":14,"turns":5},{"damage":40,"enemies":"Slime Boss","floor":16,"turns":11}],"seed_played":"-7710417899033891411","potions_obtained":[{"floor":7,"key":"LiquidBronze"},{"floor":8,"key":"Dexterity Potion"},{"floor":10,"key":"Block Potion"}],"is_trial":false,"path_per_floor":["M","M","?","?","$","R","M","M","T","E","?","M","R","M","R","B"],"character_chosen":"THE_SILENT","items_purchased":["Well Laid Plans","Deflect"],"campfire_rested":0,"item_purchase_floors":[5,5],"current_hp_per_floor":[70,70,59,59,59,59,58,51,51,51,51,40,40,40,40,0],"gold":149,"neow_bonus":"HUNDRED_GOLD","is_prod":false,"is_daily":false,"chose_seed":false,"campfire_upgraded":3,"win_rate":0,"timestamp":1541617252,"path_taken":["M","M","?","?","$","R","M","M","T","E","?","M","R","?","R","BOSS"],"build_version":"2018-11-01","purchased_purges":1,"victory":false,"max_hp_per_floor":[70,70,70,70,70,70,70,70,70,70,70,70,70,70,70,70],"card_choices":[{"not_picked":["Prepared","Deadly Poison"],"picked":"Heel Hook","floor":1},{"not_picked":["Cloak And Dagger","Riddle With Holes"],"picked":"Bouncing Flask","floor":2},{"not_picked":["Blade Dance","Outmaneuver"],"picked":"Slice","floor":7},{"not_picked":["Dagger Throw","Phantasmal Killer"],"picked":"Backflip","floor":8},{"not_picked":["Accuracy","Expertise"],"picked":"Tactician","floor":10},{"not_picked":["Heel Hook","Dodge and Roll"],"picked":"Prepared","floor":12},{"not_picked":["Deadly Poison","Blade Dance"],"picked":"Sucker Punch","floor":14}],"player_experience":278557,"relics_obtained":[{"floor":9,"key":"Art of War"},{"floor":10,"key":"Anchor"}],"event_choices":[{"damage_healed":0,"gold_gain":75,"player_choice":"Gather Gold","damage_taken":11,"max_hp_gain":0,"max_hp_loss":0,"event_name":"World of Goop","floor":3,"gold_loss":0},{"cards_removed":["Strike_G"],"damage_healed":0,"gold_gain":0,"player_choice":"Card Removal","damage_taken":0,"max_hp_gain":0,"max_hp_loss":0,"event_name":"The Cleric","floor":4,"gold_loss":50},{"damage_healed":0,"gold_gain":0,"player_choice":"Trade","damage_taken":0,"relics_obtained":["GremlinMask"],"max_hp_gain":0,"max_hp_loss":0,"event_name":"FaceTrader","floor":11,"gold_loss":0}],"is_beta":false,"boss_relics":[],"items_purged_floors":[5],"is_endless":false,"potions_floor_spawned":[7,8,10],"killed_by":"Slime Boss","ascension_level":0}