{"gold_per_floor":[116,66,66,86,100,100,100,100,125,135,55,90,100,112,112,191,191,191,191,116,116,41,41,41,41,41,41,41,41,41,41,41,41,41,41,0,0,0,0,0,0,0,0,0,0,0,0,0,0,0],"floor_reached":50,"playtime":1336,"items_purged":["Strike_R"],"score":890,"play_id":"50bcc413-62a1-40bd-9161-006044a2494b","local_time":"20190303142024","is_ascension_mode":true,"campfire_choices":[{"data":"Whirlwind","floor":6.0,"key":"SMITH"},{"floor":15.0,"key":"REST"},{"data":"True Grit","floor":23.0,"key":"SMITH"},{"data":"Bash","floor":28.0,"key":"SMITH"},{"data":"Heavy Blade","floor":30.0,"key":"SMITH"},{"floor":32.0,"key":"REST"},{"data":"Double Tap","floor":40.0,"key":"SMITH"},{"data":"Demon Form","floor":44.0,"key":"SMITH"},{"data":"Pommel Strike","floor":47.0,"key":"SMITH"},{"floor":49.0,"key":"REST"}],"neow_cost":"NONE","seed_source_timestamp":129115733124470,"circlet_count":0,"master_deck":["AscendersBane","Defend_R","Defend_R","Defend_R","Defend_R","Bash+1","Whirlwind+1","Twin Strike","Shrug It Off","Inflame","Heavy Blade+1","Flame Barrier","Pommel Strike+1","Demon Form+1","Twin Strike+1","True Grit+1","RitualDagger","Double Tap+1","Ghostly Armor","Demon Form"],"special_seed":0,"relics":["Burning Blood","NeowsBlessing","Omamori","PreservedInsect","Ancient Tea Set","Ectoplasm","WarpedTongs","Paper Frog","Gremlin Horn","Velvet Choker","Red Mask","Unceasing Top","MawBank","Letter Opener"],"potions_floor_usage":[50],"damage_taken":[{"damage":0.0,"enemies":"Small Slimes","floor":1.0,"turns":1.0},{"damage":0.0,"enemies":"2 Louse","floor":4.0,"turns":1.0},{"damage":0.0,"enemies":"Cultist","floor":5.0,"turns":1.0},{"damage":0.0,"enemies":"3 Louse","floor":10.0,"turns":2.0},{"damage":20.0,"enemies":"3 Sentries","floor":12.0,"turns":7.0},{"damage":12.0,"enemies":"Looter","floor":13.0,"turns":3.0},{"damage":13.0,"enemies":"Exordium Thugs","floor":14.0,"turns":6.0},{"damage":40.0,"enemies":"The Guardian","floor":16.0,"turns":10.0},{"damage":15.0,"enemies":"Spheric Guardian","floor":18.0,"turns":5.0},{"damage":9.0,"enemies":"Shell Parasite","floor":21.0,"turns":3.0},{"damage":21.0,"enemies":"Book of Stabbing","floor":24.0,"turns":4.0},{"damage":29.0,"enemies":"Colosseum Slavers","floor":25.0,"turns":4.0},{"damage":5.0,"enemies":"3 Cultists","floor":27.0,"turns":3.0},{"damage":33.0,"enemies":"Champ","floor":33.0,"turns":9.0},{"damage":0.0,"enemies":"3 Darklings","floor":35.0,"turns":1.0},{"damage":2.0,"enemies":"3 Shapes","floor":39.0,"turns":5.0},{"damage":19.0,"enemies":"Transient","floor":46.0,"turns":5.0},{"damage":23.0,"enemies":"Nemesis","floor":48.0,"turns":3.0},{"damage":96,"enemies":"Awakened One","floor":50,"turns":7}],"seed_played":"-5641019392144868451","potions_obtained":[{"floor":4.0,"key":"Regen Potion"},{"floor":10.0,"key":"Poison Potion"},{"floor":14.0,"key":"SteroidPotion"},{"floor":18.0,"key":"Regen Potion"},{"floor":33.0,"key":"EssenceOfSteel"},{"floor":35.0,"key":"Weak Potion"},{"floor":46.0,"key":"EssenceOfSteel"}],"is_trial":false,"path_per_floor":["M","?","?","M","M","R","?","?","T","M","$","E","M","M","R","B",null,"M","?","$","M","?","R","E","?","T","M","R","$","R","?","R","B",null,"M","?","$","?","M","R","?","$","T","R","$","M","R","E","R","B"],"character_chosen":"IRONCLAD","items_purchased":["Inflame"],"campfire_rested":3,"item_purchase_floors":[11],"current_hp_per_floor":[74,74,74,75,75,75,50,43,43,49,49,50,44,37,59,25,63,54,54,54,60,60,60,45,22,22,23,23,23,23,17,39,12,59,65,65,65,65,69,69,69,69,69,69,69,56,56,39,61,0],"gold":0,"neow_bonus":"THREE_ENEMY_KILL","is_prod":false,"is_daily":false,"chose_seed":false,"campfire_upgraded":7,"win_rate":0,"timestamp":1551619224,"path_taken":["M","?","?","M","?","R","?","?","T","M","$","E","M","M","R","BOSS","M","?","$","?","?","R","E","?","T","M","R","?","R","?","R","BOSS","M","?","$","?","?","R","?","?","T","R","$","M","R","E","R","BOSS"],"build_version":"2019-01-23","purchased_purges":1,"victory":false,"max_hp_per_floor":[75,75,75,75,75,75,75,75,75,75,75,75,75,75,75,75,75,75,75,75,75,75,75,75,75,75,75,75,75,75,75,75,75,75,75,75,75,75,75,75,75,75,75,75,75,75,75,75,75,75],"card_choices":[{"not_picked":["Warcry","Flex"],"picked":"Whirlwind","floor":1.0},{"not_picked":["True Grit","Intimidate"],"picked":"Twin Strike","floor":4.0},{"not_picked":["Clothesline","Havoc","Anger"],"picked":"SKIP","floor":5.0},{"not_picked":["Clothesline","Pommel Strike"],"picked":"Shrug It Off","floor":10.0},{"not_picked":["Thunderclap","Flex"],"picked":"Heavy Blade","floor":12.0},{"not_picked":["Warcry","Thunderclap"],"picked":"Flame Barrier","floor":13.0},{"not_picked":["Iron Wave","Anger"],"picked":"Pommel Strike","floor":14.0},{"not_picked":["Berserk","Double Tap"],"picked":"Demon Form","floor":16.0},{"not_picked":["Sword Boomerang+1","Pommel Strike"],"picked":"Twin Strike+1","floor":18.0},{"not_picked":["Perfected Strike","Rampage"],"picked":"True Grit","floor":21.0},{"not_picked":["Twin Strike","Thunderclap","Carnage"],"picked":"SKIP","floor":24.0},{"not_picked":["True Grit","Sword Boomerang","Intimidate"],"picked":"SKIP","floor":27.0},{"not_picked":["Juggernaut","Bludgeon"],"picked":"Double Tap","floor":33.0},{"not_picked":["Feel No Pain","Anger","Twin Strike"],"picked":"SKIP","floor":35.0},{"not_picked":["Carnage","Hemokinesis","Heavy Blade"],"picked":"SKIP","floor":39.0},{"not_picked":["Pommel Strike","Sentinel"],"picked":"Ghostly Armor","floor":46.0},{"not_picked":["Sentinel","Warcry"],"picked":"Demon Form","floor":48.0}],"player_experience":784003,"relics_obtained":[{"floor":9.0,"key":"PreservedInsect"},{"floor":12.0,"key":"Ancient Tea Set"},{"floor":24.0,"key":"Paper Frog"},{"floor":26.0,"key":"Gremlin Horn"},{"floor":43.0,"key":"MawBank"},{"floor":48.0,"key":"Letter Opener"}],"event_choices":[{"cards_removed":["Strike_R"],"damage_healed":0.0,"max_hp_gain":0.0,"max_hp_loss":0.0,"gold_gain":0.0,"event_name":"The Cleric","player_choice":"Card Removal","floor":2.0,"gold_loss":50.0,"damage_taken":0.0},{"cards_removed":["Strike_R"],"damage_healed":0.0,"max_hp_gain":0.0,"max_hp_loss":0.0,"gold_gain":0.0,"event_name":"Purifier","player_choice":"Purged","floor":3.0,"gold_loss":0.0,"damage_taken":0.0},{"damage_healed":0.0,"max_hp_gain":0.0,"max_hp_loss":0.0,"gold_gain":0.0,"event_name":"Scrap Ooze","player_choice":"Success","floor":7.0,"gold_loss":0.0,"damage_taken":25.0,"relics_obtained":["Omamori"]},{"cards_removed":["Strike_R"],"damage_healed":0.0,"max_hp_gain":0.0,"max_hp_loss":0.0,"gold_gain":0.0,"event_name":"Golden Wing","player_choice":"Card Removal","floor":8.0,"gold_loss":0.0,"damage_taken":7.0},{"damage_healed":0.0,"max_hp_gain":0.0,"max_hp_loss":0.0,"gold_gain":0.0,"event_name":"Accursed Blacksmith","player_choice":"Rummage","floor":19.0,"gold_loss":0.0,"damage_taken":0.0,"relics_obtained":["WarpedTongs"],"cards_obtained":["Pain"]},{"cards_removed":["Strike_R"],"damage_healed":0.0,"max_hp_gain":0.0,"max_hp_loss":0.0,"gold_gain":0.0,"event_name":"Beggar","player_choice":"Gave Gold","floor":22.0,"gold_loss":75.0,"damage_taken":0.0},{"damage_healed":0.0,"max_hp_gain":0.0,"max_hp_loss":0.0,"gold_gain":0.0,"event_name":"Colosseum","player_choice":"Fight","floor":25.0,"gold_loss":0.0,"damage_taken":0.0},{"damage_healed":0.0,"max_hp_gain":0.0,"max_hp_loss":0.0,"gold_gain":0.0,"event_name":"Colosseum","player_choice":"Fled From Nobs","floor":25.0,"gold_loss":0.0,"damage_taken":0.0},{"damage_healed":0.0,"max_hp_gain":0.0,"max_hp_loss":0.0,"gold_gain":0.0,"event_name":"Nest","player_choice":"Joined the Cult","floor":31.0,"gold_loss":0.0,"damage_taken":6.0,"cards_obtained":["RitualDagger"]},{"damage_healed":0.0,"max_hp_gain":0.0,"max_hp_loss":0.0,"gold_gain":0.0,"event_name":"Tomb of Lord Red Mask","player_choice":"Paid","floor":36.0,"gold_loss":41.0,"damage_taken":0.0,"relics_obtained":["Red Mask"]},{"damage_healed":0.0,"max_hp_gain":0.0,"max_hp_loss":0.0,"gold_gain":0.0,"event_name":"WeMeetAgain","player_choice":"Gave Potion","floor":38.0,"gold_loss":0.0,"damage_taken":0.0,"relics_obtained":["Unceasing Top"]},{"damage_healed":0.0,"max_hp_gain":0.0,"max_hp_loss":0.0,"gold_gain":0.0,"event_name":"Golden Shrine","player_choice":"Ignored","floor":41.0,"gold_loss":0.0,"damage_taken":0.0}],"is_beta":false,"boss_relics":[{"not_picked":["Eternal Feather","Runic Cube"],"picked":"Ectoplasm"},{"not_picked":["Tiny House","Mark of Pain"],"picked":"Velvet Choker"}],"items_purged_floors":[20],"is_endless":false,"potions_floor_spawned":[4,10,14,18,25,33,35,46],"killed_by":"Awakened One","ascension_level":14}