{"gold_per_floor":[109,109,124,299,318,318,347,366,391,55,70,84,84,118,118,222,222,238,312,74,86,98,98,128,128,128,144,178,178,188,201,201,299,299,316,330,3,3,14,14],"floor_reached":40,"playtime":5247,"items_purged":["Doubt","Strike_B","Gash"],"score":430,"play_id":"36158ad4-bd0f-4040-8d16-432170cbb349","local_time":"20180724024500","is_ascension_mode":false,"campfire_choices":[{"data":"Stack","floor":6.0,"key":"SMITH"},{"floor":15.0,"key":"REST"},{"data":"White Noise","floor":23.0,"key":"SMITH"},{"data":"Zap","floor":25.0,"key":"SMITH"},{"data":"Dualcast","floor":29,"key":"SMITH"},{"data":"Reboot","floor":32,"key":"SMITH"}],"neow_cost":"","seed_source_timestamp":0,"circlet_count":0,"master_deck":["Strike_B","Strike_B","Strike_B","Defend_B","Defend_B","Defend_B","Defend_B","Zap+1","Dualcast+1","Stack+1","Ball Lightning","Go for the Eyes","Ball Lightning","Conserve Battery","Leap","White Noise+1","Conserve Battery","Cold Snap","Reboot+1","Storm","Steam","Finesse","Double Energy+1","Steam+1","Sweeping Beam","Leap+1","Go for the Eyes+1","Chaos+1","Electrodynamics","Hologram+1","Lockon+1","Panache","Blind+1","Skim+1"],"special_seed":0,"relics":["Cracked Core","Odd Mushroom","Ancient Tea Set","Mercury Hourglass","Dream Catcher","Coffee Dripper","Shuriken","The Courier","Pantograph","Toxic Egg 2","Inserter"],"potions_floor_usage":[33,33,40],"damage_taken":[{"damage":6.0,"enemies":"Jaw Worm","floor":1.0,"turns":2.0},{"damage":0.0,"enemies":"Cultist","floor":3.0,"turns":3.0},{"damage":7.0,"enemies":"Small Slimes","floor":5.0,"turns":3.0},{"damage":18.0,"floor":7.0,"turns":4.0},{"damage":6.0,"enemies":"2 Fungi Beasts","floor":8.0,"turns":3.0},{"damage":7.0,"enemies":"Looter","floor":11.0,"turns":2.0},{"damage":0.0,"enemies":"Blue Slaver","floor":12.0,"turns":2.0},{"damage":3.0,"enemies":"3 Sentries","floor":14.0,"turns":3.0},{"damage":16.0,"enemies":"Hexaghost","floor":16.0,"turns":9.0},{"damage":1.0,"enemies":"Spheric Guardian","floor":18.0,"turns":3.0},{"damage":0.0,"enemies":"3 Byrds","floor":21.0,"turns":4.0},{"damage":0.0,"enemies":"Centurion and Healer","floor":22.0,"turns":7.0},{"damage":3.0,"enemies":"Gremlin Leader","floor":24.0,"turns":6.0},{"damage":4,"enemies":"Cultist and Chosen","floor":27,"turns":5},{"damage":16,"enemies":"Slavers","floor":28,"turns":4},{"damage":7,"enemies":"Snecko","floor":30,"turns":5},{"damage":18,"enemies":"Slaver and Parasite","floor":31,"turns":6},{"damage":38,"enemies":"Collector","floor":33,"turns":13},{"damage":8,"enemies":"Orb Walker","floor":35,"turns":4},{"damage":9,"enemies":"Flame Bruiser 1 Orb","floor":36,"turns":5},{"damage":25,"enemies":"Maw","floor":39,"turns":7},{"damage":98,"enemies":"Giant Head","floor":40,"turns":9}],"seed_played":"626589522369125125","potions_obtained":[{"floor":2.0,"key":"Weak Potion"},{"floor":2.0,"key":"Strength Potion"},{"floor":2.0,"key":"Dexterity Potion"},{"floor":3.0,"key":"Block Potion"},{"floor":16.0,"key":"AttackPotion"},{"floor":21.0,"key":"FearPotion"},{"floor":22.0,"key":"FairyPotion"},{"floor":36,"key":"Ancient Potion"}],"is_trial":false,"path_per_floor":["M","?","M","?","M","R","?","M","T","$","M","M","?","E","R","B",null,"M","T","$","M","M","R","E","R","T","M","E","R","M","M","R","B",null,"M","M","$","?","M"],"character_chosen":"DEFECT","items_purchased":["Mercury Hourglass","Steam","Finesse","Panache","Blind+1"],"campfire_rested":1,"item_purchase_floors":[10,20,20,37,37],"current_hp_per_floor":[69,69,69,69,62,62,44,38,38,38,31,31,31,28,50,34,75,74,74,74,74,74,74,71,71,71,67,51,51,44,26,26,20,75,67,58,58,58,33,0],"gold":14,"neow_bonus":"","is_prod":false,"is_daily":false,"chose_seed":false,"campfire_upgraded":5,"win_rate":0.0,"timestamp":1532414700,"path_taken":["M","?","M","?","M","R","?","M","T","$","M","?","?","E","R","BOSS","M","?","$","M","M","R","E","R","T","M","E","R","?","M","R","BOSS","M","M","$","?","M","E"],"build_version":"2018-07-19v2","purchased_purges":3,"victory":false,"max_hp_per_floor":[75,75,75,75,75,75,75,75,75,75,75,75,75,75,75,75,75,75,75,75,75,75,75,75,75,75,75,75,75,75,75,75,75,75,75,75,75,75,75,75],"card_choices":[{"not_picked":["Hologram","Darkness"],"picked":"Stack","floor":1.0},{"not_picked":["Aggregate","Compile Driver"],"picked":"Ball Lightning","floor":3.0},{"not_picked":["Ball Lightning","Hologram"],"picked":"Go for the Eyes","floor":5.0},{"not_picked":["Sweeping Beam","Go for the Eyes"],"picked":"Ball Lightning","floor":7.0},{"not_picked":["Coolheaded","Ball Lightning"],"picked":"Conserve Battery","floor":8.0},{"not_picked":["Tempest","Barrage"],"picked":"Leap","floor":11.0},{"not_picked":["Multi-Cast","Hologram"],"picked":"White Noise","floor":12.0},{"not_picked":["Fusion","Lockon"],"picked":"Conserve Battery","floor":14.0},{"not_picked":["Doom and Gloom","Consume"],"picked":"Cold Snap","floor":15.0},{"not_picked":["Rainbow","Creative AI"],"picked":"Reboot","floor":16.0},{"not_picked":["Self Repair+1","Melter"],"picked":"Storm","floor":18.0},{"not_picked":["Hologram","Aggregate+1"],"picked":"Double Energy+1","floor":21.0},{"not_picked":["White Noise","Conserve Battery"],"picked":"Steam+1","floor":22.0},{"not_picked":["Beam Cell","Sweeping Beam"],"picked":"Gash","floor":24.0},{"not_picked":["Buffer","Coolheaded"],"picked":"Sweeping Beam","floor":27},{"not_picked":["Compile Driver","Chill"],"picked":"Leap+1","floor":28},{"not_picked":["Coolheaded+1","Streamline"],"picked":"Go for the Eyes+1","floor":30},{"not_picked":["Coolheaded+1","Beam Cell"],"picked":"Chaos+1","floor":31},{"not_picked":["Rainbow+1","Core Surge"],"picked":"Electrodynamics","floor":33},{"not_picked":["Cold Snap","Gash"],"picked":"Hologram+1","floor":35},{"not_picked":["Cold Snap","Hologram+1"],"picked":"Lockon+1","floor":36},{"not_picked":["Sweeping Beam","Coolheaded+1"],"picked":"Skim+1","floor":39}],"player_experience":388653,"relics_obtained":[{"floor":7.0,"key":"Odd Mushroom"},{"floor":9.0,"key":"Ancient Tea Set"},{"floor":14.0,"key":"Dream Catcher"},{"floor":19.0,"key":"Shuriken"},{"floor":24.0,"key":"The Courier"},{"floor":26,"key":"Pantograph"},{"floor":28,"key":"Toxic Egg 2"}],"event_choices":[{"event_name":"The Lab","player_choice":"Got Potions","floor":2.0,"damage_taken":0.0},{"event_name":"Liars Game","player_choice":"agreed","floor":4.0,"damage_taken":0.0},{"event_name":"Mushrooms","player_choice":"Fought Mushrooms","floor":7.0,"damage_taken":0.0},{"event_name":"Scrap Ooze","player_choice":"unsuccessful","floor":13.0,"damage_taken":0.0},{"event_name":"Mysterious Sphere","player_choice":"Ignore","floor":38,"damage_taken":0}],"is_beta":false,"boss_relics":[{"not_picked":["Runic Dome","Fusion Hammer"],"picked":"Coffee Dripper"},{"not_picked":["Lizard Tail","Calling Bell"],"picked":"Inserter"}],"items_purged_floors":[10,20,37],"is_endless":false,"potions_floor_spawned":[3,8,12,14,16,21,22,27,36],"killed_by":"Giant Head","ascension_level":0}