{"gold_per_floor":[114,114,114,134,144,144,144,144,144,155,155,14,14,14],"floor_reached":14,"playtime":239,"items_purged":[],"score":172,"play_id":"027f4688-e046-42b6-abd2-0b3a00d2e1b9","local_time":"20190226131840","is_ascension_mode":true,"campfire_choices":[{"floor":8,"key":"REST"}],"neow_cost":"NONE","seed_source_timestamp":146371723316700,"circlet_count":0,"master_deck":["AscendersBane","Strike_B","Strike_B","Strike_B","Defend_B","Defend_B","Defend_B","Defend_B","Zap","Dualcast","Gash","Ball Lightning","Cold Snap","Conserve Battery","Gash","Capacitor+1"],"special_seed":0,"relics":["Cracked Core","Omamori","Bird Faced Urn","WingedGreaves","Frozen Egg 2","The Courier"],"potions_floor_usage":[6],"damage_taken":[{"damage":4.0,"enemies":"Small Slimes","floor":1.0,"turns":4.0},{"damage":5.0,"enemies":"2 Louse","floor":4.0,"turns":2.0},{"damage":1.0,"enemies":"Cultist","floor":5.0,"turns":3.0},{"damage":0,"enemies":"Lagavulin","floor":6,"turns":1},{"damage":5,"enemies":"Looter","floor":10,"turns":3},{"damage":50,"enemies":"Gremlin Nob","floor":14,"turns":4}],"seed_played":"-2186877149218563398","potions_obtained":[{"floor":4.0,"key":"SmokeBomb"}],"is_trial":false,"path_per_floor":["M","?","?","M","M","E","?","R","T","M","?","$","T","E"],"character_chosen":"DEFECT","items_purchased":["Gash","Capacitor+1"],"campfire_rested":1,"item_purchase_floors":[12,12],"current_hp_per_floor":[60,42,42,37,36,36,29,50,50,45,45,45,45,0],"gold":14,"neow_bonus":"RANDOM_COMMON_RELIC","is_prod":false,"is_daily":false,"chose_seed":false,"campfire_upgraded":0,"win_rate":0,"timestamp":1551205120,"path_taken":["M","?","?","M","M","E","?","R","T","M","?","$","?","E"],"build_version":"2019-01-23","purchased_purges":0,"victory":false,"max_hp_per_floor":[71,71,71,71,71,71,71,71,71,71,71,71,71,71],"card_choices":[{"not_picked":["Compile Driver","Rip and Tear"],"picked":"Gash","floor":1.0},{"not_picked":["Chaos","Reinforced Body"],"picked":"Ball Lightning","floor":4.0},{"not_picked":["Barrage","Conserve Battery"],"picked":"Cold Snap","floor":5.0},{"not_picked":["Lockon","Multi-Cast"],"picked":"Conserve Battery","floor":10}],"player_experience":1269825,"relics_obtained":[{"floor":9,"key":"Frozen Egg 2"},{"floor":13,"key":"The Courier"}],"event_choices":[{"damage_healed":0.0,"max_hp_gain":0.0,"max_hp_loss":0.0,"gold_gain":0.0,"event_name":"Scrap Ooze","player_choice":"Success","floor":2.0,"gold_loss":0.0,"damage_taken":18.0,"relics_obtained":["Bird Faced Urn"]},{"damage_healed":0.0,"max_hp_gain":0.0,"max_hp_loss":0.0,"gold_gain":0.0,"event_name":"Big Fish","player_choice":"Box","floor":3.0,"gold_loss":0.0,"damage_taken":0.0,"relics_obtained":["WingedGreaves"],"cards_obtained":["Regret"]},{"cards_removed":["Strike_B"],"damage_healed":0,"gold_gain":0,"player_choice":"Card Removal","damage_taken":7,"max_hp_gain":0,"max_hp_loss":0,"event_name":"Golden Wing","floor":7,"gold_loss":0},{"damage_healed":0,"gold_gain":0,"player_choice":"Ignored","damage_taken":0,"max_hp_gain":0,"max_hp_loss":0,"event_name":"Golden Idol","floor":11,"gold_loss":0}],"is_beta":false,"boss_relics":[],"items_purged_floors":[],"is_endless":false,"potions_floor_spawned":[4],"killed_by":"Gremlin Nob","ascension_level":19}