{"gold_per_floor":[113,113,113,126,126,155,170,135,162,188,188,203,237,256,256,256],"floor_reached":16,"playtime":653,"items_purged":[],"score":156,"play_id":"fdfa8a73-2e52-4a61-8913-bd6971fcc34a","local_time":"20190221194453","is_ascension_mode":true,"campfire_choices":[{"data":"Clothesline","floor":11,"key":"SMITH"},{"data":"Cleave","floor":15,"key":"SMITH"}],"neow_cost":"NONE","seed_source_timestamp":352244340619374,"circlet_count":0,"master_deck":["Strike_R","Strike_R","Strike_R","Strike_R","Defend_R","Defend_R","Defend_R","Defend_R","Bash+1","Cleave+1","Clash","Perfected Strike","Clothesline+1","Shockwave","Metallicize","Pommel Strike"],"relics":["Burning Blood","Art of War","Blood Vial","Meat on the Bone","Toxic Egg 2"],"potions_floor_usage":[10,10,13],"damage_taken":[{"damage":6,"enemies":"Cultist","floor":1,"turns":3},{"damage":2,"enemies":"Jaw Worm","floor":4,"turns":3},{"damage":24,"enemies":"Gremlin Nob","floor":6,"turns":4},{"damage":9,"enemies":"2 Louse","floor":7,"turns":2},{"damage":25,"enemies":"Lagavulin","floor":10,"turns":5},{"damage":6,"enemies":"Lots of Slimes","floor":12,"turns":3},{"damage":30,"enemies":"3 Sentries","floor":13,"turns":6},{"damage":5,"enemies":"2 Fungi Beasts","floor":14,"turns":3},{"damage":61,"enemies":"Slime Boss","floor":16,"turns":9}],"seed_played":"-5929869940306005144","potions_obtained":[{"floor":4,"key":"FearPotion"},{"floor":6,"key":"Poison Potion"},{"floor":12,"key":"AttackPotion"}],"is_trial":false,"path_per_floor":["M","?","?","M","?","E","M","?","T","E","R","M","E","M","R","B"],"character_chosen":"IRONCLAD","items_purchased":[],"campfire_rested":0,"item_purchase_floors":[],"current_hp_per_floor":[72,65,65,69,69,51,48,68,68,51,51,53,43,58,58,0],"gold":256,"neow_bonus":"THREE_CARDS","is_prod":false,"is_daily":false,"chose_seed":false,"campfire_upgraded":2,"win_rate":0,"timestamp":1550774693,"path_taken":["M","?","?","M","?","E","?","?","T","E","R","M","E","M","R","BOSS"],"build_version":"2019-01-23","purchased_purges":0,"victory":false,"max_hp_per_floor":[80,80,80,80,80,80,80,80,80,80,80,80,80,80,80,80],"card_choices":[{"not_picked":["Clothesline","Clash"],"picked":"Cleave","floor":0},{"not_picked":["Wild Strike","Rupture"],"picked":"Clash","floor":1},{"not_picked":["Body Slam","Anger"],"picked":"Perfected Strike","floor":4},{"not_picked":["Blood for Blood","Offering"],"picked":"Clothesline","floor":6},{"not_picked":["Flex","Cleave","Clothesline"],"picked":"SKIP","floor":7},{"not_picked":["Flex","Body Slam","Dropkick"],"picked":"SKIP","floor":10},{"not_picked":["Clash","Intimidate"],"picked":"Shockwave","floor":12},{"not_picked":["Inflame","Body Slam"],"picked":"Metallicize","floor":13},{"not_picked":["Wild Strike","Clash"],"picked":"Pommel Strike","floor":14}],"player_experience":702527,"relics_obtained":[{"floor":6,"key":"Art of War"},{"floor":9,"key":"Blood Vial"},{"floor":10,"key":"Meat on the Bone"},{"floor":13,"key":"Toxic Egg 2"}],"event_choices":[{"cards_removed":["Strike_R"],"damage_healed":0,"gold_gain":0,"player_choice":"Card Removal","damage_taken":7,"max_hp_gain":0,"max_hp_loss":0,"event_name":"Golden Wing","floor":2,"gold_loss":0},{"damage_healed":0,"gold_gain":0,"player_choice":"Ignored","damage_taken":0,"max_hp_gain":0,"max_hp_loss":0,"event_name":"Liars Game","floor":3,"gold_loss":0},{"damage_healed":0,"gold_gain":0,"player_choice":"Upgraded","damage_taken":0,"max_hp_gain":0,"max_hp_loss":0,"event_name":"Upgrade Shrine","floor":5,"gold_loss":0,"cards_upgraded":["Bash"]},{"damage_healed":20,"gold_gain":0,"player_choice":"Healed","damage_taken":0,"max_hp_gain":0,"max_hp_loss":0,"event_name":"The Cleric","floor":8,"gold_loss":35}],"is_beta":false,"boss_relics":[],"items_purged_floors":[],"is_endless":false,"potions_floor_spawned":[4,6,12],"killed_by":"Slime Boss","ascension_level":6}