{"gold_per_floor":[115,115,130,148,167,167,202,216,243,243,243,243,273,290,290,390,390,390,390,390,390,390,390,390,390,390,390,390,390,390,23,23,23,23,23,23,23,23,23,23,23,23,23,23,23,23,23,23,23,23],"floor_reached":50,"playtime":3922,"items_purged":[],"score":830,"play_id":"92d72e65-8c3a-4821-9907-6d74cc717a29","local_time":"20190208102029","is_ascension_mode":true,"campfire_choices":[{"data":"Fiend Fire","floor":6,"key":"SMITH"},{"data":"Body Slam","floor":10,"key":"SMITH"},{"floor":12,"key":"REST"},{"data":"Metallicize","floor":15,"key":"SMITH"},{"floor":23,"key":"REST"},{"floor":25,"key":"REST"},{"floor":27,"key":"REST"},{"floor":29,"key":"REST"},{"data":"Barricade","floor":32,"key":"SMITH"},{"floor":40,"key":"REST"},{"floor":42,"key":"REST"},{"data":"True Grit","floor":45,"key":"SMITH"},{"data":"True Grit","floor":49,"key":"SMITH"}],"neow_cost":"NONE","seed_source_timestamp":1654540664707,"circlet_count":0,"master_deck":["AscendersBane","Strike_R","Strike_R","Strike_R","Strike_R","Defend_R","Defend_R","Defend_R","Defend_R","Bash+1","Warcry","Metallicize+1","Body Slam+1","Fiend Fire+1","Spot Weakness","Seeing Red","Barricade+1","Cleave+1","Headbutt+1","Ghostly Armor","Disarm+1","Impervious","Burning Pact+1","True Grit+1","Combust","Immolate","Shockwave+1","Feel No Pain+1","Power Through+1","True Grit+1","Shrug It Off+1"],"relics":["Black Blood","Singing Bowl","Anchor","Red Skull","Strawberry","Ectoplasm","Dream Catcher","Blue Candle","Self Forming Clay","Dodecahedron","Art of War"],"potions_floor_usage":[7,13,16,18,22,30,33,50,50],"damage_taken":[{"damage":0,"enemies":"2 Louse","floor":1,"turns":3},{"damage":2,"enemies":"Cultist","floor":3,"turns":4},{"damage":14,"enemies":"Small Slimes","floor":4,"turns":5},{"damage":22,"enemies":"Gremlin Gang","floor":5,"turns":8},{"damage":35,"enemies":"3 Sentries","floor":7,"turns":9},{"damage":12,"enemies":"Large Slime","floor":8,"turns":7},{"damage":7,"enemies":"Lagavulin","floor":13,"turns":4},{"damage":8,"enemies":"3 Louse","floor":14,"turns":4},{"damage":25,"enemies":"The Guardian","floor":16,"turns":10},{"damage":29,"enemies":"Spheric Guardian","floor":18,"turns":6},{"damage":22,"enemies":"3 Byrds","floor":19,"turns":6},{"damage":24,"enemies":"Snake Plant","floor":20,"turns":3},{"damage":18,"enemies":"Snecko","floor":22,"turns":4},{"damage":45,"enemies":"3 Cultists","floor":28,"turns":6},{"damage":0,"enemies":"Gremlin Leader","floor":30,"turns":2},{"damage":37,"enemies":"Champ","floor":33,"turns":13},{"damage":7,"enemies":"Orb Walker","floor":35,"turns":4},{"damage":32,"enemies":"3 Darklings","floor":37,"turns":5},{"damage":25,"enemies":"Jaw Worm Horde","floor":38,"turns":3},{"damage":38,"enemies":"Sphere and 2 Shapes","floor":39,"turns":8},{"damage":3,"enemies":"4 Shapes","floor":41,"turns":4},{"damage":7,"enemies":"Maw","floor":44,"turns":10},{"damage":1,"enemies":"Spire Growth","floor":46,"turns":7},{"damage":2,"enemies":"4 Shapes","floor":48,"turns":8},{"damage":116,"enemies":"Donu and Deca","floor":50,"turns":14}],"seed_played":"-4632956046680437035","potions_obtained":[{"floor":4,"key":"Swift Potion"},{"floor":7,"key":"SkillPotion"},{"floor":13,"key":"Block Potion"},{"floor":16,"key":"SkillPotion"},{"floor":20,"key":"Regen Potion"},{"floor":22,"key":"SmokeBomb"},{"floor":28,"key":"Poison Potion"},{"floor":33,"key":"Dexterity Potion"},{"floor":38,"key":"SteroidPotion"},{"floor":39,"key":"SpeedPotion"},{"floor":44,"key":"EssenceOfSteel"}],"is_trial":false,"path_per_floor":["?","M","M","?","M","M","?","?","?","M","M","?"],"character_chosen":"IRONCLAD","items_purchased":["Self Forming Clay","True Grit","Combust"],"campfire_rested":7,"item_purchase_floors":[31,31,31],"current_hp_per_floor":[78,78,80,72,56,56,27,23,23,23,23,47,53,53,53,34,77,56,42,26,26,26,55,36,66,66,96,57,87,93,93,93,62,92,97,97,77,62,34,65,74,106,106,110,110,112,112,112,112,0],"gold":23,"neow_bonus":"UPGRADE_CARD","is_prod":false,"is_daily":false,"chose_seed":false,"campfire_upgraded":6,"win_rate":0,"timestamp":1549617629,"path_taken":["M","?","?","?","M","R","E","M","T","R","?","R","E","M","R","BOSS","M","?","?","?","M","R","?","R","T","R","M","R","E","$","R","BOSS","M","?","M","M","M","R","?","R","T","?","R","M","?","M","R","BOSS"],"build_version":"2019-01-23","purchased_purges":0,"victory":false,"max_hp_per_floor":[80,80,80,80,80,80,80,82,82,82,82,82,89,91,91,91,91,93,95,97,97,97,97,102,102,102,102,102,102,102,102,102,102,102,104,104,106,106,106,106,108,108,108,110,110,112,112,112,112,112],"card_choices":[{"not_picked":["Pummel","Clash"],"picked":"Warcry","floor":1},{"not_picked":["Headbutt","Pommel Strike"],"picked":"Body Slam","floor":3},{"not_picked":["Armaments","Sword Boomerang"],"picked":"Fiend Fire","floor":4},{"not_picked":["Thunderclap","Clash","Bloodletting"],"picked":"SKIP","floor":5},{"not_picked":["Warcry","Double Tap"],"picked":"Spot Weakness","floor":7},{"not_picked":["Sentinel","Clash","Thunderclap"],"picked":"Singing Bowl","floor":8},{"not_picked":["Pommel Strike","Rupture"],"picked":"Seeing Red","floor":13},{"not_picked":["Havoc","Clash","Thunderclap"],"picked":"Singing Bowl","floor":14},{"not_picked":["Exhume","Limit Break"],"picked":"Barricade","floor":16},{"not_picked":["Hemokinesis","Sword Boomerang+1","Searing Blow"],"picked":"Singing Bowl","floor":18},{"not_picked":["Twin Strike","Perfected Strike+1","Sword Boomerang"],"picked":"Singing Bowl","floor":19},{"not_picked":["Armaments","Intimidate","Wild Strike"],"picked":"Singing Bowl","floor":20},{"not_picked":["Body Slam","Anger+1"],"picked":"Cleave+1","floor":22},{"not_picked":["Armaments","Sentinel+1"],"picked":"Headbutt+1","floor":23},{"not_picked":["Anger","Power Through"],"picked":"Ghostly Armor","floor":25},{"not_picked":["Body Slam","Anger"],"picked":"Disarm+1","floor":27},{"not_picked":["Havoc","Wild Strike"],"picked":"Impervious","floor":28},{"not_picked":["Warcry","Wild Strike"],"picked":"Burning Pact+1","floor":29},{"not_picked":["Juggernaut","Limit Break"],"picked":"Immolate","floor":33},{"not_picked":["Headbutt","Wild Strike+1","Sword Boomerang+1"],"picked":"Singing Bowl","floor":35},{"not_picked":["Carnage+1","Dropkick","Uppercut+1"],"picked":"Singing Bowl","floor":37},{"not_picked":["Warcry","Dropkick"],"picked":"Shockwave+1","floor":38},{"not_picked":["Sentinel","Bludgeon"],"picked":"Feel No Pain+1","floor":39},{"not_picked":["Warcry+1","Rage+1"],"picked":"Power Through+1","floor":40},{"not_picked":["Headbutt+1","Fire Breathing+1","Sword Boomerang+1"],"picked":"Singing Bowl","floor":41},{"not_picked":["Iron Wave+1","Wild Strike+1"],"picked":"True Grit","floor":42},{"not_picked":["Carnage","Hemokinesis+1","Twin Strike"],"picked":"Singing Bowl","floor":44},{"not_picked":["Clothesline","Seeing Red+1","Thunderclap+1"],"picked":"Singing Bowl","floor":46},{"not_picked":["Pommel Strike","Sever Soul"],"picked":"Shrug It Off+1","floor":48}],"player_experience":313573,"relics_obtained":[{"floor":7,"key":"Singing Bowl"},{"floor":9,"key":"Anchor"},{"floor":11,"key":"Red Skull"},{"floor":13,"key":"Strawberry"},{"floor":26,"key":"Blue Candle"},{"floor":43,"key":"Dodecahedron"},{"floor":47,"key":"Art of War"}],"event_choices":[{"damage_healed":0,"gold_gain":0,"cards_transformed":["Strike_R"],"player_choice":"Transformed","damage_taken":0,"max_hp_gain":0,"max_hp_loss":0,"event_name":"Transmorgrifier","floor":2,"gold_loss":0,"cards_obtained":["Metallicize"]},{"damage_healed":0,"gold_gain":0,"player_choice":"Relic","damage_taken":0,"max_hp_gain":0,"max_hp_loss":0,"event_name":"Wheel of Change","floor":11,"gold_loss":0},{"damage_healed":0,"gold_gain":0,"player_choice":"Opened","damage_taken":0,"relics_obtained":["Dream Catcher"],"max_hp_gain":0,"max_hp_loss":0,"event_name":"The Mausoleum","floor":21,"gold_loss":0},{"damage_healed":0,"gold_gain":0,"player_choice":"Shed Blood","damage_taken":24,"max_hp_gain":5,"max_hp_loss":0,"event_name":"Forgotten Altar","floor":24,"gold_loss":0},{"damage_healed":0,"gold_gain":0,"player_choice":"Ignored","damage_taken":0,"max_hp_gain":0,"max_hp_loss":0,"event_name":"SecretPortal","floor":36,"gold_loss":0},{"damage_healed":0,"gold_gain":0,"player_choice":"Relic","damage_taken":0,"max_hp_gain":0,"max_hp_loss":0,"event_name":"Wheel of Change","floor":47,"gold_loss":0}],"is_beta":false,"boss_relics":[{"not_picked":["Tiny House","Runic Pyramid"],"picked":"Ectoplasm"},{"not_picked":["White Beast Statue","Empty Cage"],"picked":"Black Blood"}],"items_purged_floors":[],"is_endless":false,"potions_floor_spawned":[4,7,13,16,20,22,28,30,33,38,39,44,48],"killed_by":"Donu and Deca","ascension_level":11}