{"gold_per_floor":[112,45,64,64,84,84,116,129,152,152,169,180,150,164,164,241,241,257,22,42,42,42,42,56,90,117,136,155,155,155,186,186,263,263,273,287,9,23,34,34,34,112,135,155,155,174,202,2,2,2],"floor_reached":50,"playtime":5019,"items_purged":["Strike_R"],"score":877,"play_id":"02c32244-415f-4341-bef1-ec06fd85be41","local_time":"20190130142221","is_ascension_mode":true,"campfire_choices":[{"data":"Bash","floor":6,"key":"SMITH"},{"data":"Feel No Pain","floor":10,"key":"SMITH"},{"floor":15,"key":"REST"},{"data":"Evolve","floor":23,"key":"SMITH"},{"floor":29,"key":"REST"},{"floor":32,"key":"REST"},{"data":"Fiend Fire","floor":40,"key":"SMITH"},{"floor":45,"key":"REST"},{"floor":49,"key":"REST"}],"neow_cost":"NONE","seed_source_timestamp":0,"circlet_count":0,"master_deck":["AscendersBane","Strike_R","Defend_R","Defend_R","Defend_R","Defend_R","Bash+1","Shrug It Off","Metallicize","Clothesline","Iron Wave+1","Metallicize","Feel No Pain+1","Reckless Charge","Infernal Blade","Carnage+1","Offering","Sword Boomerang+1","Pommel Strike+1","Headbutt+1","Feel No Pain+1","Evolve+1","True Grit+1","Fiend Fire+1","Wild Strike+1","Rampage","Havoc+1"],"special_seed":0,"relics":["Black Blood","Magic Flower","Bronze Scales","Ancient Tea Set","Astrolabe","DollysMirror","Mercury Hourglass","Whetstone","FossilizedHelix","Lantern","PreservedInsect","Self Forming Clay","Blood Vial","Red Skull"],"potions_floor_usage":[11,11,14,16,24,24,27,33,36,36,44,47,50,50],"damage_taken":[{"damage":6,"enemies":"Cultist","floor":1,"turns":4},{"damage":10,"enemies":"Jaw Worm","floor":3,"turns":5},{"damage":0,"enemies":"Small Slimes","floor":5,"turns":3},{"damage":32,"enemies":"Lagavulin","floor":7,"turns":11},{"damage":15,"enemies":"Exordium Thugs","floor":8,"turns":6},{"damage":14,"enemies":"Gremlin Gang","floor":11,"turns":6},{"damage":11,"enemies":"Red Slaver","floor":12,"turns":3},{"damage":3,"enemies":"Looter","floor":13,"turns":4},{"damage":10,"enemies":"Exordium Wildlife","floor":14,"turns":5},{"damage":57,"enemies":"Slime Boss","floor":16,"turns":13},{"damage":8,"enemies":"3 Byrds","floor":18,"turns":4},{"damage":3,"enemies":"Shell Parasite","floor":20,"turns":9},{"damage":6,"enemies":"Snecko","floor":24,"turns":2},{"damage":47,"enemies":"Book of Stabbing","floor":25,"turns":8},{"damage":11,"enemies":"Sentry and Sphere","floor":27,"turns":7},{"damage":8,"enemies":"Chosen and Byrds","floor":28,"turns":6},{"damage":23,"enemies":"Slavers","floor":31,"turns":7},{"damage":51,"enemies":"Collector","floor":33,"turns":10},{"damage":17,"enemies":"3 Shapes","floor":35,"turns":5},{"damage":29,"enemies":"3 Darklings","floor":36,"turns":10},{"damage":30,"enemies":"Jaw Worm Horde","floor":38,"turns":5},{"damage":0,"enemies":"Sphere and 2 Shapes","floor":39,"turns":7},{"damage":42,"enemies":"3 Darklings","floor":44,"turns":6},{"damage":14,"enemies":"Jaw Worm Horde","floor":46,"turns":5},{"damage":15,"enemies":"Reptomancer","floor":47,"turns":5},{"damage":92,"enemies":"Awakened One","floor":50,"turns":14}],"seed_played":"4754824110184779886","potions_obtained":[{"floor":1,"key":"Strength Potion"},{"floor":8,"key":"Block Potion"},{"floor":11,"key":"Energy Potion"},{"floor":14,"key":"Regen Potion"},{"floor":16,"key":"AttackPotion"},{"floor":20,"key":"SpeedPotion"},{"floor":25,"key":"SkillPotion"},{"floor":31,"key":"LiquidBronze"},{"floor":33,"key":"Energy Potion"},{"floor":35,"key":"EssenceOfSteel"},{"floor":46,"key":"Swift Potion"},{"floor":47,"key":"Fire Potion"}],"is_trial":false,"path_per_floor":["M","$","M","T","M","R","E","M","T","R","M","M","M","M","R","B",null,"M","$","M","?","$","R","M","E","T","M","M","R","T","E","R","B",null,"M","M","$","M","M","R","?","T","T","M","R","M","E","$","R","B"],"character_chosen":"IRONCLAD","items_purchased":["Metallicize","DollysMirror","Evolve","PowerPotion","PreservedInsect","Rampage","Ancient Potion","SpeedPotion"],"campfire_rested":5,"item_purchase_floors":[2,19,19,37,37,37,48,48],"current_hp_per_floor":[75,75,71,71,80,80,57,51,51,51,46,44,50,49,73,49,74,75,75,81,65,65,65,68,30,30,28,29,55,55,41,67,25,72,70,56,56,41,56,56,56,56,56,32,58,62,65,65,87,0],"gold":2,"neow_bonus":"TEN_PERCENT_HP_BONUS","is_prod":false,"is_daily":false,"chose_seed":false,"campfire_upgraded":4,"win_rate":0,"timestamp":1548876141,"path_taken":["M","?","M","?","M","R","E","M","T","R","M","M","M","M","R","BOSS","M","$","M","?","?","R","M","E","T","?","M","R","?","E","R","BOSS","M","M","$","M","M","R","?","?","T","M","R","M","E","$","R","BOSS"],"build_version":"2019-01-23","purchased_purges":1,"victory":false,"max_hp_per_floor":[82,82,82,82,82,82,82,82,82,82,82,82,82,82,82,82,82,82,82,82,87,87,87,87,87,87,87,87,87,87,87,87,87,87,87,87,87,87,87,87,87,87,87,87,87,87,87,87,87,87],"card_choices":[{"not_picked":["Power Through","Rampage"],"picked":"Shrug It Off","floor":1},{"not_picked":["Corruption","Sword Boomerang"],"picked":"Clothesline","floor":3},{"not_picked":["Combust","Flex"],"picked":"Iron Wave","floor":5},{"not_picked":["Twin Strike","Warcry"],"picked":"Metallicize","floor":7},{"not_picked":["Body Slam","Inflame"],"picked":"Feel No Pain","floor":8},{"not_picked":["Body Slam","Headbutt"],"picked":"Reckless Charge","floor":11},{"not_picked":["Dropkick","Spot Weakness","Hemokinesis"],"picked":"SKIP","floor":12},{"not_picked":["Thunderclap","Pummel"],"picked":"Infernal Blade","floor":13},{"not_picked":["Thunderclap","Clothesline"],"picked":"Carnage","floor":14},{"not_picked":["Fiend Fire","Juggernaut"],"picked":"Offering","floor":16},{"not_picked":["Warcry","Iron Wave","Ghostly Armor"],"picked":"SKIP","floor":18},{"not_picked":["Inflame","Heavy Blade+1"],"picked":"True Grit+1","floor":20},{"not_picked":["Clash","True Grit","Cleave"],"picked":"SKIP","floor":24},{"not_picked":["Clash","True Grit","Cleave"],"picked":"SKIP","floor":24},{"not_picked":["Shrug It Off","Berserk","Entrench"],"picked":"SKIP","floor":25},{"not_picked":["Wild Strike","Perfected Strike","Heavy Blade"],"picked":"SKIP","floor":27},{"not_picked":["Wild Strike","Combust+1","Hemokinesis"],"picked":"SKIP","floor":28},{"not_picked":["Combust","Searing Blow","Wild Strike"],"picked":"SKIP","floor":31},{"not_picked":["Barricade","Impervious"],"picked":"Fiend Fire","floor":33},{"not_picked":["Sword Boomerang","Armaments+1"],"picked":"Wild Strike+1","floor":35},{"not_picked":["Twin Strike","Clash","Uppercut"],"picked":"SKIP","floor":36},{"not_picked":["Pommel Strike+1","Headbutt","Sentinel+1"],"picked":"SKIP","floor":38},{"not_picked":["Cleave","Pommel Strike"],"picked":"Havoc+1","floor":39},{"not_picked":["Thunderclap","Anger","Body Slam"],"picked":"SKIP","floor":44},{"not_picked":["Second Wind","Whirlwind","Sword Boomerang+1"],"picked":"SKIP","floor":46},{"not_picked":["Sword Boomerang+1","Fiend Fire","Pummel+1"],"picked":"SKIP","floor":47}],"player_experience":520345,"relics_obtained":[{"floor":4,"key":"Magic Flower"},{"floor":7,"key":"Bronze Scales"},{"floor":9,"key":"Ancient Tea Set"},{"floor":25,"key":"Mercury Hourglass"},{"floor":26,"key":"Whetstone"},{"floor":30,"key":"FossilizedHelix"},{"floor":31,"key":"Lantern"},{"floor":42,"key":"Self Forming Clay"},{"floor":43,"key":"Blood Vial"},{"floor":47,"key":"Red Skull"}],"event_choices":[{"damage_healed":0,"gold_gain":0,"player_choice":"Shed Blood","damage_taken":21,"max_hp_gain":5,"max_hp_loss":0,"event_name":"Forgotten Altar","floor":21,"gold_loss":0},{"damage_healed":0,"gold_gain":0,"player_choice":"Ignored","damage_taken":0,"max_hp_gain":0,"max_hp_loss":0,"event_name":"Mysterious Sphere","floor":41,"gold_loss":0}],"is_beta":false,"boss_relics":[{"not_picked":["Lizard Tail","Snecko Eye"],"picked":"Astrolabe"},{"not_picked":["Calling Bell","White Beast Statue"],"picked":"Black Blood"}],"items_purged_floors":[48],"is_endless":false,"potions_floor_spawned":[1,8,11,14,16,20,25,31,33,35,46,47],"killed_by":"Awakened One","ascension_level":14}