{"gold_per_floor":[114,126,146,159,159,159,187,187,187,187,63,96,96,107,107,207,207,224,224,241,259,13,13,30,63,63,63,80,130,148,162,162,262,262,282,300,317,333,7,7,35,35,35,35,61,38,38,55,55,55],"floor_reached":51,"playtime":1930,"items_purged":[],"score":1118,"play_id":"b7109a61-3ad7-4ed5-96c0-d9cffb3f4f7a","local_time":"20190225225219","is_ascension_mode":true,"campfire_choices":[{"floor":6,"key":"REST"},{"floor":8,"key":"REST"},{"data":"Bash","floor":10,"key":"SMITH"},{"floor":13,"key":"REST"},{"data":"Demon Form","floor":15,"key":"SMITH"},{"data":"Seeing Red","floor":23,"key":"SMITH"},{"floor":32,"key":"REST"},{"data":"Armaments","floor":40,"key":"SMITH"},{"data":"Armaments","floor":44,"key":"SMITH"},{"floor":49,"key":"REST"}],"neow_cost":"PERCENT_DAMAGE","seed_source_timestamp":106693790927460,"circlet_count":0,"master_deck":["AscendersBane","Strike_R","Strike_R","Strike_R","Strike_R+1","Strike_R","Defend_R","Defend_R","Defend_R","Bash+1","Sword Boomerang+1","Seeing Red+1","Iron Wave","Flame Barrier","Bludgeon","Clothesline","Warcry","Demon Form+1","Warcry","Double Tap","Hemokinesis+1","Metallicize","Armaments+1","Decay","Impervious","Pommel Strike","Master of Strategy","Deep Breath","Armaments+1","Uppercut","Perfected Strike"],"relics":["Burning Blood","Anchor","Mummified Hand","Busted Crown","Nloth\u0027s Gift","Bottled Tornado","Vajra","Bottled Lightning","Snecko Eye","FossilizedHelix","Sundial","Girya"],"potions_floor_usage":[12,21,30,41,48,50,50],"damage_taken":[{"damage":6,"enemies":"Cultist","floor":1,"turns":4},{"damage":13,"enemies":"Jaw Worm","floor":2,"turns":4},{"damage":10,"enemies":"2 Louse","floor":3,"turns":2},{"damage":12,"enemies":"2 Fungi Beasts","floor":4,"turns":4},{"damage":54,"enemies":"Lagavulin","floor":7,"turns":7},{"damage":16,"enemies":"Gremlin Nob","floor":12,"turns":3},{"damage":10,"enemies":"Red Slaver","floor":14,"turns":3},{"damage":38,"enemies":"Slime Boss","floor":16,"turns":6},{"damage":0,"enemies":"Spheric Guardian","floor":18,"turns":3},{"damage":0,"enemies":"Chosen","floor":20,"turns":3},{"damage":25,"enemies":"Shelled Parasite and Fungi","floor":21,"turns":7},{"damage":26,"enemies":"Snake Plant","floor":24,"turns":4},{"damage":20,"enemies":"Book of Stabbing","floor":25,"turns":4},{"damage":8,"enemies":"Centurion and Healer","floor":28,"turns":5},{"damage":4,"enemies":"Snecko","floor":30,"turns":3},{"damage":2,"enemies":"Snake Plant","floor":31,"turns":3},{"damage":32,"enemies":"Champ","floor":33,"turns":9},{"damage":3,"enemies":"Orb Walker","floor":35,"turns":3},{"damage":2,"enemies":"3 Shapes","floor":36,"turns":7},{"damage":21,"enemies":"3 Darklings","floor":37,"turns":5},{"damage":9,"enemies":"Jaw Worm Horde","floor":38,"turns":4},{"damage":42,"enemies":"Reptomancer","floor":41,"turns":5},{"damage":57,"enemies":"Nemesis","floor":45,"turns":5},{"damage":0,"enemies":"Transient","floor":48,"turns":5},{"damage":82,"enemies":"Donu and Deca","floor":50,"turns":8}],"seed_played":"-5677406398827226976","potions_obtained":[{"floor":3,"key":"FairyPotion"},{"floor":14,"key":"Swift Potion"},{"floor":16,"key":"Energy Potion"},{"floor":21,"key":"AttackPotion"},{"floor":33,"key":"Explosive Potion"},{"floor":36,"key":"Energy Potion"},{"floor":45,"key":"SkillPotion"},{"floor":48,"key":"EntropicBrew"}],"is_trial":false,"path_per_floor":["M","M","M","M","?","R","E","R","T","R","$","E","R","M","R","B",null,"M","?","M","M","$","R","M","E","T","?","M","?","M","M","R","B",null,"M","M","M","M","$","R","E","?","T","R","E","$","?","M","R","B",null],"character_chosen":"IRONCLAD","items_purchased":["AttackPotion","Clothesline","Warcry","Bottled Tornado","Master of Strategy","Deep Breath","Armaments","Perfected Strike"],"campfire_rested":5,"item_purchase_floors":[11,11,11,22,39,39,39,46],"current_hp_per_floor":[67,60,56,50,31,59,11,39,39,39,39,29,57,53,53,21,77,83,83,89,70,70,70,50,36,36,36,34,34,36,40,68,42,83,86,90,75,72,72,72,36,84,84,84,33,33,33,39,64,14],"gold":55,"neow_bonus":"TWENTY_PERCENT_HP_BONUS","is_prod":false,"is_daily":false,"chose_seed":false,"campfire_upgraded":5,"win_rate":0,"timestamp":1551131539,"path_taken":["M","M","?","M","?","R","E","R","T","R","$","E","R","M","R","BOSS","M","?","M","?","$","R","M","E","T","?","M","?","M","?","R","BOSS","M","M","?","?","$","R","E","?","T","R","E","$","?","M","R","BOSS"],"build_version":"2019-01-23","purchased_purges":0,"victory":true,"max_hp_per_floor":[96,96,96,96,96,96,96,96,96,96,96,96,96,96,96,96,96,96,96,96,96,96,96,96,96,96,96,96,96,96,96,96,96,96,96,96,96,96,96,96,96,84,84,84,84,84,84,84,84,84],"card_choices":[{"not_picked":["Searing Blow","Dual Wield"],"picked":"Sword Boomerang","floor":1},{"not_picked":["Flex","Heavy Blade"],"picked":"Seeing Red","floor":2},{"not_picked":["Sword Boomerang","Dropkick"],"picked":"Iron Wave","floor":3},{"not_picked":["Reckless Charge","Thunderclap"],"picked":"Flame Barrier","floor":4},{"not_picked":["Hemokinesis","Havoc"],"picked":"Bludgeon","floor":7},{"not_picked":["Shockwave","Seeing Red"],"picked":"Demon Form","floor":12},{"not_picked":["Flex","Anger"],"picked":"Warcry","floor":14},{"not_picked":["Bludgeon","Offering"],"picked":"Double Tap","floor":16},{"not_picked":["Havoc+1"],"picked":"SKIP","floor":18},{"not_picked":[],"picked":"Hemokinesis+1","floor":20},{"not_picked":[],"picked":"Metallicize","floor":21},{"not_picked":["Flex+1"],"picked":"SKIP","floor":24},{"not_picked":[],"picked":"Armaments","floor":25},{"not_picked":["Clothesline"],"picked":"SKIP","floor":28},{"not_picked":["True Grit"],"picked":"SKIP","floor":30},{"not_picked":["Sentinel+1"],"picked":"SKIP","floor":31},{"not_picked":[],"picked":"Impervious","floor":33},{"not_picked":["Headbutt"],"picked":"SKIP","floor":35},{"not_picked":["Iron Wave"],"picked":"SKIP","floor":36},{"not_picked":["Flex+1"],"picked":"SKIP","floor":37},{"not_picked":[],"picked":"Pommel Strike","floor":38},{"not_picked":[],"picked":"Uppercut","floor":41},{"not_picked":["Thunderclap"],"picked":"SKIP","floor":45},{"not_picked":["Anger"],"picked":"SKIP","floor":48}],"player_experience":773953,"relics_obtained":[{"floor":7,"key":"Anchor"},{"floor":9,"key":"Mummified Hand"},{"floor":12,"key":"Unceasing Top"},{"floor":25,"key":"Vajra"},{"floor":26,"key":"Bottled Lightning"},{"floor":41,"key":"FossilizedHelix"},{"floor":43,"key":"Sundial"},{"floor":45,"key":"Girya"}],"event_choices":[{"damage_healed":0,"gold_gain":0,"player_choice":"Entered Light","damage_taken":19,"max_hp_gain":0,"max_hp_loss":0,"event_name":"Shining Light","floor":5,"gold_loss":0,"cards_upgraded":["Sword Boomerang","Strike_R"]},{"damage_healed":0,"gold_gain":0,"player_choice":"Traded Relic","damage_taken":0,"relics_obtained":["Nloth\u0027s Gift"],"max_hp_gain":0,"max_hp_loss":0,"event_name":"N\u0027loth","floor":19,"relics_lost":["Unceasing Top"],"gold_loss":0},{"damage_healed":0,"gold_gain":0,"player_choice":"Smashed Altar","damage_taken":0,"max_hp_gain":0,"max_hp_loss":0,"event_name":"Forgotten Altar","floor":27,"gold_loss":0,"cards_obtained":["Decay"]},{"damage_healed":0,"gold_gain":100,"player_choice":"Bet on Murderer","damage_taken":0,"max_hp_gain":0,"max_hp_loss":0,"event_name":"The Joust","floor":29,"gold_loss":50},{"damage_healed":84,"gold_gain":0,"player_choice":"Heal","damage_taken":0,"max_hp_gain":0,"max_hp_loss":12,"event_name":"The Moai Head","floor":42,"gold_loss":0},{"cards_removed":["Defend_R"],"damage_healed":0,"gold_gain":0,"player_choice":"Removed Skill","damage_taken":0,"max_hp_gain":0,"max_hp_loss":0,"event_name":"Falling","floor":47,"gold_loss":0}],"is_beta":false,"boss_relics":[{"not_picked":["Empty Cage","Astrolabe"],"picked":"Busted Crown"},{"not_picked":["Sozu","Calling Bell"],"picked":"Snecko Eye"}],"items_purged_floors":[],"is_endless":false,"potions_floor_spawned":[3,14,16,20,21,25,28,33,36,37,38,45,48],"ascension_level":11}