{"gold_per_floor":[116,66,79,79,96,96,96,96,96,21,21,48,68,127,127,127],"floor_reached":16,"playtime":538,"items_purged":["Regret"],"score":124,"play_id":"66f66153-61c0-43df-ab80-54e41f72c576","local_time":"20190218190026","is_ascension_mode":true,"campfire_choices":[{"data":"Juggernaut","floor":6,"key":"SMITH"},{"data":"Bash","floor":11,"key":"SMITH"},{"floor":15,"key":"REST"}],"neow_cost":"NONE","seed_source_timestamp":90494369090476,"circlet_count":0,"master_deck":["Strike_R+1","Strike_R","Strike_R","Strike_R","Defend_R","Defend_R","Defend_R+1","Defend_R","Bash+1","Cleave","Inflame+1","Juggernaut+1","Rage","Thunderclap","Whirlwind"],"relics":["Burning Blood","Juzu Bracelet","Frozen Egg 2","Bottled Flame","Regal Pillow","Tiny Chest"],"potions_floor_usage":[12,16],"damage_taken":[{"damage":2,"enemies":"2 Louse","floor":1,"turns":3},{"damage":7,"enemies":"Small Slimes","floor":3,"turns":4},{"damage":6,"enemies":"Cultist","floor":5,"turns":3},{"damage":29,"enemies":"3 Sentries","floor":12,"turns":6},{"damage":7,"enemies":"Large Slime","floor":13,"turns":3},{"damage":21,"enemies":"Lagavulin","floor":14,"turns":7},{"damage":72,"enemies":"The Guardian","floor":16,"turns":10}],"seed_played":"7860388946508653594","potions_obtained":[{"floor":3,"key":"BloodPotion"},{"floor":13,"key":"FearPotion"}],"is_trial":false,"path_per_floor":["M","?","M","?","M","R","?","?","T","$","R","E","M","E","R","B"],"character_chosen":"IRONCLAD","items_purchased":[],"campfire_rested":1,"item_purchase_floors":[],"current_hp_per_floor":[80,80,79,79,79,79,79,63,63,63,63,48,47,32,71,0],"gold":127,"neow_bonus":"RANDOM_COMMON_RELIC","is_prod":false,"is_daily":false,"chose_seed":false,"campfire_upgraded":2,"win_rate":0,"timestamp":1550512826,"path_taken":["M","?","M","?","M","R","?","?","T","$","R","E","M","E","R","BOSS"],"build_version":"2019-01-23","purchased_purges":1,"victory":false,"max_hp_per_floor":[80,80,80,80,80,80,80,80,80,80,80,80,80,80,80,80],"card_choices":[{"not_picked":["Wild Strike","Sword Boomerang"],"picked":"Cleave","floor":1},{"not_picked":["Flex","True Grit"],"picked":"Inflame","floor":3},{"not_picked":["Shrug It Off","True Grit"],"picked":"Juggernaut","floor":5},{"not_picked":["Armaments","Perfected Strike"],"picked":"Rage","floor":12},{"not_picked":["Sword Boomerang","Twin Strike"],"picked":"Thunderclap","floor":13},{"not_picked":["Pummel","Anger"],"picked":"Whirlwind","floor":14}],"player_experience":681533,"relics_obtained":[{"floor":9,"key":"Bottled Flame"},{"floor":12,"key":"Regal Pillow"},{"floor":14,"key":"Tiny Chest"}],"event_choices":[{"cards_removed":["Strike_R"],"damage_healed":0,"gold_gain":0,"player_choice":"Card Removal","damage_taken":0,"max_hp_gain":0,"max_hp_loss":0,"event_name":"The Cleric","floor":2,"gold_loss":50},{"damage_healed":0,"gold_gain":0,"player_choice":"Grow","damage_taken":0,"max_hp_gain":0,"max_hp_loss":0,"event_name":"Living Wall","floor":4,"gold_loss":0,"cards_upgraded":["Inflame"]},{"damage_healed":0,"gold_gain":0,"player_choice":"Box","damage_taken":0,"relics_obtained":["Frozen Egg 2"],"max_hp_gain":0,"max_hp_loss":0,"event_name":"Big Fish","floor":7,"gold_loss":0,"cards_obtained":["Regret"]},{"damage_healed":0,"gold_gain":0,"player_choice":"Entered Light","damage_taken":16,"max_hp_gain":0,"max_hp_loss":0,"event_name":"Shining Light","floor":8,"gold_loss":0,"cards_upgraded":["Defend_R","Strike_R"]}],"is_beta":false,"boss_relics":[],"items_purged_floors":[10],"is_endless":false,"potions_floor_spawned":[3,13],"killed_by":"The Guardian","ascension_level":3}