{"gold_per_floor":[118,135,135,135,148,148,182,196,196,196,216,166,166,186,186,306,306,320,344,362,387,302,302,335,359,433,433,448,448,371,390,390,519,519,534,59,84,417,417,450,450,450],"floor_reached":42,"playtime":5935,"items_purged":["Strike_G"],"score":549,"play_id":"28bcb899-ac0c-49ab-8c67-c9ce13fca7af","local_time":"20180726215757","is_ascension_mode":true,"campfire_choices":[{"data":"Cloak And Dagger","floor":6.0,"key":"SMITH"},{"data":"Accuracy","floor":15.0,"key":"SMITH"},{"floor":23,"key":"REST"},{"floor":27,"key":"REST"},{"data":"Cloak And Dagger","floor":29,"key":"SMITH"},{"data":"Well Laid Plans","floor":32,"key":"SMITH"},{"floor":41,"key":"REST"}],"neow_cost":"NONE","seed_source_timestamp":0,"circlet_count":0,"master_deck":["Defend_G","Defend_G","Defend_G","Defend_G","Defend_G","Strike_G","Strike_G","Strike_G","Survivor","Neutralize","Cloak And Dagger+1","PiercingWail","Escape Plan","Grand Finale","Accuracy+1","Cloak And Dagger","Prepared","Tools of the Trade","Cloak And Dagger+1","Blade Dance+1","Burst","Well Laid Plans+1","J.A.X.","After Image","Flechettes+1","Footwork","Trip","Cloak And Dagger","Night Terror"],"special_seed":0,"relics":["Ring of the Snake","Happy Flower","Letter Opener","Singing Bowl","Ninja Scroll","Lizard Tail","Blue Candle","Molten Egg 2","Smiling Mask","Black Star","Mummified Hand","Kunai","Gremlin Horn"],"potions_floor_usage":[24,33,40],"damage_taken":[{"damage":3.0,"enemies":"Cultist","floor":1.0,"turns":5.0},{"damage":1.0,"enemies":"Jaw Worm","floor":2.0,"turns":5.0},{"damage":0.0,"enemies":"2 Louse","floor":5.0,"turns":2.0},{"damage":15.0,"enemies":"Gremlin Nob","floor":7.0,"turns":5.0},{"damage":2.0,"enemies":"Blue Slaver","floor":8.0,"turns":5.0},{"damage":6.0,"enemies":"Exordium Wildlife","floor":11.0,"turns":5.0},{"damage":0.0,"enemies":"Large Slime","floor":14.0,"turns":6.0},{"damage":18.0,"enemies":"The Guardian","floor":16.0,"turns":12.0},{"damage":7.0,"enemies":"3 Byrds","floor":18.0,"turns":5.0},{"damage":0.0,"enemies":"Spheric Guardian","floor":19.0,"turns":1.0},{"damage":15.0,"enemies":"Cultist and Chosen","floor":20.0,"turns":8.0},{"damage":27,"enemies":"Snecko","floor":21,"turns":7},{"damage":27,"enemies":"Gremlin Leader","floor":24,"turns":9},{"damage":21,"enemies":"Snake Plant","floor":25,"turns":6},{"damage":4,"enemies":"3 Cultists","floor":28,"turns":4},{"damage":4,"enemies":"Cultist and Chosen","floor":31,"turns":4},{"damage":37,"enemies":"Collector","floor":33,"turns":5},{"damage":23,"enemies":"Flame Bruiser 1 Orb","floor":35,"turns":8},{"damage":0,"enemies":"Orb Walker","floor":37,"turns":4},{"damage":14,"enemies":"Giant Head","floor":40,"turns":7},{"damage":27,"enemies":"2 Orb Walkers","floor":42,"turns":3}],"seed_played":"6278961501499975788","potions_obtained":[{"floor":2.0,"key":"PowerPotion"},{"floor":10.0,"key":"PowerPotion"},{"floor":10.0,"key":"Fire Potion"},{"floor":10.0,"key":"Swift Potion"},{"floor":11.0,"key":"Dexterity Potion"},{"floor":14.0,"key":"Dexterity Potion"},{"floor":19.0,"key":"FearPotion"},{"floor":28,"key":"FearPotion"},{"floor":33,"key":"FearPotion"},{"floor":35,"key":"Swift Potion"}],"is_trial":false,"path_per_floor":["M","M","?","?","M","R","E","M","T","?","M","?","T","M","R","B",null,"M","M","M","M","?","R","E","M","T","R","M","R","?","M","R","B",null,"M","$","M","?","?","E","R"],"character_chosen":"THE_SILENT","items_purchased":["Mummified Hand","Footwork","Trip"],"campfire_rested":3,"item_purchase_floors":[36,36,36],"current_hp_per_floor":[67,66,65,70,70,70,55,53,53,53,47,47,47,47,47,29,70,63,65,50,23,23,44,17,38,38,60,56,56,56,54,54,17,76,53,53,53,53,53,39,61,34],"gold":450,"neow_bonus":"RANDOM_COMMON_RELIC","is_prod":false,"is_daily":false,"chose_seed":false,"campfire_upgraded":4,"win_rate":0,"timestamp":1532656677,"path_taken":["M","M","?","?","M","R","E","M","T","?","M","?","?","M","R","BOSS","M","M","M","M","?","R","E","M","T","R","M","R","?","M","R","BOSS","M","$","M","?","?","E","R","E"],"build_version":"2018-07-26","purchased_purges":1,"victory":false,"max_hp_per_floor":[70,70,65,70,70,70,70,70,70,70,70,70,70,70,70,70,70,70,72,72,72,72,72,72,74,74,74,74,74,74,76,76,76,76,76,76,76,76,76,76,76,76],"card_choices":[{"not_picked":["Dagger Throw","Sucker Punch"],"picked":"Cloak And Dagger","floor":1.0},{"not_picked":["Eviscerate","Crippling Poison"],"picked":"PiercingWail","floor":2.0},{"not_picked":["Slice","Well Laid Plans"],"picked":"Escape Plan","floor":5.0},{"not_picked":["Quick Slash","Slice"],"picked":"Grand Finale","floor":7.0},{"not_picked":["Underhanded Strike","Deflect"],"picked":"Accuracy","floor":8.0},{"not_picked":["Slice","Bane"],"picked":"Cloak And Dagger","floor":11.0},{"not_picked":["Acrobatics","Dagger Spray"],"picked":"Prepared","floor":14.0},{"not_picked":["Night Terror","Doppelganger"],"picked":"Tools of the Trade","floor":16.0},{"not_picked":["Predator+1","Reflex"],"picked":"Cloak And Dagger","floor":18.0},{"not_picked":["Backflip","Deadly Poison+1","Concentrate"],"picked":"Singing Bowl","floor":19.0},{"not_picked":["Prepared","Flying Knee"],"picked":"Blade Dance+1","floor":20.0},{"not_picked":["Dagger Spray","Flying Knee"],"picked":"Burst","floor":21},{"not_picked":["Deadly Poison","Distraction+1"],"picked":"Well Laid Plans","floor":24},{"not_picked":["Eviscerate+1","Dagger Spray+1","Poisoned Stab+1"],"picked":"Singing Bowl","floor":25},{"not_picked":["Setup+1","Dagger Spray+1"],"picked":"PiercingWail+1","floor":28},{"not_picked":["Distraction+1","Heel Hook+1","Eviscerate+1"],"picked":"Singing Bowl","floor":31},{"not_picked":["Doppelganger","Glass Knife+1"],"picked":"After Image","floor":33},{"not_picked":["Outmaneuver","Dagger Spray+1"],"picked":"Flechettes+1","floor":35},{"not_picked":["PiercingWail","All Out Attack+1"],"picked":"Cloak And Dagger","floor":37},{"not_picked":["Outmaneuver","Backflip+1"],"picked":"Night Terror","floor":40}],"player_experience":408017,"relics_obtained":[{"floor":7.0,"key":"Letter Opener"},{"floor":9.0,"key":"Singing Bowl"},{"floor":13.0,"key":"Ninja Scroll"},{"floor":24,"key":"Molten Egg 2"},{"floor":26,"key":"Smiling Mask"},{"floor":40,"key":"Kunai"},{"floor":40,"key":"Gremlin Horn"}],"event_choices":[{"event_name":"Golden Idol","player_choice":"Lose Max HP","floor":3.0,"damage_taken":0.0},{"event_name":"Big Fish","player_choice":"Donut","floor":4.0,"damage_taken":0.0},{"event_name":"The Lab","player_choice":"Got Potions","floor":10.0,"damage_taken":0.0},{"event_name":"The Cleric","player_choice":"Card Removal","floor":12.0,"damage_taken":0.0},{"event_name":"Addict","player_choice":"Obtained Relic","floor":22,"damage_taken":0},{"event_name":"Drug Dealer","player_choice":"Got JAXXED","floor":30,"damage_taken":0},{"event_name":"The Moai Head","player_choice":"Gave Idol","floor":38,"damage_taken":0},{"event_name":"Falling","player_choice":"Removed Skill","floor":39,"damage_taken":0}],"is_beta":false,"boss_relics":[{"not_picked":["Philosopher\u0027s Stone","Velvet Choker"],"picked":"Lizard Tail"},{"not_picked":["Snecko Eye","Cursed Key"],"picked":"Black Star"}],"items_purged_floors":[36],"is_endless":false,"potions_floor_spawned":[2,11,14,19,28,33,35],"killed_by":"2 Orb Walkers","ascension_level":1}