{"path_per_floor":["M","M","M","M","?","E","R","?","T","M","M","?","R","T","R"],"character_chosen":"IRONCLAD","items_purchased":[],"gold_per_floor":[114,128,140,151,116,151,151,151,151,162,175,239,239,239,239],"floor_reached":16,"campfire_rested":1,"playtime":1382,"current_hp_per_floor":[75,73,77,66,87,59,59,47,47,44,51,28,56,56,56],"items_purged":[],"gold":239,"score":127,"play_id":"48c15a41-f041-4aa3-a9d8-5cf16ada21f6","local_time":"20180318192712","is_prod":false,"is_daily":false,"is_ascension_mode":false,"campfire_upgraded":2,"timestamp":1521415632,"path_taken":["M","M","?","M","?","E","R","?","T","M","?","?","R","?","R","BOSS"],"build_version":"2018-03-15v3","purchased_purges":0,"victory":false,"master_deck":["Strike_R","Strike_R","Strike_R","Strike_R","Strike_R","Defend_R+1","Defend_R","Defend_R","Defend_R","Bash","Feed+1","Dual Wield+1","Clash+1","Havoc","Seeing Red","Fiend Fire","Feel No Pain","Rage","Disarm"],"max_hp_per_floor":[75,78,81,87,87,87,87,87,87,91,95,95,95,95,95],"relics":["Burning Blood","Oddly Smooth Stone","Bird Faced Urn","Orichalcum","War Paint","Singing Bowl"],"card_choices":[{"not_picked":["Immolate","Demon Form"],"picked":"Feed"},{"not_picked":["Anger","Burning Pact"],"picked":"Dual Wield"},{"not_picked":["Headbutt","Uppercut"],"picked":"Clash"},{"not_picked":["Body Slam","Sword Boomerang"],"picked":"Havoc"},{"not_picked":["Headbutt","Sword Boomerang"],"picked":"Seeing Red"},{"not_picked":["Flex","Pummel"],"picked":"Fiend Fire"},{"not_picked":["Shrug It Off","Seeing Red"],"picked":"Feel No Pain"},{"not_picked":["Thunderclap","Headbutt"],"picked":"Rage"},{"not_picked":["Seeing Red","Corruption"],"picked":"Disarm"}],"player_experience":181951,"potions_floor_usage":[11],"damage_taken":[{"damage":0,"enemies":"Cultist","floor":1,"turns":2},{"damage":11,"enemies":"Jaw Worm","floor":2,"turns":2},{"damage":5,"enemies":"2 Louse","floor":3,"turns":2},{"damage":23,"enemies":"Large Slime","floor":4,"turns":6},{"damage":34,"enemies":"Gremlin Nob","floor":6,"turns":5},{"damage":13,"enemies":"3 Louse","floor":10,"turns":3},{"damage":3,"enemies":"2 Fungi Beasts","floor":11,"turns":2},{"damage":31,"enemies":"Lagavulin Event","floor":12,"turns":6},{"damage":67,"enemies":"Slime Boss","floor":16,"turns":9}],"event_choices":[{"event_name":"The Cleric","player_choice":"Healed","floor":5,"damage_taken":0},{"event_name":"Scrap Ooze","player_choice":"success","floor":8,"damage_taken":12},{"event_name":"Dead Adventurer","player_choice":"Searched \u00273\u0027 times","floor":12,"damage_taken":0}],"boss_relics":[],"potions_floor_spawned":[3,4,10],"seed_played":"3163389503958631301","killed_by":"Slime Boss","ascension_level":0,"is_trial":false}