{"gold_per_floor":[115,35,55,55,55,55,66,66,93,93,105,136,162,184,196,308,320,343,51,61,73,73,73,93,93,93,22,42,57,69,69,69,167,167,179,179,179],"floor_reached":37,"playtime":1802,"items_purged":["Strike_G"],"score":545,"play_id":"f98bed77-8d48-4036-8f41-69178852dfe3","local_time":"20190124181006","is_ascension_mode":true,"campfire_choices":[{"floor":6,"key":"REST"},{"data":"Footwork","floor":8,"key":"SMITH"},{"data":"Survivor","floor":11,"key":"SMITH"},{"data":"Noxious Fumes","floor":15,"key":"SMITH"},{"data":"Bouncing Flask","floor":23,"key":"SMITH"},{"data":"Noxious Fumes","floor":25,"key":"SMITH"},{"floor":32,"key":"REST"}],"neow_cost":"NONE","seed_source_timestamp":330874387018769,"circlet_count":0,"master_deck":["AscendersBane","Defend_G+1","Defend_G","Defend_G","Defend_G","Defend_G","Strike_G+1","Survivor+1","Neutralize+1","Heel Hook","Footwork+1","Dash","Flying Knee","Predator","Bouncing Flask+1","Noxious Fumes+1","Glass Knife","Poisoned Stab","Noxious Fumes+1","Leg Sweep","Terror","Malaise","Bouncing Flask+1","Riddle With Holes+1","Grand Finale+1"],"relics":["Ring of the Snake","Bag of Marbles","Vajra","MawBank","Busted Crown","Snake Skull","Sundial","Astrolabe"],"potions_floor_usage":[16,24,33,35],"damage_taken":[{"damage":0,"enemies":"Jaw Worm","floor":1,"turns":5},{"damage":0,"enemies":"Small Slimes","floor":3,"turns":3},{"damage":0,"enemies":"2 Louse","floor":7,"turns":2},{"damage":3,"enemies":"Lots of Slimes","floor":12,"turns":6},{"damage":0,"enemies":"3 Louse","floor":13,"turns":4},{"damage":0,"enemies":"2 Fungi Beasts","floor":14,"turns":4},{"damage":20,"enemies":"Hexaghost","floor":16,"turns":10},{"damage":5,"enemies":"Shell Parasite","floor":18,"turns":6},{"damage":0,"enemies":"Chosen","floor":20,"turns":4},{"damage":4,"enemies":"Centurion and Healer","floor":21,"turns":5},{"damage":10,"enemies":"3 Cultists","floor":24,"turns":6},{"damage":12,"enemies":"Shelled Parasite and Fungi","floor":28,"turns":5},{"damage":5,"enemies":"Snake Plant","floor":29,"turns":4},{"damage":3,"enemies":"Snecko","floor":30,"turns":4},{"damage":30,"enemies":"Automaton","floor":33,"turns":8},{"damage":39,"enemies":"3 Darklings","floor":35,"turns":6},{"damage":42,"enemies":"3 Shapes","floor":37,"turns":3}],"seed_played":"1767189828836331082","potions_obtained":[{"floor":3,"key":"LiquidBronze"},{"floor":13,"key":"Block Potion"},{"floor":21,"key":"Weak Potion"},{"floor":30,"key":"Swift Potion"},{"floor":33,"key":"SpeedPotion"}],"is_trial":false,"path_per_floor":["M","$","M","?","?","R","M","R","T","?","R","M","M","M","R","B",null,"M","$","M","M","$","R","M","R","T","$","M","M","M","?","R","B",null,"M","?","M"],"character_chosen":"THE_SILENT","items_purchased":["Footwork","Snake Skull","Noxious Fumes","Leg Sweep"],"campfire_rested":2,"item_purchase_floors":[2,19,19,27],"current_hp_per_floor":[63,63,63,51,37,58,58,58,58,58,58,55,55,55,55,35,61,56,56,56,52,52,52,42,42,42,42,30,25,22,22,43,13,56,17,17,0],"gold":179,"neow_bonus":"UPGRADE_CARD","is_prod":false,"is_daily":false,"chose_seed":false,"campfire_upgraded":5,"win_rate":0,"timestamp":1548349806,"path_taken":["M","$","M","?","?","R","M","R","T","?","R","M","M","M","R","BOSS","M","$","M","?","$","R","M","R","T","$","M","M","M","?","R","BOSS","M","?","M"],"build_version":"2019-01-23","purchased_purges":1,"victory":false,"max_hp_per_floor":[70,70,70,70,70,70,70,70,70,70,70,70,70,70,70,70,70,70,70,70,70,70,70,70,70,70,70,70,70,70,70,70,70,70,70,70,70],"card_choices":[{"not_picked":["Blade Dance","Eviscerate"],"picked":"Heel Hook","floor":1},{"not_picked":["Terror","Choke"],"picked":"Dash","floor":3},{"not_picked":["Catalyst","Prepared"],"picked":"Flying Knee","floor":7},{"not_picked":["Sucker Punch","Outmaneuver"],"picked":"Predator","floor":12},{"not_picked":["Quick Slash","Dash"],"picked":"Bouncing Flask","floor":13},{"not_picked":["Expertise","Slice"],"picked":"Noxious Fumes","floor":14},{"not_picked":["Unload","Grand Finale"],"picked":"Glass Knife","floor":16},{"not_picked":[],"picked":"Poisoned Stab","floor":18},{"not_picked":["Underhanded Strike"],"picked":"SKIP","floor":20},{"not_picked":["Slice"],"picked":"SKIP","floor":21},{"not_picked":["Deadly Poison"],"picked":"SKIP","floor":24},{"not_picked":["Prepared"],"picked":"SKIP","floor":28},{"not_picked":["Prepared+1"],"picked":"SKIP","floor":29},{"not_picked":[],"picked":"Terror","floor":30},{"not_picked":[],"picked":"Malaise","floor":33},{"not_picked":["Eviscerate"],"picked":"SKIP","floor":35}],"player_experience":544466,"relics_obtained":[{"floor":9,"key":"Vajra"},{"floor":26,"key":"Sundial"}],"event_choices":[{"damage_healed":0,"gold_gain":0,"player_choice":"Success","damage_taken":12,"relics_obtained":["Bag of Marbles"],"max_hp_gain":0,"max_hp_loss":0,"event_name":"Scrap Ooze","floor":4,"gold_loss":0},{"damage_healed":0,"gold_gain":0,"player_choice":"Entered Light","damage_taken":14,"max_hp_gain":0,"max_hp_loss":0,"event_name":"Shining Light","floor":5,"gold_loss":0,"cards_upgraded":["Defend_G","Strike_G"]},{"damage_healed":0,"gold_gain":0,"player_choice":"Gave Potion","damage_taken":0,"relics_obtained":["MawBank"],"max_hp_gain":0,"max_hp_loss":0,"event_name":"WeMeetAgain","floor":10,"gold_loss":0},{"damage_healed":0,"gold_gain":0,"player_choice":"Ignored","damage_taken":0,"max_hp_gain":0,"max_hp_loss":0,"event_name":"Mysterious Sphere","floor":36,"gold_loss":0}],"is_beta":false,"boss_relics":[{"not_picked":["Empty Cage","Coffee Dripper"],"picked":"Busted Crown"},{"not_picked":["WristBlade","Runic Dome"],"picked":"Astrolabe"}],"items_purged_floors":[19],"is_endless":false,"potions_floor_spawned":[3,13,21,30,33],"killed_by":"3 Shapes","ascension_level":10}