{"gold_per_floor":[213,223,239,252,252,286,306,55,106,121,141,141,41,76,76,177,177,192,22,22,32,132,163,163,196,223,241,241,258,108,126,126,126],"floor_reached":33,"playtime":1660,"items_purged":["Strike_R","Strike_R","Strike_R","Strike_R"],"score":299,"play_id":"975ffe27-6d73-44e7-a15c-0a42cf8eef84","local_time":"20181120222132","is_ascension_mode":false,"campfire_choices":[{"data":"Uppercut","floor":12,"key":"SMITH"},{"data":"Flame Barrier","floor":15,"key":"SMITH"},{"data":"Armaments","floor":24,"key":"SMITH"},{"floor":28,"key":"REST"},{"data":"Infernal Blade","floor":32,"key":"SMITH"}],"neow_cost":"NONE","seed_source_timestamp":252594744488063,"circlet_count":0,"master_deck":["Strike_R","Defend_R","Defend_R","Defend_R","Defend_R+1","Bash","Twin Strike","Infernal Blade+1","Uppercut+1","Whirlwind","Flex","Armaments+1","Cleave+1","Wild Strike+1","Flame Barrier+1","Impervious+1","Body Slam+1","Intimidate+1","Iron Wave+1","Anger+1"],"relics":["Burning Blood","Molten Egg 2","Singing Bowl","PreservedInsect","Red Skull","Art of War","Busted Crown","Bag of Marbles","Anchor","War Paint"],"potions_floor_usage":[4,6,10,20,20,23,31,31],"damage_taken":[{"damage":2,"enemies":"Small Slimes","floor":1,"turns":5},{"damage":1,"enemies":"Jaw Worm","floor":2,"turns":4},{"damage":6,"enemies":"Cultist","floor":3,"turns":3},{"damage":1,"enemies":"Exordium Wildlife","floor":4,"turns":3},{"damage":7,"enemies":"Gremlin Nob","floor":6,"turns":3},{"damage":0,"enemies":"Large Slime","floor":7,"turns":5},{"damage":6,"enemies":"Exordium Thugs","floor":10,"turns":3},{"damage":0,"enemies":"Lots of Slimes","floor":11,"turns":1},{"damage":12,"enemies":"3 Sentries","floor":14,"turns":3},{"damage":61,"enemies":"Hexaghost","floor":16,"turns":10},{"damage":2,"enemies":"Chosen","floor":18,"turns":5},{"damage":26,"enemies":"Colosseum Slavers","floor":20,"turns":4},{"damage":5,"enemies":"2 Thieves","floor":21,"turns":4},{"damage":47,"enemies":"Gremlin Leader","floor":23,"turns":8},{"damage":9,"enemies":"Slavers","floor":25,"turns":4},{"damage":0,"enemies":"Centurion and Healer","floor":27,"turns":3},{"damage":0,"enemies":"Sentry and Sphere","floor":29,"turns":4},{"damage":9,"enemies":"Snake Plant","floor":31,"turns":3},{"damage":71,"enemies":"Automaton","floor":33,"turns":10}],"seed_played":"-2686748231120846306","potions_obtained":[{"floor":2,"key":"BloodPotion"},{"floor":3,"key":"Fire Potion"},{"floor":4,"key":"Strength Potion"},{"floor":6,"key":"Explosive Potion"},{"floor":10,"key":"SpeedPotion"},{"floor":16,"key":"PowerPotion"},{"floor":27,"key":"Swift Potion"},{"floor":29,"key":"Poison Potion"}],"is_trial":false,"path_per_floor":["M","M","M","M","?","E","M","$","T","M","M","R","$","E","R","B",null,"M","$","?","M","?","E","R","E","T","M","R","M","$","M","R","B"],"character_chosen":"IRONCLAD","items_purchased":["PreservedInsect","Armaments","Body Slam+1"],"campfire_rested":1,"item_purchase_floors":[8,8,19],"current_hp_per_floor":[80,80,80,80,77,78,82,82,82,82,82,82,82,76,76,21,82,84,84,72,75,75,34,34,31,31,39,65,71,71,70,70,0],"gold":126,"neow_bonus":"HUNDRED_GOLD","is_prod":false,"is_daily":false,"chose_seed":false,"campfire_upgraded":4,"win_rate":0,"timestamp":1542748892,"path_taken":["M","M","M","M","?","E","M","$","T","M","M","R","$","E","R","BOSS","M","$","?","M","?","E","R","E","T","M","R","M","$","M","R","BOSS"],"build_version":"2018-11-15","purchased_purges":4,"victory":false,"max_hp_per_floor":[80,80,80,80,80,82,82,82,82,82,82,82,82,82,82,82,82,84,84,84,86,86,86,86,86,86,88,88,88,88,90,90,90],"card_choices":[{"not_picked":["Thunderclap","Wild Strike"],"picked":"Twin Strike","floor":1},{"not_picked":["Thunderclap","Corruption"],"picked":"Infernal Blade","floor":2},{"not_picked":["Rupture","Clothesline"],"picked":"Uppercut","floor":3},{"not_picked":["Hemokinesis","Entrench"],"picked":"Whirlwind","floor":4},{"not_picked":["Berserk","Clothesline+1","Heavy Blade+1"],"picked":"Singing Bowl","floor":6},{"not_picked":["Heavy Blade+1","Bloodletting"],"picked":"Flex","floor":7},{"not_picked":["Combust","Burning Pact"],"picked":"Cleave+1","floor":10},{"not_picked":["Second Wind","Whirlwind+1"],"picked":"Wild Strike+1","floor":11},{"not_picked":["Combust","Havoc"],"picked":"Flame Barrier","floor":14},{"not_picked":["Brutality","Limit Break"],"picked":"Impervious","floor":16},{"not_picked":["Combust"],"picked":"Singing Bowl","floor":18},{"not_picked":["Power Through"],"picked":"Singing Bowl","floor":21},{"not_picked":[],"picked":"Intimidate+1","floor":23},{"not_picked":[],"picked":"Iron Wave+1","floor":25},{"not_picked":["Bloodletting"],"picked":"Singing Bowl","floor":27},{"not_picked":[],"picked":"Anger+1","floor":29},{"not_picked":["Clothesline+1"],"picked":"Singing Bowl","floor":31}],"player_experience":320597,"relics_obtained":[{"floor":6,"key":"Singing Bowl"},{"floor":9,"key":"Red Skull"},{"floor":14,"key":"Art of War"},{"floor":23,"key":"Bag of Marbles"},{"floor":25,"key":"Anchor"},{"floor":26,"key":"War Paint"}],"event_choices":[{"damage_healed":0,"gold_gain":0,"player_choice":"Success","damage_taken":3,"relics_obtained":["Molten Egg 2"],"max_hp_gain":0,"max_hp_loss":0,"event_name":"Scrap Ooze","floor":5,"gold_loss":0},{"damage_healed":0,"gold_gain":0,"player_choice":"Fight","damage_taken":0,"max_hp_gain":0,"max_hp_loss":0,"event_name":"Colosseum","floor":20,"gold_loss":0},{"damage_healed":0,"gold_gain":0,"player_choice":"Fled From Nobs","damage_taken":0,"max_hp_gain":0,"max_hp_loss":0,"event_name":"Colosseum","floor":20,"gold_loss":0},{"damage_healed":0,"gold_gain":100,"player_choice":"Pray","damage_taken":0,"max_hp_gain":0,"max_hp_loss":0,"event_name":"Golden Shrine","floor":22,"gold_loss":0}],"is_beta":false,"boss_relics":[{"not_picked":["Runic Pyramid","Tiny House"],"picked":"Busted Crown"}],"items_purged_floors":[8,13,19,30],"is_endless":false,"potions_floor_spawned":[2,3,4,6,10,16,18,20,27,29],"killed_by":"Automaton","ascension_level":0}