{"gold_per_floor":[119,139,150,206,218,218,246,246,246,246,278,278,312,342,342,446,446,459,459,469,83,93,123,123,135,161,161,176,176,195,95,95,196,196,206,220,95,1094,267,267,287,307,307,336,363,385,417,429,441,453],"floor_reached":51,"playtime":3765,"items_purged":["Strike_R","Strike_R","Strike_R","Normality"],"score":666,"play_id":"e10d0a0f-aaff-4664-b8ea-f1385687d96c","local_time":"20180721102951","is_ascension_mode":false,"campfire_choices":[{"data":"Iron Wave","floor":6.0,"key":"SMITH"},{"data":"Twin Strike","floor":8.0,"key":"SMITH"},{"floor":12.0,"key":"REST"},{"data":"1","floor":15.0,"key":"LIFT"},{"floor":24.0,"key":"REST"},{"floor":32.0,"key":"REST"},{"floor":40,"key":"REST"},{"floor":49,"key":"REST"}],"neow_cost":"NONE","seed_source_timestamp":0,"circlet_count":0,"master_deck":["Defend_R","Defend_R","Defend_R","Defend_R","Bash","Anger+1","Uppercut","Iron Wave+1","Pommel Strike","Twin Strike+1","Pommel Strike","Infernal Blade","Double Tap","Fiend Fire","Thunderclap+1","Seeing Red+1","Carnage","Iron Wave","Rage+1","Rampage+1","Flex","Thunderclap+1","Reaper+1","Pommel Strike+1","Twin Strike+1","Normality","Flash of Steel+1","Seeing Red","Shrug It Off","Thunderclap+1","Iron Wave+1","Sadistic Nature"],"special_seed":0,"relics":["Burning Blood","Meat on the Bone","Girya","Peace Pipe","Sundial","Matryoshka","Fusion Hammer","Kunai","Molten Egg 2","Centennial Puzzle","Potion Belt","Enchiridion","Empty Cage","Pen Nib","TheAbacus","MawBank","Shuriken"],"potions_floor_usage":[42,42,45,45,50,50,50],"damage_taken":[{"damage":0.0,"enemies":"Cultist","floor":1.0,"turns":4.0},{"damage":7.0,"enemies":"2 Louse","floor":2.0,"turns":2.0},{"damage":3.0,"enemies":"Small Slimes","floor":3.0,"turns":2.0},{"damage":19.0,"enemies":"Gremlin Gang","floor":5.0,"turns":6.0},{"damage":25.0,"enemies":"3 Sentries","floor":7.0,"turns":7.0},{"damage":22.0,"enemies":"Lagavulin","floor":11.0,"turns":5.0},{"damage":3.0,"enemies":"Gremlin Nob","floor":13.0,"turns":3.0},{"damage":51.0,"enemies":"Slime Boss","floor":16.0,"turns":12.0},{"damage":7.0,"enemies":"Chosen","floor":18.0,"turns":4.0},{"damage":0.0,"enemies":"Spheric Guardian","floor":20.0,"turns":3.0},{"damage":14.0,"enemies":"Centurion and Healer","floor":22.0,"turns":3.0},{"damage":10.0,"enemies":"Book of Stabbing","floor":23.0,"turns":4.0},{"damage":21.0,"enemies":"Snake Plant","floor":25.0,"turns":3.0},{"damage":10.0,"enemies":"Cultist and Chosen","floor":28.0,"turns":4.0},{"damage":28.0,"enemies":"Centurion and Healer","floor":30.0,"turns":5.0},{"damage":47.0,"enemies":"Champ","floor":33.0,"turns":11.0},{"damage":15,"enemies":"3 Shapes","floor":35,"turns":3},{"damage":72,"enemies":"Flame Bruiser 1 Orb","floor":36,"turns":5},{"damage":51,"enemies":"Spire Growth","floor":41,"turns":5},{"damage":3,"enemies":"Sphere and 2 Shapes","floor":42,"turns":3},{"damage":14,"enemies":"3 Darklings","floor":44,"turns":5},{"damage":8,"enemies":"Maw","floor":45,"turns":6},{"damage":0,"enemies":"Transient","floor":46,"turns":5},{"damage":14,"enemies":"3 Darklings","floor":47,"turns":2},{"damage":74,"enemies":"Awakened One","floor":50,"turns":12}],"seed_played":"-6067413027473529870","potions_obtained":[{"floor":1.0,"key":"Ancient Potion"},{"floor":7.0,"key":"SkillPotion"},{"floor":13.0,"key":"FearPotion"},{"floor":16.0,"key":"FearPotion"},{"floor":23.0,"key":"FearPotion"},{"floor":30.0,"key":"SmokeBomb"},{"floor":35,"key":"Energy Potion"},{"floor":42,"key":"Explosive Potion"},{"floor":44,"key":"BloodPotion"},{"floor":46,"key":"Explosive Potion"}],"is_trial":false,"path_per_floor":["M","M","M","?","M","R","E","R","T","?","E","R","E","?","R","B",null,"M","?","M","$","M","E","R","M","T","?","M","?","M","$","R","B",null,"M","M","$","?","$","R","M","M","T","M","M","M","M","?","R","B"],"character_chosen":"IRONCLAD","items_purchased":["Kunai","Carnage","Pen Nib","TheAbacus","SteroidPotion","Dexterity Potion","Poison Potion","Flash of Steel+1","Seeing Red"],"campfire_rested":5,"item_purchase_floors":[21,21,39,39,39,39,39,39,39],"current_hp_per_floor":[80,79,80,80,67,67,48,48,48,48,44,68,71,71,71,38,80,79,64,70,70,62,58,83,68,68,68,64,48,38,38,63,34,85,76,31,31,31,31,56,23,38,38,42,59,74,77,77,85,29],"gold":465,"neow_bonus":"THREE_CARDS","is_prod":false,"is_daily":false,"chose_seed":false,"campfire_upgraded":2,"win_rate":0.0,"timestamp":1532161791,"path_taken":["M","?","M","?","M","R","E","R","T","?","E","R","E","?","R","BOSS","M","?","M","$","?","E","R","M","T","?","M","?","?","?","R","BOSS","M","M","$","?","$","R","M","M","T","M","M","M","M","?","R","BOSS"],"build_version":"2018-07-19v2","purchased_purges":4,"victory":true,"max_hp_per_floor":[80,80,80,80,80,80,80,80,80,80,80,80,80,80,80,80,80,80,85,85,85,85,85,85,85,85,85,85,85,85,85,85,85,85,85,85,85,85,85,85,85,85,85,85,85,85,85,85,85,85],"card_choices":[{"not_picked":["Warcry","Clash"],"picked":"Anger","floor":0.0},{"not_picked":["Searing Blow","Entrench"],"picked":"Uppercut","floor":1.0},{"not_picked":["Clash","Thunderclap"],"picked":"Iron Wave","floor":2.0},{"not_picked":["Clash","Uppercut"],"picked":"Pommel Strike","floor":3.0},{"not_picked":["Uppercut","Thunderclap"],"picked":"Twin Strike","floor":5.0},{"not_picked":["Body Slam","Twin Strike"],"picked":"Pommel Strike","floor":7.0},{"not_picked":["Clash","Warcry"],"picked":"Infernal Blade","floor":11.0},{"not_picked":["Power Through","Bloodletting"],"picked":"Double Tap","floor":13.0},{"not_picked":["Berserk","Dark Embrace"],"picked":"Fiend Fire","floor":16.0},{"not_picked":["Body Slam","Cleave"],"picked":"Thunderclap+1","floor":18.0},{"not_picked":["Clothesline","Dual Wield"],"picked":"Seeing Red+1","floor":20.0},{"not_picked":["Body Slam","Sword Boomerang"],"picked":"Iron Wave","floor":22.0},{"not_picked":["Rampage+1","Cleave"],"picked":"Rage+1","floor":23.0},{"not_picked":["Dark Embrace","Armaments"],"picked":"Rampage+1","floor":25.0},{"not_picked":["True Grit+1","Sword Boomerang+1"],"picked":"Flex","floor":28.0},{"not_picked":["Corruption","Fiend Fire+1"],"picked":"Thunderclap+1","floor":30.0},{"not_picked":["Brutality","Barricade"],"picked":"Reaper+1","floor":33.0},{"not_picked":["Twin Strike+1","Rupture+1"],"picked":"Pommel Strike+1","floor":35},{"not_picked":["Dropkick+1","Whirlwind+1"],"picked":"Twin Strike+1","floor":36},{"not_picked":["Clash+1","Dropkick+1"],"picked":"Shrug It Off","floor":41},{"not_picked":["Sword Boomerang+1","Brutality"],"picked":"Thunderclap+1","floor":42},{"not_picked":["True Grit","Shockwave+1","Disarm"],"picked":"SKIP","floor":44},{"not_picked":["Dual Wield","Headbutt+1"],"picked":"Iron Wave+1","floor":45},{"not_picked":["Sever Soul+1","Burning Pact+1","Ghostly Armor+1"],"picked":"SKIP","floor":46},{"not_picked":["True Grit","Headbutt+1","Armaments"],"picked":"SKIP","floor":47},{"not_picked":["Enlightenment","Jack Of All Trades"],"picked":"Sadistic Nature","floor":48}],"player_experience":3398,"relics_obtained":[{"floor":7.0,"key":"Meat on the Bone"},{"floor":9.0,"key":"Girya"},{"floor":11.0,"key":"Peace Pipe"},{"floor":13.0,"key":"Sundial"},{"floor":23.0,"key":"Molten Egg 2"},{"floor":26.0,"key":"Centennial Puzzle"},{"floor":26.0,"key":"Potion Belt"},{"floor":29.0,"key":"Enchiridion"},{"floor":43,"key":"MawBank"},{"floor":43,"key":"Shuriken"}],"event_choices":[{"event_name":"Golden Wing","player_choice":"Gained Gold","floor":4.0,"damage_taken":0.0},{"event_name":"Living Wall","player_choice":"Grow","floor":10.0,"damage_taken":0.0},{"event_name":"Dead Adventurer","player_choice":"Searched \u00272\u0027 times","floor":14.0,"damage_taken":0.0},{"event_name":"Forgotten Altar","player_choice":"Shed Blood","floor":19.0,"damage_taken":0.0},{"event_name":"Drug Dealer","player_choice":"Ignored","floor":27.0,"damage_taken":0.0},{"event_name":"Cursed Tome","player_choice":"Obtained Book","floor":29.0,"damage_taken":0.0},{"event_name":"MindBloom","player_choice":"Gold","floor":38,"damage_taken":0},{"event_name":"SensoryStone","player_choice":"Memory 1","floor":48,"damage_taken":0}],"is_beta":false,"boss_relics":[{"not_picked":["Cursed Key","Runic Cube"],"picked":"Fusion Hammer"},{"not_picked":["Coffee Dripper","Philosopher\u0027s Stone"],"picked":"Empty Cage"}],"items_purged_floors":[21,31,37,39],"is_endless":false,"potions_floor_spawned":[1,7,13,16,23,30,35,42,44,46],"ascension_level":0}