{"gold_per_floor":[114,114,39,50,66,100,100,100,100,116,116,141,171,190,190,293,293,312,329,419,224,241,241,288,288,288,288,300,24,37,51,51,147,147,159,175,30,0,0,0,11,11,36,36,46,46,58,58,58,58],"floor_reached":51,"playtime":2936,"items_purged":["Strike_R","Strike_R","Strike_R"],"score":1036,"play_id":"fc4f7923-bb86-4fa1-8a89-44a17ce039c6","local_time":"20190228145617","is_ascension_mode":true,"campfire_choices":[{"data":"True Grit","floor":8.0,"key":"SMITH"},{"data":"Rampage","floor":11.0,"key":"SMITH"},{"floor":15.0,"key":"REST"},{"data":"Bash","floor":23.0,"key":"SMITH"},{"data":"Bash","floor":27,"key":"SMITH"},{"floor":32,"key":"REST"},{"data":"Pommel Strike","floor":40,"key":"SMITH"},{"data":"Bludgeon","floor":42,"key":"SMITH"},{"floor":49,"key":"REST"}],"neow_cost":"NONE","seed_source_timestamp":1155730470667133,"circlet_count":0,"master_deck":["AscendersBane","Bash+1","Pommel Strike+1","Bash+1","Headbutt","Rampage+1","True Grit+1","Warcry+1","Metallicize+1","Flame Barrier+1","Spot Weakness+1","Impervious+1","Shrug It Off+1","Armaments+1","Shockwave+1","Limit Break+1","Metallicize+1","Offering+1","Feed","Hemokinesis","Bludgeon+1","Double Tap+1","Feel No Pain+1","Shrug It Off+1","Shrug It Off+1","Impervious+1","Whirlwind"],"special_seed":0,"relics":["Black Blood","Art of War","Bottled Lightning","Frozen Egg 2","Toxic Egg 2","Odd Mushroom","Bag of Preparation","Bronze Scales","Lantern","Pandora\u0027s Box","Vajra","Red Mask","Pen Nib"],"potions_floor_usage":[33,33,50,50],"damage_taken":[{"damage":3.0,"enemies":"Jaw Worm","floor":1.0,"turns":5.0},{"damage":1.0,"enemies":"Cultist","floor":4.0,"turns":3.0},{"damage":8.0,"enemies":"2 Louse","floor":5.0,"turns":2.0},{"damage":35.0,"enemies":"3 Sentries","floor":6.0,"turns":8.0},{"damage":0.0,"enemies":"Large Slime","floor":10.0,"turns":4.0},{"damage":18.0,"enemies":"The Mushroom Lair","floor":12.0,"turns":6.0},{"damage":10.0,"enemies":"Gremlin Nob","floor":13.0,"turns":4.0},{"damage":7.0,"enemies":"Exordium Wildlife","floor":14.0,"turns":5.0},{"damage":38.0,"enemies":"Slime Boss","floor":16.0,"turns":11.0},{"damage":7.0,"enemies":"Shell Parasite","floor":18.0,"turns":7.0},{"damage":31.0,"enemies":"Spheric Guardian","floor":19.0,"turns":5.0},{"damage":12.0,"enemies":"Snecko","floor":22.0,"turns":6.0},{"damage":22,"enemies":"Sentry and Sphere","floor":28,"turns":7},{"damage":0,"enemies":"Centurion and Healer","floor":30,"turns":6},{"damage":1,"enemies":"Snecko","floor":31,"turns":6},{"damage":50,"enemies":"Automaton","floor":33,"turns":9},{"damage":6,"enemies":"Orb Walker","floor":35,"turns":2},{"damage":16,"enemies":"3 Shapes","floor":36,"turns":5},{"damage":23,"enemies":"Jaw Worm Horde","floor":41,"turns":5},{"damage":8,"enemies":"Writhing Mass","floor":45,"turns":6},{"damage":11,"enemies":"Spire Growth","floor":47,"turns":6},{"damage":58,"enemies":"Time Eater","floor":50,"turns":12}],"seed_played":"-3084418536158681315","potions_obtained":[{"floor":1.0,"key":"FearPotion"},{"floor":10.0,"key":"SpeedPotion"},{"floor":14.0,"key":"Dexterity Potion"},{"floor":19.0,"key":"PowerPotion"},{"floor":22.0,"key":"Weak Potion"},{"floor":28,"key":"Block Potion"},{"floor":35,"key":"PowerPotion"},{"floor":36,"key":"Dexterity Potion"}],"is_trial":false,"path_per_floor":["M","?","$","M","M","E","?","R","T","M","R","?","E","M","R","B",null,"M","M","?","$","M","R","T","?","T","R","M","$","M","M","R","B",null,"M","M","$","?","?","R","M","R","T","?","M","?","M","$","R","B",null],"character_chosen":"IRONCLAD","items_purchased":["Armaments+1","Shockwave+1","Limit Break+1","Vajra"],"campfire_rested":3,"item_purchase_floors":[21,21,29,37],"current_hp_per_floor":[75,75,75,80,78,49,31,31,31,37,37,25,21,20,44,12,63,66,45,29,29,27,27,27,27,27,27,15,15,25,34,58,18,65,69,67,67,67,67,67,57,57,57,57,59,59,58,58,82,34],"gold":58,"neow_bonus":"RANDOM_COMMON_RELIC","is_prod":false,"is_daily":false,"chose_seed":false,"campfire_upgraded":6,"win_rate":0,"timestamp":1551362177,"path_taken":["M","?","$","M","?","E","?","R","T","M","R","?","E","M","R","BOSS","M","M","?","?","?","R","?","?","T","R","M","$","M","M","R","BOSS","M","?","$","?","?","R","M","R","T","?","M","?","M","$","R","BOSS"],"build_version":"2019-01-23","purchased_purges":3,"victory":true,"max_hp_per_floor":[80,80,80,80,80,80,80,80,80,80,80,80,80,80,80,80,80,80,80,80,80,80,80,80,80,80,80,80,80,80,80,80,80,80,80,84,84,84,84,84,87,87,87,83,83,83,83,83,83,83],"card_choices":[{"not_picked":["Bloodletting","Carnage"],"picked":"Pommel Strike","floor":1.0},{"not_picked":["Power Through","Rage"],"picked":"Headbutt","floor":4.0},{"not_picked":["Iron Wave","Dropkick"],"picked":"Rampage","floor":5.0},{"not_picked":["Second Wind","Havoc"],"picked":"True Grit","floor":6.0},{"not_picked":["Perfected Strike","Sever Soul"],"picked":"Warcry+1","floor":10.0},{"not_picked":["Havoc+1","Body Slam"],"picked":"Metallicize+1","floor":12.0},{"not_picked":["Pommel Strike","Cleave"],"picked":"Flame Barrier+1","floor":13.0},{"not_picked":["Cleave","Combust+1"],"picked":"Spot Weakness+1","floor":14.0},{"not_picked":["Barricade+1","Offering+1"],"picked":"Impervious+1","floor":16.0},{"not_picked":["Sword Boomerang","Iron Wave","Twin Strike"],"picked":"SKIP","floor":18.0},{"not_picked":["Headbutt","Clash"],"picked":"Shrug It Off+1","floor":19.0},{"not_picked":["Body Slam","Sword Boomerang","Combust+1"],"picked":"SKIP","floor":22.0},{"not_picked":["Rage+1","Thunderclap","Armaments+1"],"picked":"SKIP","floor":28},{"not_picked":["Second Wind+1","Warcry+1"],"picked":"Metallicize+1","floor":30},{"not_picked":["Pommel Strike","Feel No Pain+1","Limit Break+1"],"picked":"SKIP","floor":31},{"not_picked":["Feed","Immolate"],"picked":"Offering+1","floor":33},{"not_picked":["Dual Wield+1","Iron Wave","Cleave"],"picked":"SKIP","floor":35},{"not_picked":["Burning Pact+1","Wild Strike"],"picked":"Shrug It Off+1","floor":36},{"not_picked":["Second Wind+1","Warcry+1","Havoc+1"],"picked":"SKIP","floor":41},{"not_picked":["Warcry+1","Ghostly Armor+1"],"picked":"Shrug It Off+1","floor":45},{"not_picked":["Twin Strike","Armaments+1"],"picked":"Whirlwind","floor":47}],"player_experience":640035,"relics_obtained":[{"floor":6.0,"key":"Bottled Lightning"},{"floor":9.0,"key":"Toxic Egg 2"},{"floor":12.0,"key":"Odd Mushroom"},{"floor":13.0,"key":"Bag of Preparation"},{"floor":24.0,"key":"Bronze Scales"},{"floor":26,"key":"Lantern"},{"floor":43,"key":"Pen Nib"}],"event_choices":[{"damage_healed":0.0,"max_hp_gain":0.0,"max_hp_loss":0.0,"gold_gain":0.0,"event_name":"Match and Keep!","player_choice":"1 cards matched","floor":2.0,"gold_loss":0.0,"damage_taken":0.0,"cards_obtained":["Bash"]},{"damage_healed":0.0,"max_hp_gain":0.0,"max_hp_loss":0.0,"gold_gain":0.0,"event_name":"Match and Keep!","player_choice":"1 cards matched","floor":2.0,"gold_loss":0.0,"damage_taken":0.0,"cards_obtained":["Bash"]},{"damage_healed":0.0,"max_hp_gain":0.0,"max_hp_loss":0.0,"gold_gain":0.0,"event_name":"Scrap Ooze","player_choice":"Success","floor":7.0,"gold_loss":0.0,"damage_taken":18.0,"relics_obtained":["Frozen Egg 2"]},{"damage_healed":0.0,"max_hp_gain":0.0,"max_hp_loss":0.0,"gold_gain":0.0,"event_name":"Mushrooms","player_choice":"Fought Mushrooms","floor":12.0,"gold_loss":0.0,"damage_taken":0.0},{"damage_healed":0.0,"max_hp_gain":0.0,"max_hp_loss":0.0,"gold_gain":90.0,"event_name":"Knowing Skull","player_choice":"GOLD ","floor":20.0,"potions_obtained":[],"gold_loss":0.0,"damage_taken":16.0,"cards_obtained":[]},{"cards_removed":["Strike_R"],"damage_healed":0.0,"max_hp_gain":0.0,"max_hp_loss":0.0,"gold_gain":0.0,"event_name":"Bonfire Elementals","player_choice":"Offered Basic","floor":25.0,"gold_loss":0.0,"damage_taken":0.0},{"damage_healed":0,"gold_gain":0,"player_choice":"Paid","damage_taken":0,"relics_obtained":["Red Mask"],"max_hp_gain":0,"max_hp_loss":0,"event_name":"Tomb of Lord Red Mask","floor":38,"gold_loss":30},{"damage_healed":0,"gold_gain":0,"player_choice":"Memory 1","damage_taken":0,"max_hp_gain":0,"max_hp_loss":0,"event_name":"SensoryStone","floor":39,"gold_loss":0},{"damage_healed":0,"gold_gain":0,"player_choice":"Max HP","damage_taken":0,"max_hp_gain":0,"max_hp_loss":4,"event_name":"Winding Halls","floor":44,"gold_loss":0},{"damage_healed":0,"gold_gain":0,"player_choice":"Copied","damage_taken":0,"max_hp_gain":0,"max_hp_loss":0,"event_name":"Duplicator","floor":46,"gold_loss":0,"cards_obtained":["Impervious"]}],"is_beta":false,"boss_relics":[{"not_picked":["Runic Cube","White Beast Statue"],"picked":"Black Blood"},{"not_picked":["Black Star","Runic Pyramid"],"picked":"Pandora\u0027s Box"}],"items_purged_floors":[3,21,29],"is_endless":false,"potions_floor_spawned":[1,10,14,19,22,28,31,35,36,47],"ascension_level":12}