{"gold_per_floor":[114,124,124,49,49,49,69,79,124,124,148,148,51,67,67,67],"floor_reached":16,"playtime":536,"items_purged":["Strike_B","Strike_B"],"score":90,"play_id":"8a3c203f-dc7c-4a82-977c-bd65d50c0b3f","local_time":"20181013115916","is_ascension_mode":false,"campfire_choices":[{"data":"Leap","floor":6,"key":"SMITH"},{"floor":12,"key":"REST"},{"data":"Glacier","floor":15,"key":"SMITH"}],"neow_cost":"NONE","seed_source_timestamp":139808732758268,"circlet_count":0,"master_deck":["Strike_B+1","Strike_B+1","Defend_B","Defend_B","Defend_B","Defend_B","Zap+1","Dualcast+1","Cold Snap","Leap+1","Go for the Eyes","Chaos","Steam","Turbo","Glacier+1"],"relics":["Cracked Core","Smiling Mask","Blood Vial","Odd Mushroom"],"potions_floor_usage":[16],"damage_taken":[{"damage":6,"enemies":"Jaw Worm","floor":1,"turns":3},{"damage":10,"enemies":"Small Slimes","floor":2,"turns":2},{"damage":0,"enemies":"2 Louse","floor":7,"turns":2},{"damage":4,"enemies":"Large Slime","floor":8,"turns":5},{"damage":10,"enemies":"The Mushroom Lair","floor":11,"turns":5},{"damage":5,"enemies":"3 Louse","floor":14,"turns":3},{"damage":44,"enemies":"Slime Boss","floor":16,"turns":11}],"seed_played":"2912214531367897502","potions_obtained":[{"floor":2,"key":"FairyPotion"},{"floor":8,"key":"Weak Potion"},{"floor":11,"key":"Energy Potion"}],"is_trial":false,"path_per_floor":["M","M","?","$","?","R","M","M","T","?","?","R","$","M","R"],"character_chosen":"DEFECT","items_purchased":["Turbo"],"campfire_rested":1,"item_purchase_floors":[13],"current_hp_per_floor":[69,59,59,59,44,44,44,40,40,15,7,29,29,26,26,0],"gold":67,"neow_bonus":"UPGRADE_CARD","is_prod":false,"is_daily":false,"chose_seed":false,"campfire_upgraded":2,"win_rate":0,"timestamp":1539424756,"path_taken":["M","M","?","$","?","R","M","?","T","?","?","R","?","M","R","BOSS"],"build_version":"2018-10-11","purchased_purges":2,"victory":false,"max_hp_per_floor":[75,75,75,75,75,75,75,75,75,75,75,75,75,75,75,75],"card_choices":[{"not_picked":["Conserve Battery","Skim"],"picked":"Cold Snap","floor":1},{"not_picked":["Hologram","Steam"],"picked":"Leap","floor":2},{"not_picked":["Cold Snap","Barrage"],"picked":"Go for the Eyes","floor":7},{"not_picked":["Lockon","Streamline"],"picked":"Chaos","floor":8},{"not_picked":["Meteor Strike","Coolheaded"],"picked":"Steam","floor":11},{"not_picked":["Barrage","Tempest"],"picked":"Glacier","floor":14}],"player_experience":209307,"relics_obtained":[{"floor":9,"key":"Smiling Mask"},{"floor":11,"key":"Odd Mushroom"}],"event_choices":[{"event_name":"Living Wall","player_choice":"Grow","floor":3,"damage_taken":0},{"event_name":"Shining Light","player_choice":"Entered Light","floor":5,"damage_taken":0},{"event_name":"Scrap Ooze","player_choice":"success","floor":10,"damage_taken":25},{"event_name":"Mushrooms","player_choice":"Fought Mushrooms","floor":11,"damage_taken":0}],"is_beta":false,"boss_relics":[],"items_purged_floors":[4,13],"is_endless":false,"potions_floor_spawned":[2,8,11],"killed_by":"Slime Boss","ascension_level":0}