{"gold_per_floor":[117,128,53,66,43,75,87,57,106,117,117,131,148,167,167,167],"floor_reached":16,"playtime":1083,"items_purged":["Defend_G"],"score":143,"play_id":"efd187b8-db01-4de4-b17c-79fa8566793e","local_time":"20190105191919","is_ascension_mode":true,"campfire_choices":[{"floor":11,"key":"REST"},{"floor":15,"key":"REST"}],"neow_cost":"NONE","seed_source_timestamp":327368252057667,"circlet_count":0,"master_deck":["Defend_G","Defend_G","Defend_G","Defend_G","Strike_G","Strike_G","Strike_G","Strike_G","Strike_G","Survivor","Neutralize","PiercingWail","Backflip","Backflip","Flying Knee","Crippling Poison","Flying Knee","Blur","Dagger Spray","Footwork","Flechettes"],"relics":["Ring of the Snake","Gremlin Horn","PreservedInsect"],"potions_floor_usage":[1,2,2,2,4,6,7,16,16],"damage_taken":[{"damage":0,"enemies":"Cultist","floor":1,"turns":6},{"damage":2,"enemies":"Jaw Worm","floor":2,"turns":5},{"damage":5,"enemies":"Small Slimes","floor":4,"turns":6},{"damage":50,"enemies":"Lagavulin","floor":6,"turns":10},{"damage":1,"enemies":"3 Louse","floor":7,"turns":5},{"damage":0,"enemies":"Looter","floor":8,"turns":4},{"damage":1,"enemies":"Blue Slaver","floor":10,"turns":8},{"damage":15,"enemies":"Large Slime","floor":12,"turns":9},{"damage":0,"enemies":"Looter","floor":13,"turns":4},{"damage":0,"enemies":"Blue Slaver","floor":14,"turns":6},{"damage":34,"enemies":"Hexaghost","floor":16,"turns":9}],"seed_played":"-4532665076782107021","potions_obtained":[{"floor":0,"key":"EntropicBrew"},{"floor":0,"key":"Explosive Potion"},{"floor":0,"key":"Weak Potion"},{"floor":6,"key":"EssenceOfSteel"},{"floor":12,"key":"PowerPotion"},{"floor":13,"key":"Strength Potion"}],"is_trial":false,"path_per_floor":["M","M","$","M","$","E","M","M","T","M","R","M","M","M","R","B"],"character_chosen":"THE_SILENT","items_purchased":["Flying Knee"],"campfire_rested":2,"item_purchase_floors":[5],"current_hp_per_floor":[63,61,61,56,56,6,5,5,5,4,25,10,10,10,31,0],"gold":167,"neow_bonus":"THREE_SMALL_POTIONS","is_prod":false,"is_daily":false,"chose_seed":false,"campfire_upgraded":0,"win_rate":0,"timestamp":1546712359,"path_taken":["M","M","$","M","$","E","M","?","T","M","R","M","M","M","R","BOSS"],"build_version":"2019-01-03v4","purchased_purges":1,"victory":false,"max_hp_per_floor":[70,70,70,70,70,70,70,70,70,70,70,70,70,70,70,70],"card_choices":[{"not_picked":["Dodge and Roll","Slice"],"picked":"PiercingWail","floor":1},{"not_picked":["Slice","Poisoned Stab"],"picked":"Backflip","floor":2},{"not_picked":["Bullet Time","Deflect"],"picked":"Backflip","floor":4},{"not_picked":["Catalyst","Backstab"],"picked":"Crippling Poison","floor":6},{"not_picked":["Acrobatics","Prepared"],"picked":"Flying Knee","floor":7},{"not_picked":["Deadly Poison","Dagger Throw"],"picked":"Blur","floor":8},{"not_picked":["Expertise","PiercingWail"],"picked":"Dagger Spray","floor":10},{"not_picked":["Storm of Steel","Setup","Masterful Stab"],"picked":"SKIP","floor":12},{"not_picked":["Bane","Cloak And Dagger"],"picked":"Footwork","floor":13},{"not_picked":["All Out Attack","Eviscerate"],"picked":"Flechettes","floor":14}],"player_experience":479808,"relics_obtained":[{"floor":6,"key":"Gremlin Horn"},{"floor":9,"key":"PreservedInsect"}],"event_choices":[],"is_beta":false,"boss_relics":[],"items_purged_floors":[3],"is_endless":false,"potions_floor_spawned":[6,12,13],"killed_by":"Hexaghost","ascension_level":7}