{"gold_per_floor":[112,112,129,204,224,224,254,270,270,333,333,373,373,387,387,517,517,533,81,104,104,120,120,45,65,65,90,133,133,133,133,133,133],"floor_reached":33,"playtime":1182,"items_purged":["Strike_R"],"score":440,"play_id":"ebefad61-1955-4985-8fa5-75ec13d9971e","local_time":"20190227190312","is_ascension_mode":true,"campfire_choices":[{"data":"Bash","floor":6,"key":"SMITH"},{"floor":15,"key":"REST"},{"floor":23,"key":"REST"},{"floor":30,"key":"REST"},{"data":"Armaments","floor":32,"key":"SMITH"}],"neow_cost":"NONE","seed_source_timestamp":92272765647079,"circlet_count":0,"master_deck":["AscendersBane","Strike_R","Strike_R+1","Strike_R","Defend_R","Defend_R","Defend_R+1","Bash+1","Metallicize","Wild Strike","Dropkick","Dropkick","Shockwave","Cleave","Offering","Dark Embrace","Intimidate","Armaments+1","True Grit","Corruption","Immolate","Writhe","Flame Barrier"],"relics":["Burning Blood","Anchor","Bottled Flame","Blue Candle","Golden Idol","Paper Frog","Cursed Key","Regal Pillow","Self Forming Clay","Bottled Lightning","Ancient Tea Set","Potion Belt"],"potions_floor_usage":[7,10,16,18,28,33],"damage_taken":[{"damage":8,"enemies":"2 Louse","floor":1,"turns":2},{"damage":15,"enemies":"Jaw Worm","floor":3,"turns":5},{"damage":10,"enemies":"Cultist","floor":5,"turns":4},{"damage":15,"enemies":"Gremlin Nob","floor":7,"turns":4},{"damage":8,"enemies":"Looter","floor":8,"turns":4},{"damage":4,"enemies":"Gremlin Nob","floor":10,"turns":3},{"damage":28,"enemies":"3 Sentries","floor":12,"turns":7},{"damage":0,"enemies":"3 Louse","floor":14,"turns":2},{"damage":36,"enemies":"Hexaghost","floor":16,"turns":9},{"damage":40,"enemies":"Spheric Guardian","floor":18,"turns":6},{"damage":6,"enemies":"Chosen","floor":20,"turns":3},{"damage":9,"enemies":"Shelled Parasite and Fungi","floor":22,"turns":6},{"damage":15,"enemies":"Snake Plant","floor":25,"turns":3},{"damage":13,"enemies":"Chosen and Byrds","floor":27,"turns":5},{"damage":26,"enemies":"Slavers","floor":28,"turns":6},{"damage":87,"enemies":"Collector","floor":33,"turns":8}],"seed_played":"-4340853845212855437","potions_obtained":[{"floor":1,"key":"Energy Potion"},{"floor":7,"key":"EssenceOfSteel"},{"floor":10,"key":"FearPotion"},{"floor":16,"key":"Energy Potion"},{"floor":18,"key":"AttackPotion"},{"floor":22,"key":"LiquidBronze"}],"is_trial":false,"path_per_floor":["M","$","M","?","M","R","E","M","T","?","?","E","?","M","R","B",null,"M","$","M","?","M","R","$","M","T","M","E","?","R","?","R","B"],"character_chosen":"IRONCLAD","items_purchased":["Armaments","Regal Pillow","Self Forming Clay"],"campfire_rested":3,"item_purchase_floors":[19,19,19],"current_hp_per_floor":[78,78,69,58,54,54,45,43,43,45,45,23,7,13,37,7,63,29,29,29,29,26,65,65,56,56,49,29,29,68,68,68,0],"gold":133,"neow_bonus":"TEN_PERCENT_HP_BONUS","is_prod":false,"is_daily":false,"chose_seed":false,"campfire_upgraded":2,"win_rate":0,"timestamp":1551290592,"path_taken":["M","$","M","?","M","R","E","M","T","?","?","E","?","M","R","BOSS","M","$","M","?","M","R","$","?","T","M","E","?","R","?","R","BOSS"],"build_version":"2019-01-23","purchased_purges":1,"victory":false,"max_hp_per_floor":[88,88,88,88,88,88,88,88,88,88,81,81,81,81,81,81,81,81,81,81,81,81,81,81,81,81,81,81,81,81,81,81,81],"card_choices":[{"not_picked":["Clothesline","Sever Soul"],"picked":"Metallicize","floor":1},{"not_picked":["Perfected Strike","Havoc"],"picked":"Wild Strike","floor":3},{"not_picked":["Burning Pact","Clash"],"picked":"Dropkick","floor":5},{"not_picked":["Flex","True Grit"],"picked":"Dropkick","floor":7},{"not_picked":["Sword Boomerang","Seeing Red"],"picked":"Shockwave","floor":8},{"not_picked":["Spot Weakness","Wild Strike"],"picked":"Cleave","floor":10},{"not_picked":["Clothesline","Dark Embrace"],"picked":"Offering","floor":12},{"not_picked":["Perfected Strike","Havoc","Cleave"],"picked":"SKIP","floor":14},{"not_picked":["Barricade","Offering"],"picked":"Dark Embrace","floor":16},{"not_picked":["Cleave","Hemokinesis"],"picked":"Intimidate","floor":18},{"not_picked":["Clash","Wild Strike"],"picked":"True Grit","floor":20},{"not_picked":["Second Wind+1","Clothesline+1"],"picked":"Corruption","floor":22},{"not_picked":["Pommel Strike","True Grit"],"picked":"Immolate","floor":25},{"not_picked":["Twin Strike","Rage+1"],"picked":"Flame Barrier","floor":27},{"not_picked":["Heavy Blade","Clothesline+1","Dual Wield"],"picked":"SKIP","floor":28}],"player_experience":780684,"relics_obtained":[{"floor":7,"key":"Anchor"},{"floor":9,"key":"Bottled Flame"},{"floor":10,"key":"Blue Candle"},{"floor":12,"key":"Paper Frog"},{"floor":26,"key":"Bottled Lightning"},{"floor":28,"key":"Ancient Tea Set"}],"event_choices":[{"damage_healed":0,"gold_gain":75,"player_choice":"Gather Gold","damage_taken":11,"max_hp_gain":0,"max_hp_loss":0,"event_name":"World of Goop","floor":4,"gold_loss":0},{"damage_healed":0,"gold_gain":0,"player_choice":"Searched \u00272\u0027 times","damage_taken":0,"max_hp_gain":0,"max_hp_loss":0,"event_name":"Dead Adventurer","floor":10,"gold_loss":0},{"damage_healed":0,"gold_gain":0,"player_choice":"Lose Max HP","damage_taken":0,"relics_obtained":["Golden Idol"],"max_hp_gain":0,"max_hp_loss":7,"event_name":"Golden Idol","floor":11,"gold_loss":0},{"damage_healed":0,"gold_gain":0,"player_choice":"Entered Light","damage_taken":16,"max_hp_gain":0,"max_hp_loss":0,"event_name":"Shining Light","floor":13,"gold_loss":0,"cards_upgraded":["Defend_R","Strike_R"]},{"cards_removed":["Strike_R"],"damage_healed":0,"gold_gain":0,"player_choice":"Purged","damage_taken":0,"max_hp_gain":0,"max_hp_loss":0,"event_name":"Purifier","floor":21,"gold_loss":0},{"cards_removed":["Defend_R"],"damage_healed":0,"gold_gain":0,"player_choice":"Elegance","damage_taken":0,"max_hp_gain":0,"max_hp_loss":0,"event_name":"Back to Basics","floor":29,"gold_loss":0},{"damage_healed":0,"gold_gain":0,"player_choice":"Opened","damage_taken":0,"relics_obtained":["Potion Belt"],"max_hp_gain":0,"max_hp_loss":0,"event_name":"The Mausoleum","floor":31,"gold_loss":0}],"is_beta":false,"boss_relics":[{"not_picked":["Busted Crown","Tiny House"],"picked":"Cursed Key"}],"items_purged_floors":[24],"is_endless":false,"potions_floor_spawned":[1,7,10,16,18,22,27],"killed_by":"Collector","ascension_level":12}