{"gold_per_floor":[115,115,126,146,146,180,180,213,290,34,34],"floor_reached":11,"playtime":518,"items_purged":[],"score":158,"play_id":"c4134301-7ad8-4689-96fa-0ebea5cb155b","local_time":"20190301223325","is_ascension_mode":true,"campfire_choices":[{"data":"Go for the Eyes","floor":7,"key":"SMITH"}],"neow_cost":"NONE","seed_source_timestamp":438627526470400,"circlet_count":0,"master_deck":["AscendersBane","Strike_B","Strike_B","Strike_B","Strike_B+1","Defend_B","Defend_B","Defend_B","Defend_B","Zap+1","Dualcast","Go for the Eyes+1","BootSequence","Ball Lightning+1","Meteor Strike","Defragment","Conserve Battery","Self Repair"],"relics":["Cracked Core","NeowsBlessing","Ice Cream","Whetstone","Matryoshka","Lantern"],"potions_floor_usage":[6,8,8,11],"damage_taken":[{"damage":0,"enemies":"Small Slimes","floor":1,"turns":1},{"damage":0,"enemies":"Cultist","floor":3,"turns":1},{"damage":0,"enemies":"2 Louse","floor":4,"turns":1},{"damage":25,"enemies":"Lagavulin","floor":6,"turns":5},{"damage":15,"enemies":"3 Sentries","floor":8,"turns":7},{"damage":35,"enemies":"Gremlin Nob","floor":11,"turns":4}],"seed_played":"383424093633696664","potions_obtained":[{"floor":3,"key":"Swift Potion"},{"floor":5,"key":"FocusPotion"},{"floor":6,"key":"EssenceOfSteel"},{"floor":8,"key":"Block Potion"}],"is_trial":false,"path_per_floor":["M","?","M","M","?","E","R","E","T","$","E"],"character_chosen":"DEFECT","items_purchased":["Lantern","Conserve Battery","Self Repair"],"campfire_rested":0,"item_purchase_floors":[10,10,10],"current_hp_per_floor":[64,64,64,64,64,39,39,24,24,24,0],"gold":34,"neow_bonus":"THREE_ENEMY_KILL","is_prod":false,"is_daily":false,"chose_seed":false,"campfire_upgraded":1,"win_rate":0,"timestamp":1551497605,"path_taken":["M","?","?","M","?","E","R","E","T","?","E"],"build_version":"2019-01-23","purchased_purges":0,"victory":false,"max_hp_per_floor":[71,71,71,71,71,71,71,71,71,71,71],"card_choices":[{"not_picked":["FTL","Leap"],"picked":"Go for the Eyes","floor":1},{"not_picked":["Recycle","Fusion"],"picked":"BootSequence","floor":3},{"not_picked":["Hologram","Skim"],"picked":"Ball Lightning","floor":4},{"not_picked":["Multi-Cast","Scrape"],"picked":"Meteor Strike","floor":6},{"not_picked":["Chill","Beam Cell"],"picked":"Defragment","floor":8}],"player_experience":1276145,"relics_obtained":[{"floor":6,"key":"Ice Cream"},{"floor":8,"key":"Whetstone"},{"floor":9,"key":"Matryoshka"}],"event_choices":[{"damage_healed":0,"gold_gain":0,"player_choice":"Upgraded","damage_taken":0,"max_hp_gain":0,"max_hp_loss":0,"event_name":"Upgrade Shrine","floor":2,"gold_loss":0,"cards_upgraded":["Zap"]},{"damage_healed":0,"gold_gain":0,"player_choice":"Got Potions","damage_taken":0,"max_hp_gain":0,"max_hp_loss":0,"event_name":"Lab","floor":5,"gold_loss":0}],"is_beta":false,"boss_relics":[],"items_purged_floors":[],"is_endless":false,"potions_floor_spawned":[3,6,8],"killed_by":"Gremlin Nob","ascension_level":19}