{"gold_per_floor":[114,114,138,138,158,158,199,199,246,259,434,434,64,87,87,210,210,233,256,276,276,291,291,327,402,428,428,448,162,162,177,177,301,301,324,40,63,44,63,63,63,84,109,109,109,109,109,123,123,123],"floor_reached":51,"playtime":1281,"items_purged":["Strike_R","Strike_R","Strike_R"],"score":717,"play_id":"03568613-8976-4c61-9dd2-5ae86c414ea3","local_time":"20190304014128","is_ascension_mode":false,"campfire_choices":[{"data":"Rampage","floor":6.0,"key":"SMITH"},{"data":"Spot Weakness","floor":8.0,"key":"SMITH"},{"data":"Inflame","floor":15.0,"key":"SMITH"},{"data":"Evolve","floor":23.0,"key":"SMITH"},{"data":"Deep Breath","floor":27,"key":"SMITH"},{"data":"Armaments","floor":30,"key":"SMITH"},{"floor":32,"key":"REST"},{"data":"Juggernaut","floor":41,"key":"SMITH"},{"data":"Inflame","floor":49,"key":"SMITH"}],"neow_cost":"NONE","seed_source_timestamp":37432923199383,"circlet_count":0,"master_deck":["Defend_R","Defend_R","Bash+1","Deep Breath+1","Cleave","Spot Weakness+1","Rampage+1","Pummel","Sword Boomerang+1","Evolve+1","Inflame+1","Offering","Shockwave+1","Whirlwind+1","Havoc+1","Uppercut+1","Feel No Pain","Armaments+1","Shrug It Off+1","Juggernaut+1","Limit Break+1","Bludgeon+1","Power Through+1","Flame Barrier","Inflame+1","Burning Pact","Battle Trance","Inflame","Flex+1","Immolate","Panache","Doubt","Combust"],"special_seed":0,"relics":["Burning Blood","Golden Idol","Bag of Preparation","Bronze Scales","Membership Card","Mummified Hand","Mark of Pain","Ancient Tea Set","Boot","MealTicket","Anchor","Astrolabe","Juzu Bracelet","Whetstone","Happy Flower"],"potions_floor_usage":[33,50],"damage_taken":[{"damage":6.0,"enemies":"Jaw Worm","floor":1.0,"turns":7.0},{"damage":2.0,"enemies":"2 Louse","floor":3.0,"turns":2.0},{"damage":7.0,"enemies":"Small Slimes","floor":5.0,"turns":4.0},{"damage":15.0,"enemies":"Lagavulin","floor":7.0,"turns":7.0},{"damage":14.0,"enemies":"Blue Slaver","floor":10.0,"turns":3.0},{"damage":3.0,"enemies":"Red Slaver","floor":14.0,"turns":3.0},{"damage":0.0,"enemies":"Slime Boss","floor":16.0,"turns":7.0},{"damage":11.0,"enemies":"2 Thieves","floor":18.0,"turns":2.0},{"damage":8.0,"enemies":"Shell Parasite","floor":19.0,"turns":2.0},{"damage":1.0,"enemies":"Cultist and Chosen","floor":20.0,"turns":4.0},{"damage":18.0,"enemies":"Snake Plant","floor":22.0,"turns":3.0},{"damage":43.0,"enemies":"Slavers","floor":24.0,"turns":4.0},{"damage":6,"enemies":"Chosen and Byrds","floor":28,"turns":3},{"damage":7,"enemies":"Snecko","floor":31,"turns":4},{"damage":48,"enemies":"Automaton","floor":33,"turns":7},{"damage":9,"enemies":"3 Darklings","floor":35,"turns":4},{"damage":8,"enemies":"Orb Walker","floor":37,"turns":3},{"damage":21,"enemies":"Maw","floor":39,"turns":5},{"damage":34,"enemies":"Writhing Mass","floor":42,"turns":3},{"damage":0,"enemies":"Jaw Worm Horde","floor":48,"turns":2},{"damage":50,"enemies":"Time Eater","floor":50,"turns":8}],"seed_played":"1029462123095596047","potions_obtained":[{"floor":5.0,"key":"Dexterity Potion"},{"floor":7.0,"key":"BloodPotion"},{"floor":16.0,"key":"Poison Potion"},{"floor":18.0,"key":"Poison Potion"},{"floor":22.0,"key":"BloodPotion"},{"floor":24.0,"key":"SkillPotion"},{"floor":35,"key":"Ancient Potion"},{"floor":48,"key":"Block Potion"}],"is_trial":false,"path_per_floor":["M","?","M","?","M","R","E","R","T","M","?","?","$","M","R","B",null,"M","M","M","?","M","R","E","?","T","R","M","$","R","M","R","B",null,"M","$","M","$","M","?","R","M","T","?","?","?","?","M","R","B",null],"character_chosen":"IRONCLAD","items_purchased":["Membership Card","Mummified Hand","Evolve","MealTicket","Anchor","Feel No Pain","Armaments","Juzu Bracelet","Whetstone","Inflame","Burning Pact","Inflame"],"campfire_rested":1,"item_purchase_floors":[13,13,13,29,29,29,29,36,36,36,36,38],"current_hp_per_floor":[80,60,64,69,68,68,59,59,59,51,51,44,44,47,47,53,85,80,78,83,83,71,71,50,42,42,42,42,42,42,41,66,24,85,82,85,83,85,70,70,70,42,42,42,85,85,85,85,85,41],"gold":123,"neow_bonus":"RANDOM_COLORLESS","is_prod":false,"is_daily":false,"chose_seed":false,"campfire_upgraded":8,"win_rate":0,"timestamp":1551685288,"path_taken":["M","?","M","?","M","R","E","R","T","M","?","?","$","M","R","BOSS","M","M","M","?","M","R","E","?","T","R","M","$","R","M","R","BOSS","M","$","M","$","M","?","R","M","T","?","?","?","?","M","R","BOSS"],"build_version":"2019-01-23","purchased_purges":3,"victory":true,"max_hp_per_floor":[80,80,80,85,85,85,85,85,85,85,85,85,85,85,85,85,85,85,85,85,85,85,85,85,85,85,85,85,85,85,85,85,85,85,85,85,85,85,85,85,85,85,85,85,85,85,85,85,85,85],"card_choices":[{"not_picked":["Dropkick","Rupture"],"picked":"Cleave","floor":1.0},{"not_picked":["Twin Strike","Sword Boomerang"],"picked":"Spot Weakness","floor":3.0},{"not_picked":["Pommel Strike","Perfected Strike"],"picked":"Rampage","floor":5.0},{"not_picked":["Sword Boomerang","Anger"],"picked":"Pummel","floor":7.0},{"not_picked":["Clash","Twin Strike"],"picked":"Sword Boomerang","floor":10.0},{"not_picked":["Intimidate","Twin Strike"],"picked":"Inflame","floor":14.0},{"not_picked":["Reaper","Double Tap"],"picked":"Offering","floor":16.0},{"not_picked":["Clash","Pommel Strike","Wild Strike+1"],"picked":"SKIP","floor":18.0},{"not_picked":["Perfected Strike","Seeing Red"],"picked":"Shockwave+1","floor":19.0},{"not_picked":["Evolve","Flex"],"picked":"Whirlwind+1","floor":20.0},{"not_picked":["Fire Breathing","Feed"],"picked":"Havoc+1","floor":22.0},{"not_picked":["Pommel Strike","Twin Strike","Sever Soul+1"],"picked":"SKIP","floor":24.0},{"not_picked":["Flex","Iron Wave"],"picked":"Uppercut+1","floor":28},{"not_picked":["Pommel Strike","Blood for Blood+1"],"picked":"Shrug It Off+1","floor":31},{"not_picked":["Impervious","Offering"],"picked":"Juggernaut","floor":33},{"not_picked":["Clothesline+1","Wild Strike"],"picked":"Flame Barrier","floor":35},{"not_picked":["Pommel Strike","Clash+1"],"picked":"Battle Trance","floor":37},{"not_picked":["Twin Strike+1","True Grit"],"picked":"Flex+1","floor":39},{"not_picked":["Sword Boomerang","Shockwave"],"picked":"Immolate","floor":42},{"not_picked":["Mind Blast","Sadistic Nature"],"picked":"Panache","floor":44},{"not_picked":["Clash+1","Body Slam","Clothesline"],"picked":"SKIP","floor":48}],"player_experience":981638,"relics_obtained":[{"floor":7.0,"key":"Bag of Preparation"},{"floor":9.0,"key":"Bronze Scales"},{"floor":24.0,"key":"Ancient Tea Set"},{"floor":26,"key":"Boot"},{"floor":43,"key":"Happy Flower"}],"event_choices":[{"damage_healed":0.0,"max_hp_gain":0.0,"max_hp_loss":0.0,"gold_gain":0.0,"event_name":"Golden Idol","player_choice":"Take Damage","floor":2.0,"gold_loss":0.0,"damage_taken":20.0,"relics_obtained":["Golden Idol"]},{"damage_healed":0.0,"max_hp_gain":5.0,"max_hp_loss":0.0,"gold_gain":0.0,"event_name":"Big Fish","player_choice":"Donut","floor":4.0,"gold_loss":0.0,"damage_taken":0.0},{"damage_healed":0.0,"max_hp_gain":0.0,"max_hp_loss":0.0,"gold_gain":175.0,"event_name":"Liars Game","player_choice":"AGREE","floor":11.0,"gold_loss":0.0,"damage_taken":0.0,"cards_obtained":["Doubt"]},{"cards_removed":["Doubt"],"damage_healed":0.0,"max_hp_gain":0.0,"max_hp_loss":0.0,"gold_gain":0.0,"event_name":"Golden Wing","player_choice":"Card Removal","floor":12.0,"gold_loss":0.0,"damage_taken":7.0},{"damage_healed":0.0,"max_hp_gain":0.0,"max_hp_loss":0.0,"gold_gain":0.0,"event_name":"The Library","player_choice":"Read","floor":21.0,"gold_loss":0.0,"damage_taken":0.0,"cards_obtained":["Fire Breathing"]},{"damage_healed":0,"gold_gain":75,"player_choice":"Touch","damage_taken":8,"max_hp_gain":0,"max_hp_loss":0,"event_name":"FaceTrader","floor":25,"gold_loss":0},{"cards_removed":["Fire Breathing"],"damage_healed":0,"gold_gain":0,"player_choice":"Removed Power","damage_taken":0,"max_hp_gain":0,"max_hp_loss":0,"event_name":"Falling","floor":40,"gold_loss":0},{"damage_healed":0,"gold_gain":0,"player_choice":"Memory 1","damage_taken":0,"max_hp_gain":0,"max_hp_loss":0,"event_name":"SensoryStone","floor":44,"gold_loss":0},{"damage_healed":43,"gold_gain":0,"player_choice":"Heal","damage_taken":0,"max_hp_gain":0,"max_hp_loss":0,"event_name":"MindBloom","floor":45,"gold_loss":0,"cards_obtained":["Doubt"]},{"damage_healed":0,"gold_gain":0,"cards_transformed":["Defend_R"],"player_choice":"Transformed","damage_taken":0,"max_hp_gain":0,"max_hp_loss":0,"event_name":"Transmorgrifier","floor":46,"gold_loss":0,"cards_obtained":["Combust"]},{"damage_healed":0,"gold_gain":0,"player_choice":"Ignored","damage_taken":0,"max_hp_gain":0,"max_hp_loss":0,"event_name":"Mysterious Sphere","floor":47,"gold_loss":0}],"is_beta":false,"boss_relics":[{"not_picked":["Pandora\u0027s Box","Velvet Choker"],"picked":"Mark of Pain"},{"not_picked":["Eternal Feather","Calling Bell"],"picked":"Astrolabe"}],"items_purged_floors":[13,29,36],"is_endless":false,"potions_floor_spawned":[5,7,16,18,22,24,35,48],"ascension_level":0}