{"gold_per_floor":[117,46,56,73,90,90,118,118,118,146,146,178,190,190,190,286,286,305,320,320,185,185,185,213,228,303,320,332,332,349,36,36,36],"floor_reached":33,"playtime":1742,"items_purged":["Pain"],"score":390,"play_id":"cbf8b382-f16e-49bc-81a3-14d1d5909335","local_time":"20190214172554","is_ascension_mode":true,"campfire_choices":[{"data":"Zap","floor":6.0,"key":"SMITH"},{"data":"Dualcast","floor":8.0,"key":"SMITH"},{"floor":11.0,"key":"REST"},{"data":"Sweeping Beam","floor":15,"key":"SMITH"},{"data":"Coolheaded","floor":23,"key":"SMITH"},{"data":"Sweeping Beam","floor":32,"key":"SMITH"}],"neow_cost":"NONE","seed_source_timestamp":0,"circlet_count":0,"master_deck":["Strike_B+1","Strike_B+1","Strike_B+1","Strike_B+1","Defend_B+1","Defend_B+1","Defend_B+1","Defend_B+1","Zap+1","Dualcast+1","Coolheaded+1","Glacier","Loop+1","Turbo","Ball Lightning","Sweeping Beam+1","FTL","Hologram","Compile Driver","Streamline+1","Conserve Battery","Electrodynamics","Rip and Tear","Coolheaded","Chill+1","Sweeping Beam+1","Rebound"],"special_seed":0,"relics":["Nuclear Battery","Ice Cream","Bottled Flame","Darkstone Periapt","Mummified Hand","Cursed Key","Sundial","Matryoshka","Kunai"],"potions_floor_usage":[16,16,19,33,33],"damage_taken":[{"damage":11.0,"enemies":"Cultist","floor":1.0,"turns":4.0},{"damage":2.0,"enemies":"Small Slimes","floor":3.0,"turns":4.0},{"damage":0.0,"enemies":"Jaw Worm","floor":4.0,"turns":5.0},{"damage":9.0,"enemies":"Large Slime","floor":5.0,"turns":11.0},{"damage":8.0,"enemies":"Gremlin Nob","floor":7.0,"turns":4.0},{"damage":13.0,"enemies":"3 Sentries","floor":10.0,"turns":7.0},{"damage":17.0,"enemies":"Gremlin Nob","floor":12.0,"turns":5.0},{"damage":1,"enemies":"Exordium Wildlife","floor":13,"turns":6},{"damage":16,"enemies":"Slime Boss","floor":16,"turns":12},{"damage":2,"enemies":"Chosen","floor":18,"turns":4},{"damage":10,"enemies":"Shell Parasite","floor":19,"turns":3},{"damage":0,"enemies":"Gremlin Leader","floor":24,"turns":4},{"damage":0,"enemies":"Shelled Parasite and Fungi","floor":25,"turns":5},{"damage":7,"enemies":"Centurion and Healer","floor":27,"turns":4},{"damage":0,"enemies":"3 Cultists","floor":28,"turns":2},{"damage":9,"enemies":"Snake Plant","floor":30,"turns":3},{"damage":43,"enemies":"Collector","floor":33,"turns":6}],"seed_played":"-5110972337360334943","potions_obtained":[{"floor":3.0,"key":"Weak Potion"},{"floor":5.0,"key":"FocusPotion"},{"floor":10.0,"key":"Ancient Potion"},{"floor":12,"key":"Poison Potion"},{"floor":16,"key":"Explosive Potion"},{"floor":18,"key":"Weak Potion"},{"floor":19,"key":"SteroidPotion"},{"floor":28,"key":"EssenceOfSteel"}],"is_trial":false,"path_per_floor":["M","$","M","M","M","R","E","R","T","E","R","E","M","?","R","B",null,"M","M","?","$","?","R","E","M","T","M","M","?","M","$","R","B"],"character_chosen":"DEFECT","items_purchased":["Glacier","Electrodynamics","Kunai"],"campfire_rested":1,"item_purchase_floors":[2,21,31],"current_hp_per_floor":[64,64,62,62,53,53,45,45,45,32,54,37,36,36,36,20,61,59,49,49,49,49,49,49,49,55,48,48,48,39,39,39,0],"gold":36,"neow_bonus":"BOSS_RELIC","is_prod":false,"is_daily":false,"chose_seed":false,"campfire_upgraded":5,"win_rate":0,"timestamp":1550161554,"path_taken":["M","$","M","M","M","R","E","R","T","E","R","E","?","?","R","BOSS","M","M","?","$","?","R","E","M","T","M","M","?","M","$","R","BOSS"],"build_version":"2019-01-23","purchased_purges":1,"victory":false,"max_hp_per_floor":[75,75,75,75,75,75,75,75,75,75,75,75,75,75,75,75,75,75,75,75,75,75,75,75,75,81,81,81,81,81,81,81,81],"card_choices":[{"not_picked":["Hologram","Stack"],"picked":"Coolheaded","floor":1.0},{"not_picked":["Tempest","Stack"],"picked":"Loop","floor":3.0},{"not_picked":["Hologram","BootSequence"],"picked":"Turbo","floor":4.0},{"not_picked":["Hello World","Coolheaded"],"picked":"Ball Lightning","floor":5.0},{"not_picked":["Storm","Chaos"],"picked":"Sweeping Beam","floor":7.0},{"not_picked":["Auto Shields","Coolheaded"],"picked":"FTL","floor":10.0},{"not_picked":["Rebound","Stack"],"picked":"Hologram","floor":12},{"not_picked":["Doom and Gloom","Streamline"],"picked":"Compile Driver","floor":13},{"not_picked":["Stack","Leap+1"],"picked":"Streamline+1","floor":18},{"not_picked":["Sweeping Beam","Leap+1"],"picked":"Conserve Battery","floor":19},{"not_picked":["Amplify","Hologram+1"],"picked":"Rip and Tear","floor":24},{"not_picked":["Beam Cell","Tempest+1"],"picked":"Coolheaded","floor":25},{"not_picked":["Cold Snap","Static Discharge"],"picked":"Chill+1","floor":27},{"not_picked":["Rebound","Fusion+1"],"picked":"Sweeping Beam","floor":28},{"not_picked":["Sweeping Beam","Gash"],"picked":"Rebound","floor":30}],"player_experience":642161,"relics_obtained":[{"floor":7.0,"key":"Ice Cream"},{"floor":9.0,"key":"Bottled Flame"},{"floor":10.0,"key":"Darkstone Periapt"},{"floor":12,"key":"Mummified Hand"},{"floor":24,"key":"Sundial"},{"floor":26,"key":"Matryoshka"}],"event_choices":[{"damage_healed":0,"gold_gain":0,"player_choice":"Grow","damage_taken":0,"max_hp_gain":0,"max_hp_loss":0,"event_name":"Living Wall","floor":14,"gold_loss":0,"cards_upgraded":["Loop"]},{"damage_healed":0,"gold_gain":0,"player_choice":"Simplicity","damage_taken":0,"max_hp_gain":0,"max_hp_loss":0,"event_name":"Back to Basics","floor":20,"gold_loss":0,"cards_upgraded":["Strike_B","Strike_B","Strike_B","Strike_B","Defend_B","Defend_B","Defend_B","Defend_B"]},{"damage_healed":0,"gold_gain":0,"player_choice":"Ignored","damage_taken":0,"max_hp_gain":0,"max_hp_loss":0,"event_name":"Ghosts","floor":22,"gold_loss":0},{"damage_healed":0,"gold_gain":0,"player_choice":"Ignored","damage_taken":0,"max_hp_gain":0,"max_hp_loss":0,"event_name":"Vampires","floor":29,"gold_loss":0}],"is_beta":false,"boss_relics":[{"not_picked":["Ectoplasm","Runic Dome"],"picked":"Cursed Key"}],"items_purged_floors":[31],"is_endless":false,"potions_floor_spawned":[3,5,10,12,16,18,19,28],"killed_by":"Collector","ascension_level":5}