{"gold_per_floor":[117,67,78,78,92,92,117,117,189,189,209,239,50,66,66,138,138,151,250,250,250,268,268,288,288,288,288,306,306,340,355,355,355],"floor_reached":33,"playtime":1411,"items_purged":[],"score":493,"play_id":"e4d4aea8-d055-4b21-b47c-431540fea5ea","local_time":"20190217202733","is_ascension_mode":true,"campfire_choices":[{"data":"Neutralize","floor":6,"key":"SMITH"},{"floor":10,"key":"REST"},{"floor":15,"key":"REST"},{"floor":23,"key":"REST"},{"floor":25,"key":"REST"},{"data":"Malaise","floor":27,"key":"SMITH"},{"floor":32,"key":"REST"}],"neow_cost":"NONE","seed_source_timestamp":8445436466699,"circlet_count":0,"master_deck":["AscendersBane","Defend_G","Defend_G","Defend_G","Defend_G","Defend_G","Survivor","Neutralize+1","Flying Knee","Sucker Punch","PiercingWail","Dagger Spray","Poisoned Stab","Venomology","Well Laid Plans","Flash of Steel","Deadly Poison","Backstab","Malaise+1","Cloak And Dagger+1","Bite","Bite","Bite","Bite","Bite","Backflip+1","Bane","Slice","Infinite Blades"],"relics":["Ring of the Snake","Ornamental Fan","Gremlin Horn","The Specimen","Black Star","Shuriken","Boot","Happy Flower"],"potions_floor_usage":[12,12,14,16,16,16,21,22,22,24,24,28,31],"damage_taken":[{"damage":0,"enemies":"Cultist","floor":1,"turns":4},{"damage":0,"enemies":"2 Louse","floor":3,"turns":4},{"damage":0,"enemies":"Jaw Worm","floor":5,"turns":4},{"damage":39,"enemies":"3 Sentries","floor":7,"turns":16},{"damage":22,"enemies":"Exordium Wildlife","floor":11,"turns":8},{"damage":8,"enemies":"Lagavulin","floor":12,"turns":5},{"damage":11,"enemies":"Large Slime","floor":14,"turns":6},{"damage":11,"enemies":"Hexaghost","floor":16,"turns":11},{"damage":4,"enemies":"3 Byrds","floor":18,"turns":5},{"damage":21,"enemies":"Colosseum Slavers","floor":21,"turns":5},{"damage":11,"enemies":"Chosen","floor":22,"turns":6},{"damage":33,"enemies":"Shelled Parasite and Fungi","floor":24,"turns":8},{"damage":3,"enemies":"Snake Plant","floor":28,"turns":5},{"damage":51,"enemies":"Book of Stabbing","floor":30,"turns":6},{"damage":5,"enemies":"Chosen and Byrds","floor":31,"turns":7},{"damage":0,"enemies":"Automaton","floor":33,"turns":2}],"seed_played":"6992200561328894964","potions_obtained":[{"floor":1,"key":"Fire Potion"},{"floor":11,"key":"Strength Potion"},{"floor":12,"key":"EssenceOfSteel"},{"floor":14,"key":"Poison Potion"},{"floor":22,"key":"GamblersBrew"},{"floor":24,"key":"Poison Potion"}],"is_trial":false,"path_per_floor":["M","?","M","?","M","R","E","T","T","R","M","E","$","M","R","B",null,"M","?","?","?","M","R","M","R","T","R","M","?","E","M","R","B"],"character_chosen":"THE_SILENT","items_purchased":["Well Laid Plans","Flash of Steel","Deadly Poison"],"campfire_rested":5,"item_purchase_floors":[13,13,13],"current_hp_per_floor":[65,65,65,65,65,65,26,26,26,47,25,17,17,6,27,16,58,54,54,50,39,38,50,29,44,44,44,49,49,7,10,25,25],"gold":355,"neow_bonus":"TEN_PERCENT_HP_BONUS","is_prod":false,"is_daily":false,"chose_seed":false,"campfire_upgraded":2,"win_rate":0,"timestamp":1550431653,"path_taken":["M","?","M","?","M","R","E","?","T","R","M","E","$","M","R","BOSS","M","?","?","?","M","R","M","R","T","R","M","?","E","M","R","BOSS"],"build_version":"2019-01-23","purchased_purges":0,"victory":false,"max_hp_per_floor":[72,72,72,72,72,72,72,72,72,72,72,72,72,72,72,72,72,72,72,50,50,50,50,50,50,50,50,50,50,50,50,50,50],"card_choices":[{"not_picked":["Calculated Gamble","Sucker Punch"],"picked":"Flying Knee","floor":1},{"not_picked":["Deflect","Backflip"],"picked":"Sucker Punch","floor":3},{"not_picked":["Choke","Deflect"],"picked":"PiercingWail","floor":5},{"not_picked":["Tactician","PiercingWail"],"picked":"Dagger Spray","floor":7},{"not_picked":["Prepared","Dagger Throw"],"picked":"Poisoned Stab","floor":11},{"not_picked":["PiercingWail","Deflect"],"picked":"Venomology","floor":12},{"not_picked":["Dodge and Roll","Calculated Gamble"],"picked":"Backstab","floor":14},{"not_picked":["Die Die Die","Burst"],"picked":"Malaise","floor":16},{"not_picked":["Infinite Blades+1","Leg Sweep"],"picked":"Cloak And Dagger+1","floor":18},{"not_picked":["Dagger Throw","Cloak And Dagger"],"picked":"Backflip+1","floor":22},{"not_picked":["Deadly Poison","Riddle With Holes"],"picked":"Bane","floor":24},{"not_picked":["Dagger Throw","Bouncing Flask"],"picked":"Slice","floor":28},{"not_picked":["Bane","Predator","Deadly Poison"],"picked":"SKIP","floor":30},{"not_picked":["Setup+1","Bouncing Flask","Reflex"],"picked":"SKIP","floor":31}],"player_experience":674763,"relics_obtained":[{"floor":7,"key":"Ornamental Fan"},{"floor":8,"key":"Gremlin Horn"},{"floor":12,"key":"The Specimen"},{"floor":26,"key":"Shuriken"},{"floor":30,"key":"Boot"},{"floor":30,"key":"Happy Flower"}],"event_choices":[{"cards_removed":["Strike_G"],"damage_healed":0,"gold_gain":0,"player_choice":"Card Removal","damage_taken":0,"max_hp_gain":0,"max_hp_loss":0,"event_name":"The Cleric","floor":2,"gold_loss":50},{"damage_healed":0,"gold_gain":0,"player_choice":"Ignored","damage_taken":0,"max_hp_gain":0,"max_hp_loss":0,"event_name":"Shining Light","floor":4,"gold_loss":0},{"damage_healed":0,"gold_gain":99,"player_choice":"Stole From Cult","damage_taken":0,"max_hp_gain":0,"max_hp_loss":0,"event_name":"Nest","floor":19,"gold_loss":0},{"damage_healed":0,"gold_gain":0,"player_choice":"Became a vampire","damage_taken":0,"max_hp_gain":0,"max_hp_loss":22,"event_name":"Vampires","floor":20,"gold_loss":0,"cards_obtained":["Bite","Bite","Bite","Bite","Bite"]},{"damage_healed":0,"gold_gain":0,"player_choice":"Fight","damage_taken":0,"max_hp_gain":0,"max_hp_loss":0,"event_name":"Colosseum","floor":21,"gold_loss":0},{"damage_healed":0,"gold_gain":0,"player_choice":"Fled From Nobs","damage_taken":0,"max_hp_gain":0,"max_hp_loss":0,"event_name":"Colosseum","floor":21,"gold_loss":0},{"damage_healed":0,"gold_gain":0,"player_choice":"Read","damage_taken":0,"max_hp_gain":0,"max_hp_loss":0,"event_name":"The Library","floor":29,"gold_loss":0,"cards_obtained":["Infinite Blades"]}],"is_beta":false,"boss_relics":[{"not_picked":["HoveringKite","Snecko Eye"],"picked":"Black Star"}],"items_purged_floors":[],"is_endless":false,"potions_floor_spawned":[1,11,12,14,22,24],"killed_by":"Automaton","ascension_level":14}