{"gold_per_floor":[114,130,100,25,100,100,111,443,443,472,472,489,518,518],"floor_reached":14,"playtime":22782,"items_purged":["Strike_B"],"score":140,"play_id":"04e5bad7-c456-485e-924e-1569417c398a","local_time":"20181215132034","is_ascension_mode":true,"campfire_choices":[{"data":"Zap","floor":6,"key":"SMITH"}],"neow_cost":"PERCENT_DAMAGE","seed_source_timestamp":208276204335370,"circlet_count":0,"master_deck":["Defend_B","Defend_B","Defend_B","Defend_B","Zap+1","Dualcast","Multi-Cast","Compile Driver","Conserve Battery","Consume","Defragment","Chill","Go for the Eyes","Loop+1"],"relics":["Cracked Core","Old Coin","Pear","Darkstone Periapt","Frozen Egg 2"],"potions_floor_usage":[8,13,13,14],"damage_taken":[{"damage":1,"enemies":"Cultist","floor":1,"turns":4},{"damage":0,"enemies":"2 Louse","floor":2,"turns":2},{"damage":0,"enemies":"Jaw Worm","floor":7,"turns":3},{"damage":19,"enemies":"Lagavulin","floor":8,"turns":7},{"damage":31,"enemies":"Gremlin Nob","floor":10,"turns":4},{"damage":0,"enemies":"Looter","floor":12,"turns":4},{"damage":0,"enemies":"Lagavulin","floor":13,"turns":8},{"damage":5,"enemies":"Exordium Wildlife","floor":14,"turns":2}],"seed_played":"-3612109184431429397","potions_obtained":[{"floor":2,"key":"Ancient Potion"},{"floor":3,"key":"Energy Potion"},{"floor":3,"key":"EssenceOfSteel"},{"floor":7,"key":"AttackPotion"},{"floor":10,"key":"GamblersBrew"}],"is_trial":false,"path_per_floor":["M","M","?","$","?","R","M","E","T","E","?","M","E","M"],"character_chosen":"DEFECT","items_purchased":[],"campfire_rested":0,"item_purchase_floors":[],"current_hp_per_floor":[53,53,53,53,42,42,42,23,33,2,2,2,2,0],"gold":518,"neow_bonus":"TRANSFORM_TWO_CARDS","is_prod":false,"is_daily":false,"chose_seed":false,"campfire_upgraded":1,"win_rate":0,"timestamp":1544901634,"path_taken":["M","M","?","?","?","R","?","E","T","E","?","M","E","M"],"build_version":"2018-12-13","purchased_purges":1,"victory":false,"max_hp_per_floor":[75,75,75,75,75,75,75,75,85,85,85,85,85,85],"card_choices":[{"not_picked":["Go for the Eyes","Heatsinks"],"picked":"Conserve Battery","floor":1},{"not_picked":["Undo","Sweeping Beam","Streamline"],"picked":"SKIP","floor":2},{"not_picked":["Force Field","Coolheaded"],"picked":"Consume","floor":7},{"not_picked":["Rainbow","Compile Driver"],"picked":"Defragment","floor":8},{"not_picked":["Turbo","Doom and Gloom"],"picked":"Chill","floor":10},{"not_picked":["Double Energy","Redo"],"picked":"Go for the Eyes","floor":12},{"not_picked":["Cold Snap","Conserve Battery"],"picked":"Loop","floor":13}],"player_experience":173087,"relics_obtained":[{"floor":8,"key":"Old Coin"},{"floor":9,"key":"Pear"},{"floor":10,"key":"Darkstone Periapt"},{"floor":13,"key":"Frozen Egg 2"}],"event_choices":[{"damage_healed":0,"gold_gain":0,"player_choice":"Bought 2 Potions","damage_taken":0,"max_hp_gain":0,"max_hp_loss":0,"event_name":"The Woman in Blue","floor":3,"gold_loss":0},{"damage_healed":0,"gold_gain":75,"player_choice":"Gather Gold","damage_taken":11,"max_hp_gain":0,"max_hp_loss":0,"event_name":"World of Goop","floor":5,"gold_loss":0},{"cards_removed":["Strike_B"],"damage_healed":0,"gold_gain":0,"player_choice":"Forget","damage_taken":0,"max_hp_gain":0,"max_hp_loss":0,"event_name":"Living Wall","floor":11,"gold_loss":0}],"is_beta":false,"boss_relics":[],"items_purged_floors":[4],"is_endless":false,"potions_floor_spawned":[2,7,10],"killed_by":"Exordium Wildlife","ascension_level":1}