{"gold_per_floor":[115,190,190,210,210,210,223,235,235,6,17,17,17,48,48,146,146,146,46,46,59,158,158,169,169,223,5,5,5,5,20,20,125,125,142,142,156,156,169,169,180,180,180,0,351,351,451,465,465,465],"floor_reached":51,"playtime":1952,"items_purged":["Defend_G","Strike_G","Shame"],"score":971,"play_id":"2c762d9b-fd48-44f5-b60d-138cc074fe82","local_time":"20190120024117","is_ascension_mode":true,"campfire_choices":[{"data":"Neutralize","floor":6,"key":"SMITH"},{"data":"After Image","floor":12,"key":"SMITH"},{"data":"Noxious Fumes","floor":15,"key":"SMITH"},{"data":"Terror","floor":23,"key":"SMITH"},{"data":"Wraith Form v2","floor":25,"key":"SMITH"},{"data":"Cloak And Dagger","floor":30,"key":"SMITH"},{"floor":32,"key":"REST"},{"floor":40,"key":"REST"},{"floor":42,"key":"REST"},{"floor":46,"key":"REST"},{"floor":49,"key":"REST"}],"neow_cost":"NONE","seed_source_timestamp":725168954636954,"circlet_count":0,"master_deck":["Defend_G","Defend_G","Defend_G","Defend_G","Strike_G","Strike_G","Strike_G","Survivor","Neutralize+1","Backstab","Poisoned Stab","Leg Sweep","Terror+1","Deflect","After Image+1","Heel Hook","Noxious Fumes+1","Wraith Form v2+1","Cloak And Dagger+1","Bane","Necronomicurse","Skewer","Tools of the Trade","Deflect+1","Backflip+1","Thinking Ahead","Deadly Poison+1","Backflip+1","Quick Slash+1","Parasite"],"relics":["Ring of the Snake","Gremlin Horn","Darkstone Periapt","Busted Crown","Potion Belt","Vajra","Necronomicon","Fusion Hammer","The Courier","Red Mask","Old Coin","Unceasing Top"],"potions_floor_usage":[14,14,18,33,45,45,47,50,50,50],"damage_taken":[{"damage":2,"enemies":"Cultist","floor":1,"turns":4},{"damage":0,"enemies":"2 Louse","floor":4,"turns":3},{"damage":0,"enemies":"Small Slimes","floor":7,"turns":3},{"damage":1,"enemies":"Blue Slaver","floor":8,"turns":4},{"damage":0,"enemies":"Looter","floor":11,"turns":3},{"damage":0,"enemies":"3 Sentries","floor":14,"turns":2},{"damage":18,"enemies":"The Guardian","floor":16,"turns":12},{"damage":0,"enemies":"Shell Parasite","floor":18,"turns":6},{"damage":11,"enemies":"Spheric Guardian","floor":21,"turns":6},{"damage":12,"enemies":"Snake Plant","floor":24,"turns":6},{"damage":0,"enemies":"3 Cultists","floor":31,"turns":6},{"damage":54,"enemies":"Automaton","floor":33,"turns":10},{"damage":3,"enemies":"3 Shapes","floor":35,"turns":3},{"damage":0,"enemies":"Orb Walker","floor":37,"turns":4},{"damage":0,"enemies":"4 Shapes","floor":39,"turns":7},{"damage":16,"enemies":"Spire Growth","floor":41,"turns":5},{"damage":9,"enemies":"2 Orb Walkers","floor":45,"turns":5},{"damage":4,"enemies":"Mind Bloom Boss Battle","floor":47,"turns":7},{"damage":7,"enemies":"Writhing Mass","floor":48,"turns":6},{"damage":82,"enemies":"Time Eater","floor":50,"turns":11}],"seed_played":"3790671606189644988","potions_obtained":[{"floor":1,"key":"Fire Potion"},{"floor":4,"key":"SkillPotion"},{"floor":7,"key":"SmokeBomb"},{"floor":16,"key":"SteroidPotion"},{"floor":24,"key":"Ancient Potion"},{"floor":31,"key":"Swift Potion"},{"floor":37,"key":"AttackPotion"},{"floor":41,"key":"PowerPotion"},{"floor":45,"key":"Fire Potion"},{"floor":48,"key":"Explosive Potion"}],"is_trial":false,"path_per_floor":["M","?","?","M","?","R","M","M","T","$","M","R","$","E","R","B",null,"M","$","?","M","?","R","M","R","T","$","?","?","R","M","R","B",null,"M","?","M","?","M","R","M","R","T","?","?","R","?","M","R","B",null],"character_chosen":"THE_SILENT","items_purchased":["After Image","Cloak And Dagger","Bane"],"campfire_rested":5,"item_purchase_floors":[10,27,27],"current_hp_per_floor":[61,50,70,70,63,63,63,62,62,62,62,62,62,62,62,44,64,64,64,70,59,59,59,47,47,47,47,37,37,37,37,61,7,63,60,60,60,60,60,78,62,78,78,78,69,78,74,73,84,2],"gold":465,"neow_bonus":"THREE_CARDS","is_prod":false,"is_daily":false,"chose_seed":false,"campfire_upgraded":6,"win_rate":0,"timestamp":1547948477,"path_taken":["M","?","?","M","?","R","M","M","T","$","M","R","?","E","R","BOSS","M","$","?","M","?","R","M","R","T","?","?","?","R","M","R","BOSS","M","?","M","?","M","R","M","R","T","?","?","R","?","M","R","BOSS"],"build_version":"2019-01-17v2","purchased_purges":3,"victory":true,"max_hp_per_floor":[70,70,70,70,70,70,70,70,70,70,70,70,70,70,70,70,70,70,70,76,76,76,76,76,76,76,76,82,82,82,82,82,82,82,82,78,78,78,78,78,78,78,78,78,78,78,78,84,84,84],"card_choices":[{"not_picked":["Poisoned Stab","Acrobatics"],"picked":"Backstab","floor":0},{"not_picked":["Eviscerate","Acrobatics"],"picked":"Poisoned Stab","floor":1},{"not_picked":["Finisher","Acrobatics"],"picked":"Leg Sweep","floor":4},{"not_picked":["Blade Dance","Dagger Throw"],"picked":"Terror","floor":7},{"not_picked":["Slice","Escape Plan"],"picked":"Deflect","floor":8},{"not_picked":["Dagger Throw","Outmaneuver"],"picked":"Heel Hook","floor":11},{"not_picked":["Bullet Time","Blade Dance"],"picked":"Noxious Fumes","floor":14},{"not_picked":["Glass Knife","Venomology"],"picked":"Wraith Form v2","floor":16},{"not_picked":["Terror"],"picked":"SKIP","floor":21},{"not_picked":["Outmaneuver"],"picked":"SKIP","floor":24},{"not_picked":["Masterful Stab"],"picked":"SKIP","floor":31},{"not_picked":[],"picked":"Tools of the Trade","floor":33},{"not_picked":[],"picked":"Deflect+1","floor":35},{"not_picked":[],"picked":"Backflip+1","floor":37},{"not_picked":[],"picked":"Thinking Ahead","floor":38},{"not_picked":[],"picked":"Deadly Poison+1","floor":39},{"not_picked":[],"picked":"Backflip+1","floor":41},{"not_picked":[],"picked":"Quick Slash+1","floor":47},{"not_picked":["Prepared+1"],"picked":"SKIP","floor":48}],"player_experience":537662,"relics_obtained":[{"floor":9,"key":"Gremlin Horn"},{"floor":14,"key":"Darkstone Periapt"},{"floor":26,"key":"Vajra"},{"floor":28,"key":"Necronomicon"},{"floor":43,"key":"The Courier"},{"floor":45,"key":"Old Coin"},{"floor":47,"key":"Unceasing Top"}],"event_choices":[{"damage_healed":0,"gold_gain":75,"player_choice":"Gather Gold","damage_taken":11,"max_hp_gain":0,"max_hp_loss":0,"event_name":"World of Goop","floor":2,"gold_loss":0},{"damage_healed":23,"gold_gain":0,"player_choice":"Banana","damage_taken":0,"max_hp_gain":0,"max_hp_loss":0,"event_name":"Big Fish","floor":3,"gold_loss":0},{"cards_removed":["Strike_G"],"damage_healed":0,"gold_gain":0,"player_choice":"Card Removal","damage_taken":7,"max_hp_gain":0,"max_hp_loss":0,"event_name":"Golden Wing","floor":5,"gold_loss":0},{"damage_healed":0,"gold_gain":0,"player_choice":"Stole Relic","damage_taken":0,"relics_obtained":["Potion Belt"],"max_hp_gain":0,"max_hp_loss":0,"event_name":"Addict","floor":20,"gold_loss":0,"cards_obtained":["Shame"]},{"damage_healed":0,"gold_gain":99,"player_choice":"Stole From Cult","damage_taken":0,"max_hp_gain":0,"max_hp_loss":0,"event_name":"Nest","floor":22,"gold_loss":0},{"damage_healed":0,"gold_gain":0,"player_choice":"Obtained Book","damage_taken":16,"max_hp_gain":0,"max_hp_loss":0,"event_name":"Cursed Tome","floor":28,"gold_loss":0},{"damage_healed":0,"gold_gain":0,"player_choice":"1 cards matched","damage_taken":0,"max_hp_gain":0,"max_hp_loss":0,"event_name":"Match and Keep!","floor":29,"gold_loss":0,"cards_obtained":["Skewer"]},{"damage_healed":0,"gold_gain":0,"player_choice":"Max HP","damage_taken":0,"max_hp_gain":0,"max_hp_loss":4,"event_name":"Winding Halls","floor":36,"gold_loss":0},{"damage_healed":0,"gold_gain":0,"player_choice":"Memory 1","damage_taken":0,"max_hp_gain":0,"max_hp_loss":0,"event_name":"SensoryStone","floor":38,"gold_loss":0},{"damage_healed":0,"gold_gain":0,"player_choice":"Paid","damage_taken":0,"relics_obtained":["Red Mask"],"max_hp_gain":0,"max_hp_loss":0,"event_name":"Tomb of Lord Red Mask","floor":44,"gold_loss":180},{"damage_healed":0,"gold_gain":0,"player_choice":"Fight","damage_taken":0,"max_hp_gain":0,"max_hp_loss":0,"event_name":"Mysterious Sphere","floor":45,"gold_loss":0},{"damage_healed":0,"gold_gain":0,"player_choice":"Fight","damage_taken":0,"max_hp_gain":0,"max_hp_loss":0,"event_name":"MindBloom","floor":47,"gold_loss":0}],"is_beta":false,"boss_relics":[{"not_picked":["Black Star","Runic Dome"],"picked":"Busted Crown"},{"not_picked":["Tiny House","Ring of the Serpent"],"picked":"Fusion Hammer"}],"items_purged_floors":[10,19,27],"is_endless":false,"potions_floor_spawned":[1,4,7,16,18,24,31,37,41,45,48],"ascension_level":9}