{"gold_per_floor":[214,0,20,20,36,36,50,75,75,106,120,120,120,130,130,233,233,253,8,21,21,34,69,69,81,81,81,81,95,10,30,30,132,132,144,244,244,257,0,20,55,121,157,169,129,173,199,221,233,245],"floor_reached":50,"playtime":6883,"items_purged":["Strike_R","Strike_R"],"score":609,"play_id":"6d1dc82a-0f33-4ce3-9b7f-2059a17c4819","local_time":"20181122200207","is_ascension_mode":false,"campfire_choices":[{"data":"Bash","floor":6,"key":"SMITH"},{"data":"Armaments","floor":15,"key":"SMITH"},{"data":"Impervious","floor":24,"key":"SMITH"},{"data":"Demon Form","floor":28,"key":"SMITH"},{"data":"Armaments","floor":32,"key":"SMITH"},{"floor":44,"key":"REST"},{"floor":49,"key":"REST"}],"neow_cost":"NONE","seed_source_timestamp":411807536718711,"circlet_count":0,"master_deck":["Defend_R","Defend_R","Defend_R","Defend_R","Bash+1","Cleave","Demon Form+1","Armaments+1","Iron Wave","Pommel Strike","Disarm","Battle Trance","Ghostly Armor","Armaments+1","Dropkick+1","Impervious+1","Twin Strike+1","Inflame+1","Power Through","Shrug It Off","Whirlwind+1","Bite+1","Bite+1","Bite+1","Bite+1","Bite+1","Flex+1","Exhume","Iron Wave+1","Battle Trance+1","Flame Barrier","Heavy Blade+1","Carnage+1","Pummel+1","Limit Break","Headbutt+1","Flex+1"],"relics":["Burning Blood","Omamori","Molten Egg 2","Velvet Choker","Anchor","MutagenicStrength","Sundial","PreservedInsect","Nunchaku","Fusion Hammer","Ginger","Red Mask","MawBank","WingedGreaves","Centennial Puzzle","The Courier","Regal Pillow"],"potions_floor_usage":[10,18,22,23,23,23,33,40,42,48,50],"damage_taken":[{"damage":2,"enemies":"2 Louse","floor":1,"turns":4},{"damage":1,"enemies":"Cultist","floor":3,"turns":4},{"damage":3,"enemies":"Jaw Worm","floor":5,"turns":4},{"damage":7,"enemies":"Looter","floor":7,"turns":5},{"damage":6,"enemies":"Lagavulin","floor":8,"turns":7},{"damage":19,"enemies":"Gremlin Nob","floor":10,"turns":5},{"damage":8,"enemies":"Red Slaver","floor":11,"turns":6},{"damage":19,"enemies":"3 Louse","floor":14,"turns":5},{"damage":35,"enemies":"The Guardian","floor":16,"turns":12},{"damage":30,"enemies":"3 Byrds","floor":18,"turns":8},{"damage":8,"enemies":"2 Thieves","floor":20,"turns":5},{"damage":6,"enemies":"Centurion and Healer","floor":22,"turns":5},{"damage":2,"enemies":"Gremlin Leader","floor":23,"turns":5},{"damage":14,"enemies":"Snecko","floor":25,"turns":5},{"damage":3,"enemies":"Shelled Parasite and Fungi","floor":29,"turns":6},{"damage":14,"enemies":"Sentry and Sphere","floor":31,"turns":4},{"damage":53,"enemies":"Automaton","floor":33,"turns":10},{"damage":3,"enemies":"Orb Walker","floor":35,"turns":4},{"damage":0,"enemies":"Mind Bloom Boss Battle","floor":36,"turns":4},{"damage":13,"enemies":"3 Shapes","floor":38,"turns":5},{"damage":0,"enemies":"Transient","floor":40,"turns":5},{"damage":22,"enemies":"Reptomancer","floor":41,"turns":8},{"damage":30,"enemies":"2 Orb Walkers","floor":42,"turns":5},{"damage":40,"enemies":"Nemesis","floor":46,"turns":5},{"damage":0,"enemies":"Sphere and 2 Shapes","floor":47,"turns":4},{"damage":60,"enemies":"Writhing Mass","floor":48,"turns":6},{"damage":69,"enemies":"Time Eater","floor":50,"turns":8}],"seed_played":"7058247929228936147","potions_obtained":[{"floor":1,"key":"GamblersBrew"},{"floor":5,"key":"FearPotion"},{"floor":7,"key":"Energy Potion"},{"floor":16,"key":"FearPotion"},{"floor":18,"key":"Energy Potion"},{"floor":22,"key":"Fire Potion"},{"floor":31,"key":"Block Potion"},{"floor":33,"key":"Poison Potion"},{"floor":36,"key":"PowerPotion"},{"floor":40,"key":"SpeedPotion"},{"floor":47,"key":"LiquidBronze"}],"is_trial":false,"path_per_floor":["M","$","M","?","M","R","M","E","T","E","M","?","?","M","R","B",null,"M","$","M","?","M","E","R","M","T","?","R","M","?","M","R","B",null,"M","?","?","M","?","M","E","?","T","R","?","E","M","M","R","B"],"character_chosen":"IRONCLAD","items_purchased":["Demon Form","Anchor"],"campfire_rested":2,"item_purchase_floors":[2,19],"current_hp_per_floor":[80,80,80,80,80,80,79,79,79,67,67,80,80,67,67,40,80,56,56,56,56,58,64,64,58,58,58,58,76,76,68,68,48,80,80,80,76,72,72,76,69,51,51,73,73,45,57,15,52,0],"gold":245,"neow_bonus":"HUNDRED_GOLD","is_prod":false,"is_daily":false,"chose_seed":false,"campfire_upgraded":5,"win_rate":0,"timestamp":1542913327,"path_taken":["M","$","M","?","M","R","?","E","T","E","M","?","?","?","R","BOSS","M","$","M","?","M","E","R","M","T","?","R","M","?","M","R","BOSS","M","?","?","M","?","M","E","?","T","R","?","E","M","?","R","BOSS"],"build_version":"2018-11-15","purchased_purges":2,"victory":false,"max_hp_per_floor":[80,80,80,80,80,80,80,80,80,80,80,80,80,80,80,80,80,80,80,80,80,80,80,80,80,80,80,80,80,80,80,80,80,80,80,80,76,76,76,76,76,76,76,76,76,76,76,76,76,76],"card_choices":[{"not_picked":["Reckless Charge","Headbutt"],"picked":"Cleave","floor":1},{"not_picked":["Bloodletting","Clothesline"],"picked":"Armaments","floor":3},{"not_picked":["Sword Boomerang","Headbutt"],"picked":"Pommel Strike","floor":5},{"not_picked":["Immolate","True Grit"],"picked":"Disarm","floor":7},{"not_picked":["Clash","Immolate"],"picked":"Battle Trance","floor":8},{"not_picked":["Sword Boomerang","Fiend Fire"],"picked":"Ghostly Armor","floor":10},{"not_picked":["Flex","Headbutt+1"],"picked":"Armaments","floor":11},{"not_picked":["Clash+1","Clothesline+1"],"picked":"Dropkick+1","floor":14},{"not_picked":["Double Tap","Brutality"],"picked":"Impervious","floor":16},{"not_picked":["Warcry+1","Infernal Blade"],"picked":"Twin Strike+1","floor":18},{"not_picked":["Feel No Pain+1","Thunderclap+1"],"picked":"Inflame+1","floor":20},{"not_picked":["Wild Strike+1","Clash+1"],"picked":"Power Through","floor":22},{"not_picked":["Feed+1","Armaments"],"picked":"Shrug It Off","floor":23},{"not_picked":["Twin Strike+1","Rampage+1"],"picked":"Whirlwind+1","floor":25},{"not_picked":["Pommel Strike+1","Headbutt+1"],"picked":"Flex+1","floor":29},{"not_picked":["Perfected Strike+1","Wild Strike+1","True Grit"],"picked":"SKIP","floor":31},{"not_picked":["Fiend Fire+1","Immolate+1"],"picked":"Exhume","floor":33},{"not_picked":["Armaments","Havoc+1"],"picked":"Iron Wave+1","floor":35},{"not_picked":["Whirlwind+1","Blood for Blood+1"],"picked":"Battle Trance+1","floor":36},{"not_picked":["Havoc+1","Clash+1"],"picked":"Flame Barrier","floor":38},{"not_picked":["Wild Strike+1","Clash+1"],"picked":"Heavy Blade+1","floor":40},{"not_picked":["Feed+1","Hemokinesis+1"],"picked":"Carnage+1","floor":41},{"not_picked":["Perfected Strike+1","Power Through"],"picked":"Pummel+1","floor":42},{"not_picked":["Twin Strike+1","Pommel Strike+1"],"picked":"Limit Break","floor":46},{"not_picked":["Armaments","Warcry+1"],"picked":"Headbutt+1","floor":47},{"not_picked":["Thunderclap+1","Havoc"],"picked":"Flex+1","floor":48}],"player_experience":324448,"relics_obtained":[{"floor":8,"key":"Blood Vial"},{"floor":9,"key":"Omamori"},{"floor":10,"key":"Molten Egg 2"},{"floor":23,"key":"Sundial"},{"floor":26,"key":"PreservedInsect"},{"floor":36,"key":"Ginger"},{"floor":41,"key":"MawBank"},{"floor":42,"key":"WingedGreaves"},{"floor":43,"key":"Centennial Puzzle"},{"floor":46,"key":"Regal Pillow"}],"event_choices":[{"cards_removed":["Strike_R"],"damage_healed":0,"gold_gain":0,"player_choice":"Took Card","damage_taken":0,"max_hp_gain":0,"max_hp_loss":0,"event_name":"NoteForYourself","floor":4,"gold_loss":0,"cards_obtained":["Iron Wave"]},{"damage_healed":26,"gold_gain":0,"player_choice":"Banana","damage_taken":0,"max_hp_gain":0,"max_hp_loss":0,"event_name":"Big Fish","floor":12,"gold_loss":0},{"cards_removed":["Strike_R"],"damage_healed":0,"gold_gain":0,"player_choice":"Purged","damage_taken":0,"max_hp_gain":0,"max_hp_loss":0,"event_name":"Purifier","floor":13,"gold_loss":0},{"damage_healed":0,"gold_gain":0,"player_choice":"Inject Mutagens","damage_taken":0,"relics_obtained":["MutagenicStrength"],"max_hp_gain":0,"max_hp_loss":0,"event_name":"Drug Dealer","floor":21,"gold_loss":0},{"damage_healed":0,"gold_gain":0,"player_choice":"Became a vampire (Vial)","damage_taken":0,"max_hp_gain":0,"max_hp_loss":0,"event_name":"Vampires","floor":27,"relics_lost":["Blood Vial"],"gold_loss":0,"cards_obtained":["Bite","Bite","Bite","Bite","Bite"]},{"damage_healed":0,"gold_gain":0,"player_choice":"Obtained Relic","damage_taken":0,"relics_obtained":["Nunchaku"],"max_hp_gain":0,"max_hp_loss":0,"event_name":"Addict","floor":30,"gold_loss":85},{"damage_healed":0,"gold_gain":0,"player_choice":"Fight","damage_taken":0,"max_hp_gain":0,"max_hp_loss":0,"event_name":"MindBloom","floor":36,"gold_loss":0},{"damage_healed":0,"gold_gain":0,"player_choice":"Max HP","damage_taken":0,"max_hp_gain":0,"max_hp_loss":4,"event_name":"Winding Halls","floor":37,"gold_loss":0},{"damage_healed":0,"gold_gain":0,"player_choice":"Paid","damage_taken":0,"relics_obtained":["Red Mask"],"max_hp_gain":0,"max_hp_loss":0,"event_name":"Tomb of Lord Red Mask","floor":39,"gold_loss":257},{"damage_healed":0,"gold_gain":0,"player_choice":"Fight","damage_taken":0,"max_hp_gain":0,"max_hp_loss":0,"event_name":"Mysterious Sphere","floor":42,"gold_loss":0},{"damage_healed":0,"gold_gain":0,"player_choice":"Paid Gold","damage_taken":0,"relics_obtained":["The Courier"],"max_hp_gain":0,"max_hp_loss":0,"event_name":"WeMeetAgain","floor":45,"gold_loss":52}],"is_beta":false,"boss_relics":[{"not_picked":["Runic Pyramid","White Beast Statue"],"picked":"Velvet Choker"},{"not_picked":["Mark of Pain","Snecko Eye"],"picked":"Fusion Hammer"}],"items_purged_floors":[2,19],"is_endless":false,"potions_floor_spawned":[1,5,7,16,18,22,31,33,36,40,47],"killed_by":"Time Eater","ascension_level":0}