{"gold_per_floor":[116,116,135,149,74,104,104,122,147,165,195,35,69,88,88,191,191,204,204,219,69,84,116,116,147,171,201,1,1,29,44,44,142,142,161,176,194,194,416,416,442,442,442,472,485,485,94,174,174,174],"floor_reached":51,"playtime":4041,"items_purged":["Defend_R","Defend_R","Strike_R"],"score":856,"play_id":"a861edc1-5f61-4e68-aa65-1c8b70b76d34","local_time":"20190225060555","is_ascension_mode":true,"campfire_choices":[{"floor":7,"key":"REST"},{"floor":15,"key":"REST"},{"floor":24,"key":"REST"},{"data":"Heavy Blade","floor":29,"key":"SMITH"},{"floor":32,"key":"REST"},{"data":"Heavy Blade","floor":40,"key":"SMITH"},{"data":"Demon Form","floor":42,"key":"SMITH"},{"data":"Inflame","floor":49,"key":"SMITH"}],"neow_cost":"PERCENT_DAMAGE","seed_source_timestamp":29859579897816,"circlet_count":0,"master_deck":["Strike_R","Strike_R","Defend_R","Defend_R","Bash","Feed","Spot Weakness","Heavy Blade+1","Rage","Impervious","Whirlwind","Iron Wave","Cleave","Demon Form+1","Flex","Feed","Double Tap","Iron Wave","Heavy Blade+1","Clash","Pummel","Clash+1","Ghostly Armor","Inflame+1","Reaper","Twin Strike","Metallicize","Blind","The Bomb","Double Tap","Infernal Blade+1","Clothesline"],"relics":["Burning Blood","Centennial Puzzle","Happy Flower","Anchor","Bottled Flame","Sozu","PreservedInsect","Bag of Marbles","Regal Pillow","Red Mask","Chemical X","Mercury Hourglass","Busted Crown","Question Card","Singing Bowl","Bronze Scales","Shuriken","The Courier"],"potions_floor_usage":[6,13,16,18],"damage_taken":[{"damage":8,"enemies":"Jaw Worm","floor":1,"turns":4},{"damage":6,"enemies":"Cultist","floor":3,"turns":4},{"damage":15,"enemies":"Small Slimes","floor":4,"turns":3},{"damage":7,"enemies":"Gremlin Nob","floor":6,"turns":3},{"damage":11,"enemies":"Exordium Thugs","floor":8,"turns":4},{"damage":12,"enemies":"2 Fungi Beasts","floor":10,"turns":2},{"damage":17,"enemies":"3 Sentries","floor":11,"turns":5},{"damage":29,"enemies":"Gremlin Nob","floor":13,"turns":4},{"damage":4,"enemies":"3 Louse","floor":14,"turns":2},{"damage":44,"enemies":"Hexaghost","floor":16,"turns":8},{"damage":22,"enemies":"Shell Parasite","floor":18,"turns":5},{"damage":3,"enemies":"2 Thieves","floor":20,"turns":4},{"damage":38,"enemies":"Shelled Parasite and Fungi","floor":22,"turns":6},{"damage":27,"enemies":"Gremlin Leader","floor":23,"turns":4},{"damage":19,"enemies":"Slavers","floor":25,"turns":2},{"damage":0,"enemies":"Masked Bandits","floor":27,"turns":2},{"damage":40,"enemies":"Gremlin Leader","floor":30,"turns":3},{"damage":8,"enemies":"Snecko","floor":31,"turns":3},{"damage":31,"enemies":"Collector","floor":33,"turns":7},{"damage":8,"enemies":"Orb Walker","floor":35,"turns":3},{"damage":0,"enemies":"3 Darklings","floor":36,"turns":3},{"damage":29,"enemies":"4 Shapes","floor":37,"turns":4},{"damage":9,"enemies":"Giant Head","floor":41,"turns":6},{"damage":27,"enemies":"Reptomancer","floor":44,"turns":3},{"damage":36,"enemies":"Writhing Mass","floor":45,"turns":3},{"damage":58,"enemies":"Donu and Deca","floor":50,"turns":5}],"seed_played":"-1925479997216730770","potions_obtained":[{"floor":4,"key":"Explosive Potion"},{"floor":6,"key":"Poison Potion"},{"floor":10,"key":"AttackPotion"},{"floor":16,"key":"Explosive Potion"}],"is_trial":false,"path_per_floor":["M","?","M","M","$","E","R","M","T","M","E","$","E","M","R","B",null,"M","?","M","$","M","E","R","E","T","?","$","R","E","M","R","B",null,"M","M","M","?","?","R","E","R","T","E","M","?","$","T","R","B",null],"character_chosen":"IRONCLAD","items_purchased":["Demon Form","Flex","Clash","Chemical X","Shuriken","Clothesline"],"campfire_rested":4,"item_purchase_floors":[12,12,21,28,47,47],"current_hp_per_floor":[57,57,60,51,51,53,79,74,74,71,63,63,40,42,70,32,95,82,82,91,91,62,41,73,60,60,69,69,69,35,33,81,56,110,108,110,90,85,85,85,82,82,82,61,36,103,103,103,103,51],"gold":174,"neow_bonus":"THREE_RARE_CARDS","is_prod":false,"is_daily":false,"chose_seed":false,"campfire_upgraded":4,"win_rate":0,"timestamp":1551092755,"path_taken":["M","?","M","M","$","E","R","M","T","M","E","?","E","M","R","BOSS","M","?","M","?","M","E","R","E","T","?","$","R","E","M","R","BOSS","M","M","M","?","?","R","E","R","T","E","M","?","$","?","R","BOSS"],"build_version":"2019-01-23","purchased_purges":3,"victory":true,"max_hp_per_floor":[83,83,86,86,86,89,89,89,89,92,95,95,95,95,95,95,95,98,98,104,104,107,107,107,107,107,110,110,110,110,110,110,110,110,110,110,113,113,113,113,113,113,113,113,118,103,103,103,103,103],"card_choices":[{"not_picked":["Barricade","Brutality"],"picked":"Feed","floor":0},{"not_picked":["Pommel Strike","Clothesline"],"picked":"Spot Weakness","floor":1},{"not_picked":["Fire Breathing","Wild Strike"],"picked":"Heavy Blade","floor":3},{"not_picked":["Fire Breathing","True Grit"],"picked":"Rage","floor":4},{"not_picked":["Perfected Strike","Pommel Strike"],"picked":"Impervious","floor":6},{"not_picked":["Blood for Blood","Rupture"],"picked":"Whirlwind","floor":8},{"not_picked":["Warcry","Clothesline"],"picked":"Iron Wave","floor":10},{"not_picked":["Wild Strike","Fiend Fire"],"picked":"Cleave","floor":11},{"not_picked":["Sword Boomerang","Headbutt","Wild Strike"],"picked":"SKIP","floor":13},{"not_picked":["Perfected Strike","Shrug It Off"],"picked":"Feed","floor":14},{"not_picked":["Impervious","Exhume"],"picked":"Double Tap","floor":16},{"not_picked":["Second Wind+1","Seeing Red+1"],"picked":"Iron Wave","floor":18},{"not_picked":["True Grit","Carnage"],"picked":"Heavy Blade","floor":20},{"not_picked":["Perfected Strike","Whirlwind+1"],"picked":"Pummel","floor":22},{"not_picked":["Feel No Pain","Whirlwind","Clothesline+1"],"picked":"SKIP","floor":23},{"not_picked":["Feel No Pain","Whirlwind","Clothesline+1"],"picked":"SKIP","floor":23},{"not_picked":["Havoc","Uppercut"],"picked":"Clash+1","floor":25},{"not_picked":["Second Wind","Wild Strike"],"picked":"Ghostly Armor","floor":27},{"not_picked":["Body Slam","Bloodletting","Perfected Strike+1"],"picked":"SKIP","floor":30},{"not_picked":["Pommel Strike","Iron Wave+1"],"picked":"Inflame","floor":31},{"not_picked":["Feed","Immolate"],"picked":"Reaper","floor":33},{"not_picked":["True Grit"],"picked":"SKIP","floor":35},{"not_picked":[],"picked":"Twin Strike","floor":36},{"not_picked":[],"picked":"Metallicize","floor":37},{"not_picked":[],"picked":"Blind","floor":38},{"not_picked":[],"picked":"The Bomb","floor":38},{"not_picked":[],"picked":"Double Tap","floor":41},{"not_picked":["Feel No Pain+1"],"picked":"Infernal Blade+1","floor":44},{"not_picked":["Warcry","Perfected Strike+1"],"picked":"Singing Bowl","floor":45}],"player_experience":459249,"relics_obtained":[{"floor":6,"key":"Centennial Puzzle"},{"floor":9,"key":"Happy Flower"},{"floor":11,"key":"Anchor"},{"floor":13,"key":"Bottled Flame"},{"floor":23,"key":"PreservedInsect"},{"floor":25,"key":"Bag of Marbles"},{"floor":26,"key":"Regal Pillow"},{"floor":27,"key":"Red Mask"},{"floor":30,"key":"Mercury Hourglass"},{"floor":41,"key":"Question Card"},{"floor":43,"key":"Singing Bowl"},{"floor":44,"key":"Bronze Scales"},{"floor":48,"key":"The Courier"}],"event_choices":[{"cards_removed":["Strike_R"],"damage_healed":0,"gold_gain":0,"player_choice":"Offered Basic","damage_taken":0,"max_hp_gain":0,"max_hp_loss":0,"event_name":"Bonfire Elementals","floor":2,"gold_loss":0},{"cards_removed":["Strike_R"],"damage_healed":0,"gold_gain":0,"player_choice":"Purged","damage_taken":0,"max_hp_gain":0,"max_hp_loss":0,"event_name":"Purifier","floor":19,"gold_loss":0},{"damage_healed":0,"gold_gain":0,"player_choice":"Fought Bandits","damage_taken":0,"max_hp_gain":0,"max_hp_loss":0,"event_name":"Masked Bandits","floor":27,"gold_loss":0},{"damage_healed":0,"gold_gain":0,"player_choice":"Memory 2","damage_taken":5,"max_hp_gain":0,"max_hp_loss":0,"event_name":"SensoryStone","floor":38,"gold_loss":0},{"damage_healed":0,"gold_gain":222,"player_choice":"Wore Mask","damage_taken":0,"max_hp_gain":0,"max_hp_loss":0,"event_name":"Tomb of Lord Red Mask","floor":39,"gold_loss":0},{"damage_healed":103,"gold_gain":0,"player_choice":"Heal","damage_taken":0,"max_hp_gain":0,"max_hp_loss":15,"event_name":"The Moai Head","floor":46,"gold_loss":0}],"is_beta":false,"boss_relics":[{"not_picked":["Runic Cube","Astrolabe"],"picked":"Sozu"},{"not_picked":["Cursed Key","Velvet Choker"],"picked":"Busted Crown"}],"items_purged_floors":[5,21,47],"is_endless":false,"potions_floor_spawned":[4,6,10,16,18,20,22,27,35,36,41],"ascension_level":2}