{"gold_per_floor":[111,122,135,210,210,210,243,243,243,277,297,315,72,83,83,178,178,198,54,72,72,82,82],"floor_reached":23,"playtime":1868,"items_purged":[],"score":233,"play_id":"cf7f6c60-4dbd-4558-81fa-a4f77bd6b2b0","local_time":"20190227145126","is_ascension_mode":true,"campfire_choices":[{"data":"Iron Wave","floor":6.0,"key":"SMITH"},{"data":"Clash","floor":8.0,"key":"SMITH"},{"floor":15,"key":"REST"}],"neow_cost":"NONE","seed_source_timestamp":0,"circlet_count":0,"master_deck":["Strike_R","Strike_R","Strike_R","Strike_R","Strike_R","Defend_R","Defend_R","Defend_R","Defend_R","Bash","Bludgeon+1","Clash+1","Iron Wave+1","Dual Wield","Pummel","Searing Blow","Twin Strike","Clothesline","Pommel Strike","Feed","Clash","Sever Soul+1"],"special_seed":0,"relics":["Burning Blood","Pocketwatch","Turnip","Mummified Hand","Sundial","Black Star","Vajra","SsserpentHead"],"potions_floor_usage":[16,16,23],"damage_taken":[{"damage":4.0,"enemies":"Small Slimes","floor":1.0,"turns":2.0},{"damage":0.0,"enemies":"2 Louse","floor":2.0,"turns":2.0},{"damage":1.0,"enemies":"Cultist","floor":3.0,"turns":3.0},{"damage":18.0,"enemies":"Lagavulin","floor":7.0,"turns":4.0},{"damage":20.0,"enemies":"3 Sentries","floor":10.0,"turns":6.0},{"damage":12.0,"enemies":"Exordium Wildlife","floor":11.0,"turns":2.0},{"damage":4.0,"enemies":"Lots of Slimes","floor":12.0,"turns":5.0},{"damage":13,"enemies":"Gremlin Gang","floor":14,"turns":5},{"damage":37,"enemies":"Hexaghost","floor":16,"turns":8},{"damage":17,"enemies":"3 Byrds","floor":18,"turns":6},{"damage":7,"enemies":"Chosen","floor":20,"turns":3},{"damage":50,"enemies":"Shelled Parasite and Fungi","floor":22,"turns":5},{"damage":34,"enemies":"Book of Stabbing","floor":23,"turns":3}],"seed_played":"-498874869798780290","potions_obtained":[{"floor":1.0,"key":"Weak Potion"},{"floor":12.0,"key":"Poison Potion"},{"floor":14,"key":"FearPotion"},{"floor":18,"key":"LiquidBronze"},{"floor":22,"key":"SpeedPotion"}],"is_trial":false,"path_per_floor":["M","M","M","?","?","R","E","R","T","E","M","M","$","M","R","B",null,"M","$","M","?","M","E"],"character_chosen":"IRONCLAD","items_purchased":["Sundial","Vajra"],"campfire_rested":1,"item_purchase_floors":[13,19],"current_hp_per_floor":[80,80,80,69,69,69,57,57,57,43,37,39,39,32,56,25,80,72,72,71,71,30,0],"gold":82,"neow_bonus":"ONE_RANDOM_RARE_CARD","is_prod":false,"is_daily":false,"chose_seed":false,"campfire_upgraded":2,"win_rate":0,"timestamp":1551297086,"path_taken":["M","M","M","?","?","R","E","R","T","E","M","?","$","M","R","BOSS","M","$","M","?","M","E"],"build_version":"2019-01-23","purchased_purges":0,"victory":false,"max_hp_per_floor":[80,80,80,80,80,80,80,80,80,80,80,80,80,80,80,80,80,83,83,83,83,86,86],"card_choices":[{"not_picked":["Havoc","Armaments"],"picked":"Clash","floor":1.0},{"not_picked":["Dual Wield","Shrug It Off"],"picked":"Iron Wave","floor":2.0},{"not_picked":["Thunderclap","Battle Trance"],"picked":"Dual Wield","floor":3.0},{"not_picked":["Immolate","Wild Strike"],"picked":"Pummel","floor":7.0},{"not_picked":["Thunderclap","Shrug It Off"],"picked":"Searing Blow","floor":10.0},{"not_picked":["Wild Strike","Havoc"],"picked":"Twin Strike","floor":11.0},{"not_picked":["Warcry","Armaments"],"picked":"Clothesline","floor":12.0},{"not_picked":["Corruption","Headbutt"],"picked":"Pommel Strike","floor":14},{"not_picked":["Berserk","Bludgeon"],"picked":"Feed","floor":16},{"not_picked":["Havoc","Ghostly Armor"],"picked":"Clash","floor":18},{"not_picked":["Heavy Blade","Shrug It Off"],"picked":"Sever Soul+1","floor":20},{"not_picked":["Body Slam+1","Brutality","Dual Wield"],"picked":"SKIP","floor":22}],"player_experience":491662,"relics_obtained":[{"floor":7.0,"key":"Pocketwatch"},{"floor":9.0,"key":"Turnip"},{"floor":10.0,"key":"Mummified Hand"}],"event_choices":[{"damage_healed":0.0,"max_hp_gain":0.0,"max_hp_loss":0.0,"gold_gain":75.0,"event_name":"World of Goop","player_choice":"Gather Gold","floor":4.0,"gold_loss":0.0,"damage_taken":11.0},{"damage_healed":0.0,"max_hp_gain":0.0,"max_hp_loss":0.0,"gold_gain":0.0,"event_name":"Accursed Blacksmith","player_choice":"Forge","floor":5.0,"gold_loss":0.0,"damage_taken":0.0,"cards_upgraded":["Bludgeon"]},{"damage_healed":0,"gold_gain":0,"player_choice":"Trade","damage_taken":0,"relics_obtained":["SsserpentHead"],"max_hp_gain":0,"max_hp_loss":0,"event_name":"FaceTrader","floor":21,"gold_loss":0}],"is_beta":false,"boss_relics":[{"not_picked":["Black Blood","Philosopher\u0027s Stone"],"picked":"Black Star"}],"items_purged_floors":[],"is_endless":false,"potions_floor_spawned":[1,12,14,18,22],"killed_by":"Book of Stabbing","ascension_level":3}