{"gold_per_floor":[16,29,29,40,50,50,50,60,60,60,93,106,106,131,131,233,233,248,265,265,285,285],"floor_reached":22,"playtime":3900,"items_purged":[],"score":396,"play_id":"3649fb95-1cc8-4a34-b2d5-51f20b5a1332","local_time":"20190116144114","is_ascension_mode":true,"campfire_choices":[{"data":"Buffer","floor":6,"key":"SMITH"},{"floor":13,"key":"REST"},{"data":"Streamline","floor":15,"key":"SMITH"}],"neow_cost":"NO_GOLD","seed_source_timestamp":116762913060126,"circlet_count":0,"master_deck":["Strike_B","Strike_B","Strike_B","Strike_B","Defend_B","Defend_B","Defend_B","Defend_B","Zap","Dualcast","Buffer+1","Capacitor","Streamline+1","Sweeping Beam","Auto Shields","Seek","Ball Lightning","Glacier","Creative AI+1","Recycle+1"],"relics":["Cracked Core","PreservedInsect","GremlinMask","Oddly Smooth Stone","Matryoshka","Fusion Hammer"],"potions_floor_usage":[],"damage_taken":[{"damage":0,"enemies":"Cultist","floor":1,"turns":3},{"damage":7,"enemies":"2 Louse","floor":2,"turns":3},{"damage":7,"enemies":"Jaw Worm","floor":4,"turns":4},{"damage":18,"enemies":"Exordium Thugs","floor":5,"turns":6},{"damage":8,"enemies":"Exordium Wildlife","floor":8,"turns":3},{"damage":10,"enemies":"3 Sentries","floor":11,"turns":8},{"damage":2,"enemies":"Blue Slaver","floor":12,"turns":4},{"damage":0,"enemies":"Lagavulin","floor":14,"turns":8},{"damage":0,"enemies":"Slime Boss","floor":16,"turns":9},{"damage":0,"enemies":"Chosen","floor":18,"turns":5},{"damage":8,"enemies":"Spheric Guardian","floor":19,"turns":6},{"damage":52,"enemies":"3 Cultists","floor":21,"turns":7},{"damage":11,"enemies":"Sentry and Sphere","floor":22,"turns":3}],"seed_played":"8881261931399693778","potions_obtained":[{"floor":1,"key":"Swift Potion"},{"floor":8,"key":"GamblersBrew"},{"floor":12,"key":"LiquidBronze"},{"floor":21,"key":"Weak Potion"}],"is_trial":false,"path_per_floor":["M","M","$","M","M","R","$","M","T","?","E","M","R","E","R","B",null,"M","M","?","M","M"],"character_chosen":"DEFECT","items_purchased":[],"campfire_rested":1,"item_purchase_floors":[],"current_hp_per_floor":[68,61,61,54,36,36,36,28,28,28,18,16,38,38,38,38,66,66,58,58,6,0],"gold":285,"neow_bonus":"THREE_RARE_CARDS","is_prod":false,"is_daily":false,"chose_seed":false,"campfire_upgraded":2,"win_rate":0,"timestamp":1547671274,"path_taken":["M","M","?","M","M","R","$","M","T","?","E","M","R","E","R","BOSS","M","M","?","M","M"],"build_version":"2019-01-10","purchased_purges":0,"victory":false,"max_hp_per_floor":[75,75,75,75,75,75,75,75,75,75,75,75,75,75,75,75,75,75,75,75,75,75],"card_choices":[{"not_picked":["Seek","Hyperbeam"],"picked":"Buffer","floor":0},{"not_picked":["Blizzard","Beam Cell","Hologram"],"picked":"SKIP","floor":1},{"not_picked":["Redo","Lockon"],"picked":"Capacitor","floor":2},{"not_picked":["Rebound","Fission"],"picked":"Streamline","floor":4},{"not_picked":["Barrage","Reprogram"],"picked":"Sweeping Beam","floor":5},{"not_picked":["Recycle","Compile Driver"],"picked":"Auto Shields","floor":8},{"not_picked":["Streamline","Coolheaded"],"picked":"Seek","floor":11},{"not_picked":["Rebound","Tempest"],"picked":"Ball Lightning","floor":12},{"not_picked":["Reinforced Body","Capacitor"],"picked":"Glacier","floor":14},{"not_picked":["Hyperbeam","Buffer"],"picked":"Creative AI","floor":16},{"not_picked":["Compile Driver","Ball Lightning","Force Field"],"picked":"SKIP","floor":18},{"not_picked":["Scrape","Genetic Algorithm+1"],"picked":"Recycle+1","floor":19},{"not_picked":["Compile Driver","Sweeping Beam","Loop"],"picked":"SKIP","floor":21}],"player_experience":657426,"relics_obtained":[{"floor":9,"key":"PreservedInsect"},{"floor":11,"key":"Oddly Smooth Stone"},{"floor":14,"key":"Matryoshka"}],"event_choices":[{"damage_healed":0,"gold_gain":0,"player_choice":"Trade","damage_taken":0,"relics_obtained":["GremlinMask"],"max_hp_gain":0,"max_hp_loss":0,"event_name":"FaceTrader","floor":10,"gold_loss":0},{"damage_healed":0,"gold_gain":0,"player_choice":"Upgraded","damage_taken":0,"max_hp_gain":0,"max_hp_loss":0,"event_name":"Upgrade Shrine","floor":20,"gold_loss":0,"cards_upgraded":["Creative AI"]}],"is_beta":false,"boss_relics":[{"not_picked":["Orrery","Nuclear Battery"],"picked":"Fusion Hammer"}],"items_purged_floors":[],"is_endless":false,"potions_floor_spawned":[1,8,12,21],"killed_by":"Sentry and Sphere","ascension_level":9}