{"gold_per_floor":[112,14,14,14,39,39,78,78,101,125,156,10,51,65,65,65],"floor_reached":16,"playtime":480,"items_purged":[],"score":236,"play_id":"70652ea3-8293-4877-8fca-5c8dd0a493c4","local_time":"20190228224124","is_ascension_mode":true,"campfire_choices":[{"data":"Armaments","floor":6,"key":"SMITH"},{"data":"Uppercut","floor":8,"key":"SMITH"},{"data":"Armaments","floor":15,"key":"SMITH"}],"neow_cost":"NONE","seed_source_timestamp":192468656798273,"circlet_count":0,"master_deck":["AscendersBane","Strike_R","Strike_R","Strike_R","Strike_R","Strike_R","Defend_R","Defend_R","Defend_R","Defend_R","Bash","Seeing Red","Uppercut+1","Shrug It Off","Armaments+1","Twin Strike","Corruption","Metallicize","Whirlwind","Feel No Pain","Shrug It Off","Armaments+1"],"relics":["Burning Blood","NeowsBlessing","Golden Idol","Orichalcum","Dream Catcher","Darkstone Periapt","Bag of Marbles"],"potions_floor_usage":[11,11],"damage_taken":[{"damage":0,"enemies":"Jaw Worm","floor":1,"turns":1},{"damage":0,"enemies":"Small Slimes","floor":5,"turns":1},{"damage":0,"enemies":"Lagavulin","floor":7,"turns":1},{"damage":0,"enemies":"Cultist","floor":10,"turns":3},{"damage":17,"enemies":"3 Sentries","floor":11,"turns":6},{"damage":16,"enemies":"Gremlin Nob","floor":13,"turns":6},{"damage":14,"enemies":"Looter","floor":14,"turns":4},{"damage":48,"enemies":"Hexaghost","floor":16,"turns":12}],"seed_played":"-2823061307362768763","potions_obtained":[{"floor":1,"key":"PowerPotion"},{"floor":5,"key":"AttackPotion"}],"is_trial":false,"path_per_floor":["M","$","?","?","M","R","E","R","T","M","E","$","E","M","R","B"],"character_chosen":"IRONCLAD","items_purchased":["Uppercut","Shrug It Off","Whirlwind","Feel No Pain"],"campfire_rested":0,"item_purchase_floors":[2,2,12,12],"current_hp_per_floor":[78,78,74,74,74,74,74,74,74,74,63,63,53,45,45,0],"gold":65,"neow_bonus":"THREE_ENEMY_KILL","is_prod":false,"is_daily":false,"chose_seed":false,"campfire_upgraded":3,"win_rate":0,"timestamp":1551390084,"path_taken":["M","$","?","?","M","R","E","R","T","M","E","$","E","M","R","BOSS"],"build_version":"2019-01-23","purchased_purges":0,"victory":false,"max_hp_per_floor":[80,80,74,74,74,74,74,74,74,74,74,74,74,74,74,74],"card_choices":[{"not_picked":["Sentinel","Perfected Strike"],"picked":"Seeing Red","floor":1},{"not_picked":["Thunderclap","Iron Wave"],"picked":"Armaments","floor":5},{"not_picked":["Warcry","Combust"],"picked":"Twin Strike","floor":7},{"not_picked":["Flex","Armaments"],"picked":"Corruption","floor":10},{"not_picked":["Body Slam","Rupture"],"picked":"Metallicize","floor":11},{"not_picked":["Dual Wield","Combust"],"picked":"Shrug It Off","floor":13},{"not_picked":["Wild Strike","Twin Strike"],"picked":"Armaments","floor":14}],"player_experience":791072,"relics_obtained":[{"floor":7,"key":"Orichalcum"},{"floor":9,"key":"Dream Catcher"},{"floor":11,"key":"Darkstone Periapt"},{"floor":13,"key":"Bag of Marbles"}],"event_choices":[{"damage_healed":0,"gold_gain":0,"player_choice":"Lose Max HP","damage_taken":0,"relics_obtained":["Golden Idol"],"max_hp_gain":0,"max_hp_loss":6,"event_name":"Golden Idol","floor":3,"gold_loss":0},{"damage_healed":0,"gold_gain":0,"player_choice":"Ignored","damage_taken":0,"max_hp_gain":0,"max_hp_loss":0,"event_name":"Liars Game","floor":4,"gold_loss":0}],"is_beta":false,"boss_relics":[],"items_purged_floors":[],"is_endless":false,"potions_floor_spawned":[1,5],"killed_by":"Hexaghost","ascension_level":13}