{"gold_per_floor":[117,127,139,189,204,204,354,385,385,405,430,430,395,406,406,480,480,494,509,61,61,79,79,79],"floor_reached":24,"playtime":1601,"items_purged":["Strike_R"],"score":364,"play_id":"745dc74b-af2c-4cbd-bb01-6925d0750de0","local_time":"20190210152558","is_ascension_mode":true,"campfire_choices":[{"data":"Metallicize","floor":6,"key":"SMITH"},{"data":"Inflame","floor":15,"key":"SMITH"},{"floor":23,"key":"DIG"}],"neow_cost":"NONE","seed_source_timestamp":2671624556547157,"circlet_count":0,"master_deck":["AscendersBane","Strike_R","Defend_R","Defend_R","Defend_R","Defend_R","Bash+1","Metallicize+1","Armaments","Inflame+1","Fiend Fire","Anger","Exhume","Seeing Red+1","Bludgeon+1","Impervious+1","Uppercut","Metallicize","True Grit+1"],"relics":["Burning Blood","Ornamental Fan","Gremlin Horn","Astrolabe","Shovel","Blue Candle"],"potions_floor_usage":[8,11,16,16,22,24],"damage_taken":[{"damage":7,"enemies":"Jaw Worm","floor":1,"turns":3},{"damage":1,"enemies":"Cultist","floor":2,"turns":3},{"damage":13,"enemies":"Small Slimes","floor":3,"turns":4},{"damage":3,"enemies":"3 Louse","floor":5,"turns":4},{"damage":20,"enemies":"Gremlin Nob","floor":8,"turns":4},{"damage":10,"enemies":"2 Fungi Beasts","floor":10,"turns":4},{"damage":15,"enemies":"3 Sentries","floor":11,"turns":8},{"damage":8,"enemies":"Lots of Slimes","floor":14,"turns":4},{"damage":47,"enemies":"Hexaghost","floor":16,"turns":10},{"damage":15,"enemies":"3 Byrds","floor":18,"turns":7},{"damage":8,"enemies":"Chosen","floor":19,"turns":2},{"damage":7,"enemies":"Snecko","floor":22,"turns":5},{"damage":50,"enemies":"3 Cultists","floor":24,"turns":6}],"seed_played":"-4860937468851837951","potions_obtained":[{"floor":2,"key":"SteroidPotion"},{"floor":8,"key":"Block Potion"},{"floor":11,"key":"SpeedPotion"},{"floor":14,"key":"BloodPotion"},{"floor":16,"key":"Ancient Potion"},{"floor":19,"key":"AttackPotion"}],"is_trial":false,"path_per_floor":["M","M","M","?","M","R","?","E","T","M","E","?","?","M","R","B",null,"M","M","$","?","M","R","M"],"character_chosen":"IRONCLAD","items_purchased":["Shovel","Metallicize"],"campfire_rested":0,"item_purchase_floors":[20,20],"current_hp_per_floor":[67,72,65,58,61,61,61,47,47,43,34,34,52,50,50,16,60,51,49,49,49,48,48,0],"gold":79,"neow_bonus":"UPGRADE_CARD","is_prod":false,"is_daily":false,"chose_seed":false,"campfire_upgraded":2,"win_rate":0,"timestamp":1549830358,"path_taken":["M","M","M","?","?","R","?","E","T","M","E","?","?","M","R","BOSS","M","M","$","?","M","R","?"],"build_version":"2019-01-23","purchased_purges":1,"victory":false,"max_hp_per_floor":[75,75,75,75,75,75,75,75,75,75,75,75,75,75,75,75,75,75,75,75,75,75,75,75],"card_choices":[{"not_picked":["Warcry","Wild Strike"],"picked":"Metallicize","floor":1},{"not_picked":["Clash","Sever Soul","Rupture"],"picked":"SKIP","floor":2},{"not_picked":["Headbutt","Heavy Blade"],"picked":"Perfected Strike","floor":3},{"not_picked":["Flex","Rupture"],"picked":"Armaments","floor":5},{"not_picked":["Thunderclap","Sword Boomerang"],"picked":"Inflame","floor":8},{"not_picked":["Pommel Strike","Heavy Blade"],"picked":"Fiend Fire","floor":10},{"not_picked":["Wild Strike","Combust","Berserk"],"picked":"SKIP","floor":11},{"not_picked":["Twin Strike","Body Slam"],"picked":"Anger","floor":14},{"not_picked":["Impervious","Bludgeon"],"picked":"Exhume","floor":16},{"not_picked":["Wild Strike+1","Clash","Armaments"],"picked":"SKIP","floor":18},{"not_picked":["Clash+1","Pummel"],"picked":"Uppercut","floor":19},{"not_picked":["Ghostly Armor","Thunderclap"],"picked":"True Grit+1","floor":22}],"player_experience":547737,"relics_obtained":[{"floor":9,"key":"Ornamental Fan"},{"floor":11,"key":"Gremlin Horn"},{"floor":23,"key":"Blue Candle"}],"event_choices":[{"damage_healed":0,"gold_gain":50,"player_choice":"Touch","damage_taken":7,"max_hp_gain":0,"max_hp_loss":0,"event_name":"FaceTrader","floor":4,"gold_loss":0},{"damage_healed":0,"gold_gain":150,"player_choice":"AGREE","damage_taken":0,"max_hp_gain":0,"max_hp_loss":0,"event_name":"Liars Game","floor":7,"gold_loss":0,"cards_obtained":["Doubt"]},{"cards_removed":["Doubt"],"damage_healed":0,"gold_gain":0,"player_choice":"Forget","damage_taken":0,"max_hp_gain":0,"max_hp_loss":0,"event_name":"Living Wall","floor":12,"gold_loss":0},{"damage_healed":18,"gold_gain":0,"player_choice":"Healed","damage_taken":0,"max_hp_gain":0,"max_hp_loss":0,"event_name":"The Cleric","floor":13,"gold_loss":35},{"cards_removed":["Strike_R"],"damage_healed":0,"gold_gain":0,"player_choice":"Offered Basic","damage_taken":0,"max_hp_gain":0,"max_hp_loss":0,"event_name":"Bonfire Elementals","floor":21,"gold_loss":0}],"is_beta":false,"boss_relics":[{"not_picked":["Coffee Dripper","Runic Cube"],"picked":"Astrolabe"}],"items_purged_floors":[20],"is_endless":false,"potions_floor_spawned":[2,8,11,14,16,19],"killed_by":"3 Cultists","ascension_level":15}