{"gold_per_floor":[113,125,145,31,31,49,49,60,60,95,95,95,123,93,93,93],"floor_reached":16,"playtime":691,"items_purged":["Strike_G"],"score":110,"play_id":"97d19072-cb59-4b0a-81ba-e5f805ba06be","local_time":"20181107232110","is_ascension_mode":false,"campfire_choices":[{"floor":12,"key":"REST"},{"floor":15,"key":"REST"}],"neow_cost":"NONE","seed_source_timestamp":1821320064794632,"circlet_count":0,"master_deck":["Defend_G","Defend_G","Defend_G","Defend_G","Defend_G","Strike_G","Strike_G","Strike_G","Strike_G","Survivor","Neutralize","Bullet Time","Dagger Spray","Leg Sweep","Footwork","Slice","Flying Knee","Footwork"],"relics":["Ring of the Snake","Tough Bandages","StoneCalendar","Nunchaku","Question Card"],"potions_floor_usage":[13,16],"damage_taken":[{"damage":2,"enemies":"Cultist","floor":1,"turns":5},{"damage":3,"enemies":"Small Slimes","floor":2,"turns":4},{"damage":0,"enemies":"Jaw Worm","floor":3,"turns":3},{"damage":0,"enemies":"3 Louse","floor":6,"turns":3},{"damage":2,"enemies":"Large Slime","floor":8,"turns":11},{"damage":43,"enemies":"Gremlin Nob","floor":10,"turns":6},{"damage":9,"enemies":"3 Sentries","floor":13,"turns":7},{"damage":49,"enemies":"Slime Boss","floor":16,"turns":10}],"seed_played":"-2313504043777374262","potions_obtained":[{"floor":1,"key":"FairyPotion"},{"floor":10,"key":"Swift Potion"},{"floor":14,"key":"Strength Potion"},{"floor":14,"key":"LiquidBronze"}],"is_trial":false,"path_per_floor":["M","M","M","$","?","M","?","M","T","E","?","R","E","?","R","B"],"character_chosen":"THE_SILENT","items_purchased":["Footwork"],"campfire_rested":2,"item_purchase_floors":[4],"current_hp_per_floor":[68,65,65,65,65,65,53,51,51,8,8,29,20,20,41,0],"gold":93,"neow_bonus":"ONE_RANDOM_RARE_CARD","is_prod":false,"is_daily":false,"chose_seed":false,"campfire_upgraded":0,"win_rate":0,"timestamp":1541629270,"path_taken":["M","?","M","$","?","?","?","M","T","E","?","R","E","?","R","BOSS"],"build_version":"2018-11-01","purchased_purges":1,"victory":false,"max_hp_per_floor":[70,70,70,70,70,70,70,70,70,70,70,70,70,70,70,70],"card_choices":[{"not_picked":["Catalyst","Underhanded Strike","Bane"],"picked":"SKIP","floor":1},{"not_picked":["Prepared","Underhanded Strike"],"picked":"Dagger Spray","floor":2},{"not_picked":["Terror","Slice"],"picked":"Leg Sweep","floor":3},{"not_picked":["Blade Dance","Masterful Stab"],"picked":"Slice","floor":6},{"not_picked":["Underhanded Strike","Slice"],"picked":"Flying Knee","floor":8},{"not_picked":["Deadly Poison","Predator","PiercingWail"],"picked":"SKIP","floor":10},{"not_picked":["Endless Agony","Underhanded Strike"],"picked":"Footwork","floor":13}],"player_experience":279324,"relics_obtained":[{"floor":9,"key":"StoneCalendar"},{"floor":10,"key":"Nunchaku"},{"floor":13,"key":"Question Card"}],"event_choices":[{"damage_healed":0,"gold_gain":0,"player_choice":"Leave","damage_taken":0,"max_hp_gain":0,"max_hp_loss":0,"event_name":"FaceTrader","floor":5,"gold_loss":0},{"damage_healed":0,"gold_gain":0,"player_choice":"Success","damage_taken":12,"relics_obtained":["Tough Bandages"],"max_hp_gain":0,"max_hp_loss":0,"event_name":"Scrap Ooze","floor":7,"gold_loss":0},{"damage_healed":0,"gold_gain":0,"player_choice":"Ignored","damage_taken":0,"max_hp_gain":0,"max_hp_loss":0,"event_name":"Shining Light","floor":11,"gold_loss":0},{"damage_healed":0,"gold_gain":0,"player_choice":"Bought 2 Potions","damage_taken":0,"max_hp_gain":0,"max_hp_loss":0,"event_name":"The Woman in Blue","floor":14,"gold_loss":0}],"is_beta":false,"boss_relics":[],"items_purged_floors":[4],"is_endless":false,"potions_floor_spawned":[1,10],"killed_by":"Slime Boss","ascension_level":0}