{"gold_per_floor":[119,169,180,355,355,389,409,183,234,253,117,67,78,78,78,182,182,197,297,309,309,321,321,331,350,350,350,374,384,384,58,58,159,159,179,199,49,49,49],"floor_reached":39,"playtime":1854,"items_purged":["Strike_B","Defend_B","Strike_B","Strike_B"],"score":405,"play_id":"e27336b5-bcbb-4476-8c27-66366c3a0018","local_time":"20181012232732","is_ascension_mode":false,"campfire_choices":[{"data":"Conserve Battery","floor":15,"key":"SMITH"},{"data":"Self Repair","floor":23,"key":"SMITH"},{"data":"Buffer","floor":27,"key":"SMITH"},{"data":"Electrodynamics","floor":30,"key":"SMITH"},{"data":"Glacier","floor":32,"key":"SMITH"}],"neow_cost":"NONE","seed_source_timestamp":93384773738013,"circlet_count":0,"master_deck":["Strike_B","Defend_B","Defend_B","Zap+1","Dualcast","Conserve Battery+1","Glacier+1","Buffer+1","Chaos","Self Repair+1","Beam Cell","Electrodynamics+1","Darkness","Blizzard","Turbo","Chrysalis+1","Rainbow+1","Chill+1","Recycle+1"],"relics":["Cracked Core","NeowsBlessing","Orichalcum","Spirit Poop","Bag of Marbles","DataDisk","Anchor","Busted Crown","Nilry\u0027s Codex","Toxic Egg 2","Omamori","Fusion Hammer"],"potions_floor_usage":[16,16,29,39,39],"damage_taken":[{"damage":0,"enemies":"Cultist","floor":1,"turns":1},{"damage":0,"enemies":"2 Louse","floor":3,"turns":1},{"damage":0,"enemies":"Gremlin Nob","floor":6,"turns":1},{"damage":4,"enemies":"Small Slimes","floor":7,"turns":4},{"damage":0,"enemies":"Blue Slaver","floor":10,"turns":4},{"damage":0,"enemies":"Large Slime","floor":13,"turns":6},{"damage":6,"enemies":"The Guardian","floor":16,"turns":13},{"damage":0,"enemies":"Chosen","floor":18,"turns":4},{"damage":0,"enemies":"Shell Parasite","floor":20,"turns":6},{"damage":9,"enemies":"Snecko","floor":22,"turns":7},{"damage":8,"enemies":"Shelled Parasite and Fungi","floor":24,"turns":12},{"damage":5,"enemies":"Cultist and Chosen","floor":25,"turns":7},{"damage":5,"enemies":"3 Cultists","floor":29,"turns":5},{"damage":47,"enemies":"Champ","floor":33,"turns":13},{"damage":5,"enemies":"Orb Walker","floor":35,"turns":5},{"damage":0,"enemies":"3 Shapes","floor":36,"turns":5},{"damage":79,"enemies":"Donu and Deca","floor":39,"turns":11}],"seed_played":"-3209689984612834385","potions_obtained":[{"floor":6,"key":"Strength Potion"},{"floor":7,"key":"Fire Potion"},{"floor":10,"key":"Fire Potion"},{"floor":18,"key":"AttackPotion"},{"floor":22,"key":"SpeedPotion"},{"floor":33,"key":"SpeedPotion"},{"floor":36,"key":"AttackPotion"}],"is_trial":false,"path_per_floor":["M","T","M","?","?","E","M","$","T","M","$","?","M","?","R","B",null,"M","?","M","?","M","R","M","M","T","R","T","M","R","$","R","B",null,"M","M","$","?"],"character_chosen":"DEFECT","items_purchased":["DataDisk","Self Repair","Chrysalis+1"],"campfire_rested":0,"item_purchase_floors":[8,11,31],"current_hp_per_floor":[75,75,75,75,75,75,71,71,71,71,71,71,75,75,75,75,75,75,75,75,59,57,57,59,64,64,64,64,69,69,69,69,32,75,75,75,75,75,0],"gold":49,"neow_bonus":"THREE_ENEMY_KILL","is_prod":false,"is_daily":false,"chose_seed":false,"campfire_upgraded":5,"win_rate":0,"timestamp":1539379652,"path_taken":["M","?","M","?","?","E","M","$","T","M","$","?","?","?","R","BOSS","M","?","M","?","M","R","M","M","T","R","?","?","R","$","R","BOSS","M","M","$","?","BOSS"],"build_version":"2018-10-11","purchased_purges":4,"victory":false,"max_hp_per_floor":[75,75,75,75,75,75,75,75,75,75,75,75,75,75,75,75,75,75,75,75,75,75,75,75,75,75,75,75,75,75,75,75,75,75,75,75,75,75,75],"card_choices":[{"not_picked":["Leap","Darkness"],"picked":"Conserve Battery","floor":1},{"not_picked":["Hologram","Coolheaded"],"picked":"Glacier","floor":3},{"not_picked":["Sweeping Beam","Blizzard"],"picked":"Buffer","floor":6},{"not_picked":["Fusion","Streamline"],"picked":"Chaos","floor":7},{"not_picked":["Hologram","Ball Lightning","Consume"],"picked":"SKIP","floor":10},{"not_picked":["Barrage","Steam Power"],"picked":"Beam Cell","floor":13},{"not_picked":["Multi-Cast","Fission"],"picked":"Electrodynamics","floor":16},{"not_picked":[],"picked":"Darkness","floor":18},{"not_picked":["Barrage"],"picked":"SKIP","floor":20},{"not_picked":[],"picked":"Blizzard","floor":22},{"not_picked":["Lockon"],"picked":"SKIP","floor":24},{"not_picked":[],"picked":"Turbo","floor":25},{"not_picked":["Compile Driver"],"picked":"SKIP","floor":29},{"not_picked":[],"picked":"Rainbow+1","floor":33},{"not_picked":[],"picked":"Chill+1","floor":35},{"not_picked":[],"picked":"Recycle+1","floor":36}],"player_experience":206402,"relics_obtained":[{"floor":2,"key":"Orichalcum"},{"floor":6,"key":"Bag of Marbles"},{"floor":9,"key":"Anchor"},{"floor":21,"key":"Nilry\u0027s Codex"},{"floor":26,"key":"Toxic Egg 2"},{"floor":28,"key":"Omamori"}],"event_choices":[{"event_name":"Liars Game","player_choice":"agreed","floor":4,"damage_taken":0},{"event_name":"Bonfire Elementals","player_choice":"CURSE","floor":5,"damage_taken":0},{"event_name":"The Cleric","player_choice":"Card Removal","floor":12,"damage_taken":0},{"event_name":"Living Wall","player_choice":"Grow","floor":14,"damage_taken":0},{"event_name":"Golden Shrine","player_choice":"Pray","floor":19,"damage_taken":0},{"event_name":"Cursed Tome","player_choice":"Obtained Book","floor":21,"damage_taken":0},{"event_name":"SecretPortal","player_choice":"Took Portal.","floor":38,"damage_taken":0}],"is_beta":false,"boss_relics":[{"not_picked":["Runic Pyramid","White Beast Statue"],"picked":"Busted Crown"},{"not_picked":["Astrolabe","Snecko Eye"],"picked":"Fusion Hammer"}],"items_purged_floors":[8,11,31,37],"is_endless":false,"potions_floor_spawned":[6,7,10,13,18,22,25,33,35,36],"killed_by":"Donu and Deca","ascension_level":0}