{"gold_per_floor":[118,43,43,61,11,38,38,57,57,57,30,46,46,57,57,154,154,154],"floor_reached":18,"playtime":2064,"items_purged":["Normality"],"score":170,"play_id":"b7686de6-f2f7-4668-bc04-9923824eb095","local_time":"20190225133042","is_ascension_mode":true,"campfire_choices":[{"data":"Reflex","floor":7,"key":"SMITH"},{"data":"Tools of the Trade","floor":13,"key":"SMITH"},{"data":"Neutralize","floor":15,"key":"SMITH"}],"neow_cost":"CURSE","seed_source_timestamp":259266827046265,"circlet_count":0,"master_deck":["Defend_G","Defend_G","Defend_G","Defend_G+1","Defend_G+1","Strike_G","Strike_G","Strike_G","Strike_G","Survivor","Neutralize+1","Tools of the Trade+1","Reflex+1","Acrobatics","Storm of Steel","Pain","Shame","Clumsy"],"relics":["Ring of the Snake","Sundial","Smiling Mask","War Paint","Calling Bell","Oddly Smooth Stone","Kunai","Pocketwatch"],"potions_floor_usage":[6,11,16],"damage_taken":[{"damage":1,"enemies":"Cultist","floor":1,"turns":5},{"damage":5,"enemies":"Jaw Worm","floor":4,"turns":5},{"damage":33,"enemies":"3 Sentries","floor":6,"turns":18},{"damage":0,"enemies":"Small Slimes","floor":8,"turns":4},{"damage":9,"enemies":"Exordium Thugs","floor":11,"turns":5},{"damage":0,"enemies":"Lots of Slimes","floor":12,"turns":7},{"damage":0,"enemies":"Looter","floor":14,"turns":3},{"damage":23,"enemies":"The Guardian","floor":16,"turns":23},{"damage":0,"enemies":"2 Thieves","floor":18,"turns":1}],"seed_played":"-2285609998434559143","potions_obtained":[{"floor":1,"key":"Swift Potion"},{"floor":8,"key":"Weak Potion"},{"floor":11,"key":"Fire Potion"},{"floor":16,"key":"LiquidBronze"}],"is_trial":false,"path_per_floor":["M","$","?","M","?","E","R","M","T","?","M","M","R","M","R","B",null,"M"],"character_chosen":"THE_SILENT","items_purchased":[],"campfire_rested":0,"item_purchase_floors":[],"current_hp_per_floor":[69,69,66,61,61,28,28,28,28,51,42,42,42,42,42,19,70,70],"gold":154,"neow_bonus":"THREE_RARE_CARDS","is_prod":false,"is_daily":false,"chose_seed":false,"campfire_upgraded":3,"win_rate":0,"timestamp":1551119442,"path_taken":["M","$","?","M","?","E","R","M","T","?","M","?","R","M","R","BOSS","M"],"build_version":"2019-01-23","purchased_purges":1,"victory":false,"max_hp_per_floor":[70,70,70,70,70,70,70,70,70,70,70,70,70,70,70,70,70,70],"card_choices":[{"not_picked":["Die Die Die","Bullet Time"],"picked":"Tools of the Trade","floor":0},{"not_picked":["Heel Hook","Dodge and Roll","Deflect"],"picked":"SKIP","floor":1},{"not_picked":["Flying Knee","Dagger Throw"],"picked":"Reflex","floor":4},{"not_picked":["Bane","Backflip","Skewer"],"picked":"SKIP","floor":6},{"not_picked":["Well Laid Plans","Malaise","Poisoned Stab"],"picked":"SKIP","floor":8},{"not_picked":["Dagger Spray","Deadly Poison","Sucker Punch"],"picked":"SKIP","floor":11},{"not_picked":["Bane","Predator","Flying Knee"],"picked":"SKIP","floor":12},{"not_picked":["Bane","Deadly Poison"],"picked":"Acrobatics","floor":14},{"not_picked":["Die Die Die","Night Terror"],"picked":"Storm of Steel","floor":16}],"player_experience":217577,"relics_obtained":[{"floor":6,"key":"Smiling Mask"},{"floor":9,"key":"War Paint"},{"floor":17,"key":"Oddly Smooth Stone"},{"floor":17,"key":"Kunai"},{"floor":17,"key":"Pocketwatch"}],"event_choices":[{"damage_healed":0,"gold_gain":0,"player_choice":"Success","damage_taken":3,"relics_obtained":["Sundial"],"max_hp_gain":0,"max_hp_loss":0,"event_name":"Scrap Ooze","floor":3,"gold_loss":0},{"cards_removed":["Strike_G"],"damage_healed":0,"gold_gain":0,"player_choice":"Card Removal","damage_taken":0,"max_hp_gain":0,"max_hp_loss":0,"event_name":"The Cleric","floor":5,"gold_loss":50},{"damage_healed":23,"gold_gain":0,"player_choice":"Banana","damage_taken":0,"max_hp_gain":0,"max_hp_loss":0,"event_name":"Big Fish","floor":10,"gold_loss":0}],"is_beta":false,"boss_relics":[{"not_picked":["Snecko Eye","Cursed Key"],"picked":"Calling Bell"}],"items_purged_floors":[2],"is_endless":false,"potions_floor_spawned":[1,8,11,16],"killed_by":"2 Thieves","ascension_level":1}