{"gold_per_floor":[116,41,58,69,86,111,111,61,136,149,2,15,30,61,61,61],"floor_reached":16,"playtime":1276,"items_purged":["Clumsy"],"score":302,"play_id":"5250acde-01fd-4de1-8a00-502f0146ee6f","local_time":"20190129023737","is_ascension_mode":true,"campfire_choices":[{"floor":7,"key":"REST"},{"data":"Zap","floor":15,"key":"SMITH"}],"neow_cost":"CURSE","seed_source_timestamp":1199228258667329,"circlet_count":0,"master_deck":["AscendersBane","Strike_B","Strike_B","Strike_B","Defend_B","Defend_B","Defend_B","Defend_B","Zap+1","Dualcast","Conserve Battery","Ball Lightning","FTL","Glacier","FTL","Undo","Coolheaded"],"special_seed":0,"relics":["Cracked Core","Emotion Chip","Kunai","Omamori","Anchor"],"potions_floor_usage":[6,14,16],"damage_taken":[{"damage":12,"enemies":"Small Slimes","floor":1,"turns":3},{"damage":0,"enemies":"Jaw Worm","floor":3,"turns":5},{"damage":1,"enemies":"Cultist","floor":4,"turns":3},{"damage":9,"enemies":"Blue Slaver","floor":5,"turns":3},{"damage":19,"enemies":"Gremlin Nob","floor":6,"turns":4},{"damage":11,"enemies":"Large Slime","floor":10,"turns":4},{"damage":1,"enemies":"2 Fungi Beasts","floor":12,"turns":4},{"damage":0,"enemies":"Blue Slaver","floor":13,"turns":2},{"damage":0,"enemies":"Lagavulin","floor":14,"turns":6},{"damage":45,"enemies":"Slime Boss","floor":16,"turns":11}],"seed_played":"714464132423781291","potions_obtained":[{"floor":1,"key":"SpeedPotion"},{"floor":4,"key":"Block Potion"},{"floor":10,"key":"FearPotion"}],"is_trial":false,"path_per_floor":["M","$","M","M","M","E","R","?","T","M","$","M","M","E","R","B"],"character_chosen":"DEFECT","items_purchased":["Omamori"],"campfire_rested":1,"item_purchase_floors":[11],"current_hp_per_floor":[56,56,56,55,46,27,49,49,49,38,38,37,37,37,37,0],"gold":61,"neow_bonus":"THREE_RARE_CARDS","is_prod":false,"is_daily":false,"chose_seed":false,"campfire_upgraded":1,"win_rate":0,"timestamp":1548751057,"path_taken":["M","$","M","M","M","E","R","?","T","M","?","M","M","E","R","BOSS"],"build_version":"2019-01-23","purchased_purges":1,"victory":false,"max_hp_per_floor":[75,75,75,75,75,75,75,75,75,75,75,75,75,75,75,75],"card_choices":[{"not_picked":["All For One","Rainbow"],"picked":"Electrodynamics","floor":0.0},{"not_picked":["Recycle","Sweeping Beam"],"picked":"Conserve Battery","floor":1},{"not_picked":["Sunder","Static Discharge","Steam Power"],"picked":"SKIP","floor":3},{"not_picked":["Redo","Force Field"],"picked":"Ball Lightning","floor":4},{"not_picked":["Hologram","Steam"],"picked":"FTL","floor":5},{"not_picked":["Conserve Battery","Redo"],"picked":"Glacier","floor":6},{"not_picked":["Compile Driver","Gash","Barrage"],"picked":"SKIP","floor":10},{"not_picked":["Steam","Conserve Battery"],"picked":"FTL","floor":12},{"not_picked":["Conserve Battery","Hyperbeam"],"picked":"Undo","floor":13},{"not_picked":["Go for the Eyes","Ball Lightning"],"picked":"Coolheaded","floor":14}],"player_experience":914821,"relics_obtained":[{"floor":6,"key":"Emotion Chip"},{"floor":9,"key":"Kunai"},{"floor":14,"key":"Anchor"}],"event_choices":[{"cards_removed":["Strike_B"],"damage_healed":0,"gold_gain":0,"player_choice":"Card Removal","damage_taken":0,"max_hp_gain":0,"max_hp_loss":0,"event_name":"The Cleric","floor":8,"gold_loss":50}],"is_beta":false,"boss_relics":[],"items_purged_floors":[2],"is_endless":false,"potions_floor_spawned":[1,4,10,13],"killed_by":"Slime Boss","ascension_level":12}