{"gold_per_floor":[113,124,74,87,101,127,127,127,197,197,228,22,22,41,41,146,146,162,162,162,178,190,190,222,233,233,233],"floor_reached":27,"playtime":2476,"items_purged":[],"score":391,"play_id":"543f0df8-e7bb-407e-8e21-680594966fae","local_time":"20190105055004","is_ascension_mode":true,"campfire_choices":[{"data":"Redo","floor":7.0,"key":"SMITH"},{"data":"Zap","floor":13.0,"key":"SMITH"},{"data":"Dualcast","floor":15.0,"key":"SMITH"}],"neow_cost":"CURSE","seed_source_timestamp":1154526982440638,"circlet_count":0,"master_deck":["Strike_B","Strike_B","Defend_B","Defend_B","Defend_B","Defend_B","Zap+1","Dualcast+1","Darkness","Turbo","Go for the Eyes","Redo+1","Capacitor","Ball Lightning","Defragment+1","Recycle","Cold Snap+1","Writhe","Beam Cell"],"special_seed":0,"relics":["Cracked Core","Unceasing Top","Sundial","Pen Nib","Frozen Egg 2","Lee\u0027s Waffle","Eternal Feather","Boot","Happy Flower","Dream Catcher","Pear"],"potions_floor_usage":[],"damage_taken":[{"damage":1.0,"enemies":"Cultist","floor":1.0,"turns":4.0},{"damage":0.0,"enemies":"2 Louse","floor":2.0,"turns":3.0},{"damage":9.0,"enemies":"Jaw Worm","floor":4.0,"turns":2.0},{"damage":7.0,"enemies":"Looter","floor":5.0,"turns":3.0},{"damage":40.0,"enemies":"3 Sentries","floor":6.0,"turns":7.0},{"damage":37.0,"enemies":"Gremlin Nob","floor":11.0,"turns":4.0},{"damage":6.0,"enemies":"Blue Slaver","floor":14.0,"turns":2.0},{"damage":0.0,"enemies":"Slime Boss","floor":16.0,"turns":5.0},{"damage":0.0,"enemies":"3 Byrds","floor":18.0,"turns":2.0},{"damage":6.0,"enemies":"Spheric Guardian","floor":21.0,"turns":3.0},{"damage":13.0,"enemies":"Cultist and Chosen","floor":22.0,"turns":6.0},{"damage":37.0,"enemies":"Gremlin Leader","floor":24.0,"turns":9.0},{"damage":3.0,"enemies":"3 Cultists","floor":25.0,"turns":5.0},{"damage":19,"enemies":"Snake Plant","floor":27,"turns":1}],"seed_played":"-581313990065469223","potions_obtained":[{"floor":5.0,"key":"FairyPotion"},{"floor":6.0,"key":"SteroidPotion"},{"floor":11.0,"key":"GamblersBrew"},{"floor":14.0,"key":"Fire Potion"},{"floor":21.0,"key":"Fire Potion"},{"floor":24.0,"key":"GamblersBrew"}],"is_trial":false,"path_per_floor":["M","M","?","M","M","E","R","?","T","?","E","$","R","M","R","B",null,"M","?","?","M","M","?","E","M","T","M"],"character_chosen":"DEFECT","items_purchased":["Lee\u0027s Waffle"],"campfire_rested":0,"item_purchase_floors":[12],"current_hp_per_floor":[74,74,72,63,56,16,16,16,16,16,7,79,79,73,73,73,78,78,63,63,57,44,44,7,4,14,0],"gold":233,"neow_bonus":"TRANSFORM_TWO_CARDS","is_prod":false,"is_daily":false,"chose_seed":false,"campfire_upgraded":3,"win_rate":0,"timestamp":1546689004,"path_taken":["M","?","?","M","M","E","R","?","T","?","E","?","R","M","R","BOSS","M","?","?","M","?","?","E","M","T","M"],"build_version":"2019-01-03v4","purchased_purges":0,"victory":false,"max_hp_per_floor":[75,75,72,72,72,72,72,72,72,72,72,79,79,79,79,79,79,79,84,84,84,84,84,84,84,94,94],"card_choices":[{"not_picked":["Darkness","Beam Cell"],"picked":"Go for the Eyes","floor":1.0},{"not_picked":["Force Field","Streamline"],"picked":"Redo","floor":2.0},{"not_picked":["Static Discharge","Stack"],"picked":"Capacitor","floor":4.0},{"not_picked":["Steam","Capacitor"],"picked":"Ball Lightning","floor":5.0},{"not_picked":["Biased Cognition","Heatsinks","Streamline"],"picked":"SKIP","floor":6.0},{"not_picked":["Conserve Battery","Stack"],"picked":"Defragment","floor":11.0},{"not_picked":["Hello World+1","Turbo"],"picked":"Recycle","floor":14.0},{"not_picked":["Steam","Cold Snap","Steam Power+1"],"picked":"SKIP","floor":18.0},{"not_picked":["Chaos+1","Glacier"],"picked":"Cold Snap+1","floor":21.0},{"not_picked":["Leap+1","Rebound","Coolheaded"],"picked":"SKIP","floor":22.0},{"not_picked":["Steam","Capacitor+1","Cold Snap+1"],"picked":"SKIP","floor":24.0},{"not_picked":["Sweeping Beam","Turbo"],"picked":"Beam Cell","floor":25.0}],"player_experience":462147,"relics_obtained":[{"floor":6.0,"key":"Unceasing Top"},{"floor":9.0,"key":"Sundial"},{"floor":11.0,"key":"Frozen Egg 2"},{"floor":20.0,"key":"Boot"},{"floor":24.0,"key":"Dream Catcher"},{"floor":26.0,"key":"Pear"}],"event_choices":[{"cards_removed":["Parasite"],"damage_healed":0.0,"max_hp_gain":0.0,"max_hp_loss":0.0,"gold_gain":0.0,"event_name":"The Cleric","player_choice":"Card Removal","floor":3.0,"gold_loss":50.0,"damage_taken":0.0},{"damage_healed":0.0,"max_hp_gain":0.0,"max_hp_loss":0.0,"gold_gain":0.0,"event_name":"Liars Game","player_choice":"Ignored","floor":8.0,"gold_loss":0.0,"damage_taken":0.0},{"damage_healed":0.0,"max_hp_gain":0.0,"max_hp_loss":0.0,"gold_gain":0.0,"event_name":"Dead Adventurer","player_choice":"Searched \u00272\u0027 times","floor":10.0,"gold_loss":0.0,"damage_taken":0.0,"relics_obtained":["Pen Nib"]},{"damage_healed":0.0,"max_hp_gain":5.0,"max_hp_loss":0.0,"gold_gain":0.0,"event_name":"Forgotten Altar","player_choice":"Shed Blood","floor":19.0,"gold_loss":0.0,"damage_taken":20.0},{"damage_healed":0.0,"max_hp_gain":0.0,"max_hp_loss":0.0,"gold_gain":0.0,"event_name":"Wheel of Change","player_choice":"Relic","floor":20.0,"gold_loss":0.0,"damage_taken":0.0},{"damage_healed":0.0,"max_hp_gain":0.0,"max_hp_loss":0.0,"gold_gain":0.0,"event_name":"The Mausoleum","player_choice":"Opened","floor":23.0,"gold_loss":0.0,"damage_taken":0.0,"relics_obtained":["Happy Flower"],"cards_obtained":["Writhe"]}],"is_beta":false,"boss_relics":[{"not_picked":["Empty Cage","Velvet Choker"],"picked":"Eternal Feather"}],"items_purged_floors":[],"is_endless":false,"potions_floor_spawned":[5,6,11,14,21,24],"killed_by":"Snake Plant","ascension_level":5}