{"gold_per_floor":[117,192,208,208,224,224,174,174,174,174,99,117,141,141,141,265,265,284,112,135,148,148,148,164,190,190,190,213,213],"floor_reached":29,"playtime":1902,"items_purged":["Strike_G","Strike_G"],"score":252,"play_id":"0655db00-7f59-4c3a-8d0d-4d4bc11160b2","local_time":"20190225225458","is_ascension_mode":true,"campfire_choices":[{"data":"Corpse Explosion","floor":6,"key":"SMITH"},{"data":"Tactician","floor":8,"key":"SMITH"},{"data":"Survivor","floor":10,"key":"SMITH"},{"floor":15,"key":"REST"},{"data":"Tactician","floor":23,"key":"SMITH"}],"neow_cost":"NONE","seed_source_timestamp":272139719598979,"circlet_count":0,"master_deck":["Defend_G","Defend_G","Defend_G","Defend_G","Strike_G","Strike_G","Survivor+1","Neutralize","Corpse Explosion+1","Tactician+1","Underhanded Strike","Dodge and Roll","Escape Plan","Parasite","Unload","Underhanded Strike","Tactician+1","Dodge and Roll+1","Underhanded Strike+1"],"relics":["Ring of the Snake","Golden Idol","Art of War","Coffee Dripper","Orichalcum","Paper Crane"],"potions_floor_usage":[3,20,24],"damage_taken":[{"damage":0,"enemies":"2 Louse","floor":1,"turns":2},{"damage":1,"enemies":"Jaw Worm","floor":3,"turns":3},{"damage":4,"enemies":"Cultist","floor":5,"turns":3},{"damage":15,"enemies":"Exordium Thugs","floor":12,"turns":5},{"damage":0,"enemies":"Exordium Wildlife","floor":13,"turns":2},{"damage":36,"enemies":"The Guardian","floor":16,"turns":12},{"damage":1,"enemies":"Chosen","floor":18,"turns":6},{"damage":13,"enemies":"3 Byrds","floor":20,"turns":3},{"damage":9,"enemies":"Centurion and Healer","floor":21,"turns":7},{"damage":36,"enemies":"Chosen and Byrds","floor":24,"turns":5},{"damage":36,"enemies":"Snecko","floor":28,"turns":7},{"damage":34,"enemies":"Book of Stabbing","floor":29,"turns":7}],"seed_played":"-7855614832199997514","potions_obtained":[{"floor":1,"key":"AttackPotion"},{"floor":16,"key":"PowerPotion"},{"floor":20,"key":"FearPotion"}],"is_trial":false,"path_per_floor":["M","?","M","?","M","R","?","R","T","R","$","M","M","?","R","B",null,"M","$","M","M","?","R","M","T","T","?","M","E"],"character_chosen":"THE_SILENT","items_purchased":["Tactician"],"campfire_rested":1,"item_purchase_floors":[19],"current_hp_per_floor":[70,59,58,41,37,37,37,37,37,37,37,22,22,39,60,24,70,69,69,56,47,70,70,34,34,34,70,34,0],"gold":213,"neow_bonus":"TRANSFORM_CARD","is_prod":false,"is_daily":false,"chose_seed":false,"campfire_upgraded":4,"win_rate":0,"timestamp":1551153298,"path_taken":["M","?","M","?","M","R","?","R","T","R","?","?","M","?","R","BOSS","M","$","M","M","?","R","M","?","T","?","M","E"],"build_version":"2019-01-23","purchased_purges":2,"victory":false,"max_hp_per_floor":[70,70,70,70,70,70,70,70,70,70,70,70,70,70,70,70,70,70,70,70,70,70,70,70,70,70,70,70,70],"card_choices":[{"not_picked":["Terror","Sucker Punch"],"picked":"Tactician","floor":1},{"not_picked":["Footwork","Outmaneuver"],"picked":"Underhanded Strike","floor":3},{"not_picked":["Slice","Expertise"],"picked":"Dodge and Roll","floor":5},{"not_picked":["Sucker Punch","Backflip","Choke"],"picked":"SKIP","floor":12},{"not_picked":["Deflect","Outmaneuver"],"picked":"Escape Plan","floor":13},{"not_picked":["Phantasmal Killer","Bullet Time"],"picked":"Unload","floor":16},{"not_picked":["Noxious Fumes","All Out Attack+1"],"picked":"Underhanded Strike","floor":18},{"not_picked":["Quick Slash","Underhanded Strike+1"],"picked":"Dodge and Roll+1","floor":20},{"not_picked":["Deflect+1","Deadly Poison+1"],"picked":"Underhanded Strike+1","floor":21},{"not_picked":["Poisoned Stab+1","Flying Knee+1","Quick Slash"],"picked":"SKIP","floor":24},{"not_picked":["Choke","Bane","Infinite Blades"],"picked":"SKIP","floor":28}],"player_experience":224229,"relics_obtained":[{"floor":9,"key":"Art of War"},{"floor":25,"key":"Orichalcum"},{"floor":26,"key":"Paper Crane"}],"event_choices":[{"damage_healed":0,"gold_gain":75,"player_choice":"Gather Gold","damage_taken":11,"max_hp_gain":0,"max_hp_loss":0,"event_name":"World of Goop","floor":2,"gold_loss":0},{"damage_healed":0,"gold_gain":0,"player_choice":"Take Damage","damage_taken":17,"relics_obtained":["Golden Idol"],"max_hp_gain":0,"max_hp_loss":0,"event_name":"Golden Idol","floor":4,"gold_loss":0},{"cards_removed":["Strike_G"],"damage_healed":0,"gold_gain":0,"player_choice":"Card Removal","damage_taken":0,"max_hp_gain":0,"max_hp_loss":0,"event_name":"The Cleric","floor":7,"gold_loss":50},{"damage_healed":17,"gold_gain":0,"player_choice":"Healed and dodged fight","damage_taken":0,"max_hp_gain":0,"max_hp_loss":0,"event_name":"Mushrooms","floor":14,"gold_loss":0,"cards_obtained":["Parasite"]},{"damage_healed":23,"gold_gain":0,"player_choice":"Heal","damage_taken":0,"max_hp_gain":0,"max_hp_loss":0,"event_name":"The Library","floor":22,"gold_loss":0},{"damage_healed":36,"gold_gain":0,"player_choice":"Full Heal","damage_taken":0,"max_hp_gain":0,"max_hp_loss":0,"event_name":"Wheel of Change","floor":27,"gold_loss":0}],"is_beta":false,"boss_relics":[{"not_picked":["Velvet Choker","Lizard Tail"],"picked":"Coffee Dripper"}],"items_purged_floors":[11,19],"is_endless":false,"potions_floor_spawned":[1,16,20],"killed_by":"Book of Stabbing","ascension_level":1}