{"gold_per_floor":[99,99,109,172,183,183,233,233,259,6,39,60,60,99,111,246,258,289,316,378],"floor_reached":20,"playtime":976,"items_purged":["Strike_G"],"score":230,"play_id":"a78ea452-b4a8-4268-b029-43c4df801bb6","local_time":"20181219203034","is_ascension_mode":true,"campfire_choices":[{"data":"Envenom","floor":6,"key":"SMITH"},{"data":"Neutralize","floor":8,"key":"SMITH"},{"floor":13,"key":"REST"},{"data":"Well Laid Plans","floor":15,"key":"SMITH"}],"neow_cost":"NONE","seed_source_timestamp":257304325182655,"circlet_count":0,"master_deck":["Survivor","Neutralize+1","Flying Knee","Envenom+1","Dagger Spray","Cloak And Dagger","Deflect","Well Laid Plans+1","After Image","Accuracy","A Thousand Cuts","Envenom","Prepared","Corpse Explosion","Envenom","Sucker Punch","Dagger Spray","Predator","Backstab+1"],"relics":["Ring of the Snake","NeowsBlessing","SsserpentHead","Golden Idol","Happy Flower","Orichalcum","War Paint","MawBank","Pandora\u0027s Box"],"potions_floor_usage":[5,14],"damage_taken":[{"damage":0,"enemies":"Cultist","floor":1,"turns":1},{"damage":0,"enemies":"2 Louse","floor":3,"turns":1},{"damage":0,"enemies":"Jaw Worm","floor":4,"turns":1},{"damage":3,"enemies":"3 Louse","floor":5,"turns":6},{"damage":19,"enemies":"Gremlin Nob","floor":11,"turns":4},{"damage":10,"enemies":"Large Slime","floor":12,"turns":8},{"damage":9,"enemies":"3 Sentries","floor":14,"turns":9},{"damage":33,"enemies":"Hexaghost","floor":16,"turns":13},{"damage":20,"enemies":"Spheric Guardian","floor":18,"turns":5},{"damage":23,"enemies":"Shell Parasite","floor":19,"turns":6}],"seed_played":"-7294298569010309722","potions_obtained":[{"floor":3,"key":"Poison Potion"},{"floor":11,"key":"SkillPotion"}],"is_trial":false,"path_per_floor":["M","?","M","M","M","R","?","R","T","$","E","M","R","E","R","B",null,"M","M","?"],"character_chosen":"THE_SILENT","items_purchased":["Cloak And Dagger","Orichalcum"],"campfire_rested":1,"item_purchase_floors":[10,10],"current_hp_per_floor":[70,70,70,70,67,67,65,65,65,65,46,36,55,46,46,13,52,32,9,0],"gold":378,"neow_bonus":"THREE_ENEMY_KILL","is_prod":false,"is_daily":false,"chose_seed":false,"campfire_upgraded":3,"win_rate":0,"timestamp":1545247834,"path_taken":["M","?","M","?","M","R","?","R","T","$","E","M","R","E","R","BOSS","M","M","?"],"build_version":"2018-12-13","purchased_purges":1,"victory":false,"max_hp_per_floor":[70,70,70,70,70,70,65,65,65,65,65,65,65,65,65,65,65,65,65,65],"card_choices":[{"not_picked":["Dash","Calculated Gamble","Expertise"],"picked":"SKIP","floor":1},{"not_picked":["Blade Dance","Outmaneuver"],"picked":"Flying Knee","floor":3},{"not_picked":["PiercingWail","Deadly Poison"],"picked":"Envenom","floor":4},{"not_picked":["Blade Dance","Caltrops"],"picked":"Dagger Spray","floor":5},{"not_picked":["Skewer","Phantasmal Killer","Bane"],"picked":"SKIP","floor":11},{"not_picked":["Quick Slash","Flying Knee"],"picked":"Deflect","floor":12},{"not_picked":["Sucker Punch","Blade Dance"],"picked":"Well Laid Plans","floor":14},{"not_picked":["Grand Finale","Unload"],"picked":"After Image","floor":16},{"not_picked":["Underhanded Strike","Dagger Throw","Sucker Punch"],"picked":"SKIP","floor":18},{"not_picked":["Sucker Punch","Expertise"],"picked":"Backstab+1","floor":19}],"player_experience":420695,"relics_obtained":[{"floor":9,"key":"Happy Flower"},{"floor":11,"key":"War Paint"},{"floor":14,"key":"MawBank"}],"event_choices":[{"damage_healed":0,"gold_gain":0,"player_choice":"Trade","damage_taken":0,"relics_obtained":["SsserpentHead"],"max_hp_gain":0,"max_hp_loss":0,"event_name":"FaceTrader","floor":2,"gold_loss":0},{"damage_healed":0,"gold_gain":0,"player_choice":"Lose Max HP","damage_taken":0,"relics_obtained":["Golden Idol"],"max_hp_gain":0,"max_hp_loss":5,"event_name":"Golden Idol","floor":7,"gold_loss":0}],"is_beta":false,"boss_relics":[{"not_picked":["Runic Pyramid","Velvet Choker"],"picked":"Pandora\u0027s Box"}],"items_purged_floors":[10],"is_endless":false,"potions_floor_spawned":[1,3,11],"ascension_level":5}