{"gold_per_floor":[110,129,148,166,11,11,37,37,37,49,80,100,100,123,123,199,199,209,224,244,244,169,169,194,211,290,290,303,317,34,53,53,125,125,140,240,240,240,340,340,356,373,373,313,325,343,343,360,360,360],"floor_reached":51,"playtime":4135,"items_purged":["Strike_G","Strike_G"],"score":1086,"play_id":"eea96464-65fe-43f4-8e4f-c3b2d724179e","local_time":"20190301231926","is_ascension_mode":true,"campfire_choices":[{"data":"Neutralize","floor":6.0,"key":"SMITH"},{"data":"Skewer","floor":8.0,"key":"SMITH"},{"data":"Adrenaline","floor":13.0,"key":"SMITH"},{"floor":15.0,"key":"REST"},{"data":"After Image","floor":23.0,"key":"SMITH"},{"floor":27.0,"key":"REST"},{"floor":32.0,"key":"REST"},{"data":"Deadly Poison","floor":40,"key":"SMITH"},{"data":"Footwork","floor":47,"key":"SMITH"},{"data":"Accuracy","floor":49,"key":"SMITH"}],"neow_cost":"NONE","seed_source_timestamp":1271034944400494,"circlet_count":0,"master_deck":["AscendersBane","Defend_G","Defend_G","Defend_G","Defend_G","Defend_G","Strike_G","Survivor","Neutralize+1","Adrenaline","Dagger Throw","Deadly Poison+1","Skewer+1","Adrenaline+1","Backflip","PiercingWail","Adrenaline","After Image+1","Prepared+1","Dagger Spray","Cloak And Dagger","Blade Dance","Accuracy+1","After Image","Footwork+1","Terror"],"special_seed":0,"relics":["Ring of the Serpent","FossilizedHelix","Pocketwatch","Bottled Lightning","Odd Mushroom","Kunai","Mercury Hourglass","Sozu","Mango","Darkstone Periapt"],"potions_floor_usage":[48,50],"damage_taken":[{"damage":0.0,"enemies":"Cultist","floor":1.0,"turns":6.0},{"damage":0.0,"enemies":"Small Slimes","floor":2.0,"turns":3.0},{"damage":0.0,"enemies":"Jaw Worm","floor":3.0,"turns":3.0},{"damage":0.0,"enemies":"Looter","floor":4.0,"turns":4.0},{"damage":36.0,"enemies":"3 Sentries","floor":7.0,"turns":10.0},{"damage":0.0,"enemies":"Large Slime","floor":10.0,"turns":4.0},{"damage":0.0,"enemies":"Gremlin Nob","floor":11.0,"turns":2.0},{"damage":0.0,"enemies":"3 Louse","floor":12.0,"turns":3.0},{"damage":0.0,"enemies":"The Mushroom Lair","floor":14.0,"turns":3.0},{"damage":1.0,"enemies":"The Guardian","floor":16.0,"turns":11.0},{"damage":4.0,"enemies":"3 Byrds","floor":18.0,"turns":7.0},{"damage":0.0,"enemies":"2 Thieves","floor":19.0,"turns":4.0},{"damage":0.0,"enemies":"Snecko","floor":20.0,"turns":5.0},{"damage":0.0,"enemies":"Colosseum Slavers","floor":21.0,"turns":3.0},{"damage":56.0,"enemies":"Gremlin Leader","floor":24.0,"turns":13.0},{"damage":0.0,"enemies":"Centurion and Healer","floor":25.0,"turns":7.0},{"damage":0.0,"enemies":"Shelled Parasite and Fungi","floor":28.0,"turns":7.0},{"damage":0.0,"enemies":"Snake Plant","floor":29.0,"turns":4.0},{"damage":0.0,"enemies":"Snecko","floor":31.0,"turns":5.0},{"damage":10.0,"enemies":"Champ","floor":33.0,"turns":17.0},{"damage":0.0,"enemies":"3 Shapes","floor":35.0,"turns":3.0},{"damage":0.0,"enemies":"Mind Bloom Boss Battle","floor":36.0,"turns":5.0},{"damage":0,"enemies":"Orb Walker","floor":41,"turns":4},{"damage":0,"enemies":"Writhing Mass","floor":42,"turns":9},{"damage":0,"enemies":"Jaw Worm Horde","floor":45,"turns":5},{"damage":0,"enemies":"Sphere and 2 Shapes","floor":46,"turns":6},{"damage":4,"enemies":"Transient","floor":48,"turns":5},{"damage":25,"enemies":"Time Eater","floor":50,"turns":18}],"seed_played":"6141721088568443127","potions_obtained":[{"floor":3.0,"key":"EntropicBrew"},{"floor":10.0,"key":"Swift Potion"},{"floor":12.0,"key":"Dexterity Potion"},{"floor":16.0,"key":"Dexterity Potion"},{"floor":18.0,"key":"Explosive Potion"},{"floor":19.0,"key":"Fire Potion"},{"floor":29.0,"key":"LiquidBronze"},{"floor":33.0,"key":"Weak Potion"}],"is_trial":false,"path_per_floor":["M","M","M","M","$","R","E","R","T","M","E","M","R","?","R","B",null,"M","M","M","?","?","R","E","M","T","R","M","M","$","M","R","B",null,"M","?","?","?","?","R","M","M","T","?","M","M","R","M","R","B",null],"character_chosen":"THE_SILENT","items_purchased":["Skewer","Accuracy","PowerPotion","Weak Potion"],"campfire_rested":3,"item_purchase_floors":[5,30,30,30],"current_hp_per_floor":[63,63,63,63,63,63,27,27,27,27,27,27,27,27,48,47,64,60,60,60,60,60,60,4,4,4,25,25,25,25,25,46,36,62,62,76,76,76,76,76,76,76,76,76,76,76,76,72,72,47],"gold":360,"neow_bonus":"ONE_RANDOM_RARE_CARD","is_prod":false,"is_daily":false,"chose_seed":false,"campfire_upgraded":7,"win_rate":0,"timestamp":1551478766,"path_taken":["M","M","M","M","$","R","E","R","T","?","E","M","R","?","R","BOSS","M","M","M","?","?","R","E","M","T","R","M","M","$","M","R","BOSS","M","?","?","?","?","R","?","M","T","?","M","M","R","M","R","BOSS"],"build_version":"2019-01-23","purchased_purges":2,"victory":true,"max_hp_per_floor":[70,70,70,70,70,70,70,70,70,70,70,70,70,70,70,70,70,70,70,70,70,70,70,70,70,70,70,70,70,70,70,70,70,70,70,84,84,84,84,84,84,84,84,81,81,81,81,81,81,81],"card_choices":[{"not_picked":["Poisoned Stab","Flechettes"],"picked":"Dagger Throw","floor":1.0},{"not_picked":["Underhanded Strike","Doppelganger","Acrobatics"],"picked":"SKIP","floor":2.0},{"not_picked":["Bane","Dagger Throw","Blade Dance"],"picked":"SKIP","floor":3.0},{"not_picked":["Poisoned Stab","Quick Slash"],"picked":"Deadly Poison","floor":4.0},{"not_picked":["Skewer","Flying Knee","Underhanded Strike"],"picked":"SKIP","floor":7.0},{"not_picked":["Slice","Sucker Punch"],"picked":"Adrenaline","floor":10.0},{"not_picked":["Slice","Deadly Poison"],"picked":"Backflip","floor":11.0},{"not_picked":["Endless Agony","Backstab"],"picked":"PiercingWail","floor":12.0},{"not_picked":["All Out Attack","Prepared"],"picked":"Adrenaline","floor":14.0},{"not_picked":["Night Terror","Grand Finale"],"picked":"After Image","floor":16.0},{"not_picked":["Cloak And Dagger","Flying Knee"],"picked":"Prepared+1","floor":18.0},{"not_picked":["Deflect","Bane"],"picked":"Dagger Spray","floor":19.0},{"not_picked":["Outmaneuver","Calculated Gamble","Sucker Punch"],"picked":"SKIP","floor":20.0},{"not_picked":["Slice","Backflip","Heel Hook+1"],"picked":"SKIP","floor":24.0},{"not_picked":["Dagger Throw+1","Grand Finale"],"picked":"Cloak And Dagger","floor":25.0},{"not_picked":["Bane","Masterful Stab"],"picked":"Blade Dance","floor":28.0},{"not_picked":["PiercingWail","Concentrate","Quick Slash"],"picked":"SKIP","floor":29.0},{"not_picked":["Dagger Throw","Expertise","Dagger Spray"],"picked":"SKIP","floor":31.0},{"not_picked":["Unload","Corpse Explosion"],"picked":"After Image","floor":33.0},{"not_picked":["Heel Hook","Acrobatics","Riddle With Holes"],"picked":"SKIP","floor":35.0},{"not_picked":["Expertise","Escape Plan","Flechettes"],"picked":"SKIP","floor":41},{"not_picked":["Dash","Bouncing Flask"],"picked":"Footwork","floor":42},{"not_picked":["PiercingWail+1","Slice","Cloak And Dagger"],"picked":"SKIP","floor":45},{"not_picked":["Expertise","Outmaneuver+1","Prepared"],"picked":"SKIP","floor":46},{"not_picked":["Blade Dance","Sucker Punch"],"picked":"Terror","floor":48}],"player_experience":692285,"relics_obtained":[{"floor":7.0,"key":"FossilizedHelix"},{"floor":9.0,"key":"Pocketwatch"},{"floor":11.0,"key":"Bottled Lightning"},{"floor":14.0,"key":"Odd Mushroom"},{"floor":24.0,"key":"Kunai"},{"floor":26.0,"key":"Mercury Hourglass"},{"floor":36.0,"key":"Mango"},{"floor":43,"key":"Darkstone Periapt"}],"event_choices":[{"damage_healed":0.0,"max_hp_gain":0.0,"max_hp_loss":0.0,"gold_gain":0.0,"event_name":"Mushrooms","player_choice":"Fought Mushrooms","floor":14.0,"gold_loss":0.0,"damage_taken":0.0},{"damage_healed":0.0,"max_hp_gain":0.0,"max_hp_loss":0.0,"gold_gain":0.0,"event_name":"Colosseum","player_choice":"Fight","floor":21.0,"gold_loss":0.0,"damage_taken":0.0},{"damage_healed":0.0,"max_hp_gain":0.0,"max_hp_loss":0.0,"gold_gain":0.0,"event_name":"Colosseum","player_choice":"Fled From Nobs","floor":21.0,"gold_loss":0.0,"damage_taken":0.0},{"cards_removed":["Strike_G"],"damage_healed":0.0,"max_hp_gain":0.0,"max_hp_loss":0.0,"gold_gain":0.0,"event_name":"Beggar","player_choice":"Gave Gold","floor":22.0,"gold_loss":75.0,"damage_taken":0.0},{"damage_healed":0.0,"max_hp_gain":0.0,"max_hp_loss":0.0,"gold_gain":0.0,"event_name":"MindBloom","player_choice":"Fight","floor":36.0,"gold_loss":0.0,"damage_taken":0.0},{"damage_healed":0.0,"max_hp_gain":0.0,"max_hp_loss":0.0,"gold_gain":0.0,"event_name":"SensoryStone","player_choice":"Memory 1","floor":37.0,"gold_loss":0.0,"damage_taken":0.0},{"cards_removed":["Strike_G"],"damage_healed":0.0,"max_hp_gain":0.0,"max_hp_loss":0.0,"gold_gain":0.0,"event_name":"Falling","player_choice":"Removed Attack","floor":38.0,"gold_loss":0.0,"damage_taken":0.0},{"damage_healed":0.0,"max_hp_gain":0.0,"max_hp_loss":0.0,"gold_gain":100.0,"event_name":"Golden Shrine","player_choice":"Pray","floor":39.0,"gold_loss":0.0,"damage_taken":0.0},{"cards_removed":["Parasite"],"damage_healed":0,"gold_gain":0,"player_choice":"Single Remove","damage_taken":0,"max_hp_gain":0,"max_hp_loss":0,"event_name":"Designer","floor":44,"gold_loss":60}],"is_beta":false,"boss_relics":[{"not_picked":["Fusion Hammer","Snecko Eye"],"picked":"Ring of the Serpent"},{"not_picked":["Philosopher\u0027s Stone","Black Star"],"picked":"Sozu"}],"items_purged_floors":[5,30],"is_endless":false,"potions_floor_spawned":[3,10,12,16,18,19,21,29,33,42,48],"ascension_level":13}