{"gold_per_floor":[111,129,149,27,41,41,41,101,125,142,142,160,177,192,192,292,292,304,304,304,317,329,329,346,346],"floor_reached":25,"playtime":1536,"items_purged":[],"score":199,"play_id":"f6350467-b2b9-40d4-8be2-86959929bc24","local_time":"20180722182811","is_ascension_mode":false,"campfire_choices":[{"data":"Flying Knee","floor":6,"key":"SMITH"},{"data":"Sucker Punch","floor":11,"key":"SMITH"},{"data":"Dagger Spray","floor":15,"key":"SMITH"},{"floor":23,"key":"REST"}],"neow_cost":"NONE","seed_source_timestamp":780998259863656,"circlet_count":0,"master_deck":["Defend_G","Defend_G","Defend_G","Defend_G","Defend_G","Strike_G","Strike_G","Strike_G","Strike_G","Strike_G","Survivor","Neutralize","Dagger Spray+1","Flying Knee+1","Well Laid Plans","Sucker Punch+1","PiercingWail","Dagger Throw","Endless Agony","PiercingWail","Bouncing Flask","Venomology+1","All Out Attack","Catalyst+1","Bane","Distraction+1"],"relics":["Ring of the Snake","Orichalcum"],"potions_floor_usage":[5,10,16,18,18,21,21,22,25,25],"damage_taken":[{"damage":4,"enemies":"Cultist","floor":1,"turns":5},{"damage":0,"enemies":"Small Slimes","floor":2,"turns":4},{"damage":0,"enemies":"2 Louse","floor":3,"turns":2},{"damage":0,"enemies":"2 Fungi Beasts","floor":5,"turns":4},{"damage":8,"enemies":"Lots of Slimes","floor":10,"turns":4},{"damage":0,"enemies":"Exordium Wildlife","floor":12,"turns":5},{"damage":1,"enemies":"Exordium Thugs","floor":13,"turns":4},{"damage":0,"enemies":"Red Slaver","floor":14,"turns":3},{"damage":42,"enemies":"Hexaghost","floor":16,"turns":14},{"damage":5,"enemies":"Shell Parasite","floor":18,"turns":7},{"damage":18,"enemies":"Spheric Guardian","floor":21,"turns":4},{"damage":25,"enemies":"3 Cultists","floor":22,"turns":7},{"damage":16,"enemies":"Cultist and Chosen","floor":24,"turns":8},{"damage":46,"enemies":"Slaver and Parasite","floor":25,"turns":6}],"seed_played":"7572678018653527825","potions_obtained":[{"floor":5,"key":"Ancient Potion"},{"floor":10,"key":"GamblersBrew"},{"floor":16,"key":"EssenceOfSteel"},{"floor":24,"key":"SteroidPotion"}],"is_trial":false,"path_per_floor":["M","M","M","$","M","R","$","?","T","M","R","M","M","M","R","B",null,"M","?","?","M","M","R","M"],"character_chosen":"THE_SILENT","items_purchased":["Well Laid Plans","Sucker Punch"],"campfire_rested":1,"item_purchase_floors":[4,4],"current_hp_per_floor":[66,66,66,66,66,66,66,66,66,58,58,58,57,57,57,15,70,65,65,65,47,22,43,27,0],"gold":346,"neow_bonus":"THREE_SMALL_POTIONS","is_prod":false,"is_daily":false,"chose_seed":false,"campfire_upgraded":3,"win_rate":0.0,"timestamp":1532276891,"path_taken":["M","M","M","$","?","R","$","?","T","M","R","M","M","M","R","BOSS","M","?","?","M","M","R","M","M"],"build_version":"2018-07-19v2","purchased_purges":0,"victory":false,"max_hp_per_floor":[70,70,70,70,70,70,70,70,70,70,70,70,70,70,70,70,70,70,70,70,70,70,70,70,70],"card_choices":[{"not_picked":["PiercingWail","Outmaneuver"],"picked":"Dagger Spray","floor":1},{"not_picked":["Calculated Gamble","Acrobatics","Choke"],"picked":"SKIP","floor":2},{"not_picked":["Dodge and Roll","Underhanded Strike"],"picked":"Flying Knee","floor":3},{"not_picked":["Finisher","Masterful Stab"],"picked":"PiercingWail","floor":5},{"not_picked":["Deadly Poison","PiercingWail"],"picked":"Dagger Throw","floor":10},{"not_picked":["Quick Slash","Blade Dance"],"picked":"Endless Agony","floor":12},{"not_picked":["Infinite Blades","Deadly Poison"],"picked":"PiercingWail","floor":13},{"not_picked":["Prepared","PiercingWail"],"picked":"Bouncing Flask","floor":14},{"not_picked":["Phantasmal Killer","Unload"],"picked":"Venomology","floor":16},{"not_picked":["Skewer","Outmaneuver"],"picked":"All Out Attack","floor":18},{"not_picked":["Calculated Gamble+1","Dagger Throw"],"picked":"Catalyst+1","floor":21},{"not_picked":["PiercingWail","Skewer"],"picked":"Bane","floor":22},{"not_picked":["Bane","Quick Slash"],"picked":"Distraction+1","floor":24}],"player_experience":13087,"relics_obtained":[{"floor":9,"key":"Orichalcum"}],"event_choices":[{"event_name":"Golden Wing","player_choice":"Gained Gold","floor":8,"damage_taken":0},{"event_name":"Upgrade Shrine","player_choice":"Upgraded","floor":19,"damage_taken":0},{"event_name":"Drug Dealer","player_choice":"Ignored","floor":20,"damage_taken":0}],"is_beta":false,"boss_relics":[{"not_picked":["Snecko Eye","Coffee Dripper","Ectoplasm"]}],"items_purged_floors":[],"is_endless":false,"potions_floor_spawned":[3,5,10,16,24],"killed_by":"Slaver and Parasite","ascension_level":0}