{"gold_per_floor":[117,135,152,77,89,89,115,115,115,115,115,134,146,46,46,146,146,166,181,181,199,199,199,219,219,219,219,70,87,87,99,99,201,201,217,76,86,86,105,105,205,215,215,215,215,225,239,259,259,259],"floor_reached":51,"playtime":2522,"items_purged":["Strike_G","Strike_G","Strike_G"],"score":955,"play_id":"78c01794-c153-45d5-b6d1-c5b686f6abdf","local_time":"20190201100913","is_ascension_mode":true,"campfire_choices":[{"data":"Neutralize","floor":6.0,"key":"SMITH"},{"floor":8.0,"key":"REST"},{"data":"Leg Sweep","floor":10.0,"key":"SMITH"},{"data":"Noxious Fumes","floor":15.0,"key":"SMITH"},{"floor":23.0,"key":"REST"},{"floor":25.0,"key":"REST"},{"data":"Adrenaline","floor":30.0,"key":"SMITH"},{"floor":32.0,"key":"REST"},{"data":"After Image","floor":40,"key":"SMITH"},{"data":"After Image","floor":45,"key":"SMITH"},{"floor":49,"key":"REST"}],"neow_cost":"NONE","seed_source_timestamp":0,"circlet_count":0,"master_deck":["AscendersBane","Defend_G","Defend_G","Defend_G","Defend_G","Defend_G","Survivor","Neutralize+1","Dagger Spray","Backflip","Dagger Spray","Deflect","Leg Sweep+1","Noxious Fumes+1","Flying Knee","Adrenaline+1","Skewer+1","Flying Knee+1","Bouncing Flask","Backstab","Cloak And Dagger","Flying Knee","Backflip+1","After Image+1","Terror+1","After Image+1","Catalyst","Bane+1","Dodge and Roll","Footwork+1","Deflect+1","Violence","Blur+1","Predator+1"],"special_seed":0,"relics":["Ring of the Snake","NeowsBlessing","Mummified Hand","Question Card","White Beast Statue","Blue Candle","Letter Opener","Philosopher\u0027s Stone","Prayer Wheel","Darkstone Periapt"],"potions_floor_usage":[39,41,46,50],"damage_taken":[{"damage":0.0,"enemies":"2 Louse","floor":1.0,"turns":1.0},{"damage":0.0,"enemies":"Small Slimes","floor":2.0,"turns":1.0},{"damage":0.0,"enemies":"Jaw Worm","floor":3.0,"turns":1.0},{"damage":0.0,"enemies":"Gremlin Gang","floor":5.0,"turns":2.0},{"damage":32.0,"enemies":"Gremlin Nob","floor":7.0,"turns":5.0},{"damage":0.0,"enemies":"2 Fungi Beasts","floor":12.0,"turns":3.0},{"damage":0.0,"enemies":"Red Slaver","floor":13.0,"turns":6.0},{"damage":21.0,"enemies":"The Guardian","floor":16.0,"turns":14.0},{"damage":26.0,"enemies":"Chosen","floor":18.0,"turns":7.0},{"damage":3.0,"enemies":"Shell Parasite","floor":19.0,"turns":6.0},{"damage":28.0,"enemies":"Shelled Parasite and Fungi","floor":21.0,"turns":9.0},{"damage":8.0,"enemies":"Centurion and Healer","floor":24.0,"turns":7.0},{"damage":2.0,"enemies":"Snecko","floor":29.0,"turns":4.0},{"damage":14.0,"enemies":"Cultist and Chosen","floor":31.0,"turns":5.0},{"damage":54.0,"enemies":"Automaton","floor":33.0,"turns":13.0},{"damage":0,"enemies":"Orb Walker","floor":35,"turns":4},{"damage":22,"enemies":"3 Darklings","floor":37,"turns":4},{"damage":11,"enemies":"Sphere and 2 Shapes","floor":39,"turns":6},{"damage":0,"enemies":"Mind Bloom Boss Battle","floor":41,"turns":8},{"damage":7,"enemies":"Spire Growth","floor":42,"turns":6},{"damage":27,"enemies":"Transient","floor":46,"turns":5},{"damage":11,"enemies":"Jaw Worm Horde","floor":47,"turns":5},{"damage":0,"enemies":"4 Shapes","floor":48,"turns":7},{"damage":48,"enemies":"Time Eater","floor":50,"turns":17}],"seed_played":"8995117295119621331","potions_obtained":[{"floor":5.0,"key":"Poison Potion"},{"floor":7.0,"key":"FearPotion"},{"floor":12.0,"key":"EssenceOfSteel"},{"floor":16.0,"key":"Regen Potion"},{"floor":18.0,"key":"PowerPotion"},{"floor":19.0,"key":"FairyPotion"},{"floor":21.0,"key":"EssenceOfSteel"},{"floor":27.0,"key":"EntropicBrew"},{"floor":31.0,"key":"Dexterity Potion"},{"floor":33.0,"key":"Weak Potion"},{"floor":35,"key":"FearPotion"},{"floor":37,"key":"Regen Potion"},{"floor":39,"key":"Poison Potion"},{"floor":41,"key":"Dexterity Potion"},{"floor":46,"key":"FairyPotion"}],"is_trial":false,"path_per_floor":["M","M","M","$","M","R","E","R","T","R","?","M","M","$","R","B",null,"M","M","?","M","?","R","M","R","T","?","$","M","R","M","R","B",null,"M","$","M","?","M","R","?","M","T","?","R","M","M","M","R","B",null],"character_chosen":"THE_SILENT","items_purchased":["Cloak And Dagger","After Image","Catalyst"],"campfire_rested":5,"item_purchase_floors":[28,36,36],"current_hp_per_floor":[63,63,63,63,63,63,31,52,52,52,52,52,52,52,52,31,60,48,45,45,17,17,38,30,51,51,51,51,49,49,35,56,2,53,53,53,31,61,50,50,50,43,43,43,43,25,14,14,32,6],"gold":259,"neow_bonus":"THREE_ENEMY_KILL","is_prod":false,"is_daily":false,"chose_seed":false,"campfire_upgraded":6,"win_rate":0,"timestamp":1549012153,"path_taken":["M","M","M","$","M","R","E","R","T","R","?","M","M","$","R","BOSS","M","M","?","M","?","R","?","R","T","?","$","M","R","?","R","BOSS","M","$","?","?","M","R","?","M","T","?","R","M","?","M","R","BOSS"],"build_version":"2019-01-23","purchased_purges":3,"victory":true,"max_hp_per_floor":[70,70,70,70,70,70,70,70,70,70,70,70,70,70,70,70,70,70,70,70,70,70,70,70,70,70,70,70,70,70,70,70,70,70,70,70,70,61,61,61,61,61,61,61,61,61,61,61,61,61],"card_choices":[{"not_picked":["PiercingWail","Flying Knee"],"picked":"Dagger Spray","floor":1.0},{"not_picked":["Sucker Punch","Blade Dance"],"picked":"Backflip","floor":2.0},{"not_picked":["Dodge and Roll","Crippling Poison"],"picked":"Dagger Spray","floor":3.0},{"not_picked":["Outmaneuver","Flying Knee"],"picked":"Deflect","floor":5.0},{"not_picked":["Dagger Spray","Flying Knee"],"picked":"Leg Sweep","floor":7.0},{"not_picked":["Eviscerate","Backflip","Bane"],"picked":"Noxious Fumes","floor":12.0},{"not_picked":["Tools of the Trade","Outmaneuver","Dagger Spray"],"picked":"Flying Knee","floor":13.0},{"not_picked":["Burst","Unload","Wraith Form v2"],"picked":"Adrenaline","floor":16.0},{"not_picked":["Bane","Setup","Deadly Poison"],"picked":"Skewer+1","floor":18.0},{"not_picked":["Poisoned Stab+1","PiercingWail","Slice"],"picked":"Flying Knee+1","floor":19.0},{"not_picked":["Calculated Gamble+1","Dagger Spray","Acrobatics"],"picked":"Bouncing Flask","floor":21.0},{"not_picked":["Poisoned Stab","Reflex","Underhanded Strike+1"],"picked":"Backstab","floor":24.0},{"not_picked":["Backstab+1","Acrobatics","Bullet Time"],"picked":"Flying Knee","floor":29.0},{"not_picked":["Reflex","Cloak And Dagger","Expertise+1"],"picked":"Backflip+1","floor":31.0},{"not_picked":["Envenom","Glass Knife","Adrenaline"],"picked":"After Image","floor":33.0},{"not_picked":["Caltrops+1","Flying Knee","Leg Sweep+1"],"picked":"Terror+1","floor":35},{"not_picked":["Concentrate+1","Sucker Punch","Accuracy+1"],"picked":"Bane+1","floor":37},{"not_picked":["Slice","Bouncing Flask+1","Dagger Throw"],"picked":"Dodge and Roll","floor":39},{"not_picked":["Choke+1","Flechettes+1","Bane+1"],"picked":"Footwork+1","floor":41},{"not_picked":["Underhanded Strike+1","Noxious Fumes+1","Dagger Throw"],"picked":"Deflect+1","floor":42},{"not_picked":["Endless Agony+1","Deflect","Flying Knee","Crippling Poison"],"picked":"SKIP","floor":42},{"not_picked":["Deep Breath","Panacea","Secret Weapon"],"picked":"Violence","floor":44},{"not_picked":["Terror+1","Dagger Throw","PiercingWail+1"],"picked":"Blur+1","floor":46},{"not_picked":["Slice","Acrobatics+1","Deadly Poison","Reflex+1"],"picked":"SKIP","floor":46},{"not_picked":["Slice+1","Dagger Throw","Dodge and Roll"],"picked":"Predator+1","floor":47},{"not_picked":["Sucker Punch+1","Quick Slash","Infinite Blades+1","Dash"],"picked":"SKIP","floor":47},{"not_picked":["Noxious Fumes","Deflect+1","Calculated Gamble+1","Slice+1"],"picked":"SKIP","floor":48},{"not_picked":["Dagger Spray+1","Dagger Throw","Distraction","Reflex+1"],"picked":"SKIP","floor":48}],"player_experience":566815,"relics_obtained":[{"floor":7.0,"key":"Mummified Hand"},{"floor":9.0,"key":"Question Card"},{"floor":26.0,"key":"Letter Opener"},{"floor":41,"key":"Prayer Wheel"},{"floor":43,"key":"Darkstone Periapt"}],"event_choices":[{"cards_removed":["Strike_G"],"damage_healed":0.0,"max_hp_gain":0.0,"max_hp_loss":0.0,"gold_gain":0.0,"event_name":"Living Wall","player_choice":"Forget","floor":11.0,"gold_loss":0.0,"damage_taken":0.0},{"damage_healed":0.0,"max_hp_gain":0.0,"max_hp_loss":0.0,"gold_gain":0.0,"event_name":"The Mausoleum","player_choice":"Opened","floor":20.0,"gold_loss":0.0,"damage_taken":0.0,"relics_obtained":["Blue Candle"]},{"cards_removed":["Strike_G"],"damage_healed":0.0,"max_hp_gain":0.0,"max_hp_loss":0.0,"gold_gain":0.0,"event_name":"Bonfire Elementals","player_choice":"Offered Basic","floor":22.0,"gold_loss":0.0,"damage_taken":0.0},{"damage_healed":0.0,"max_hp_gain":0.0,"max_hp_loss":0.0,"gold_gain":0.0,"event_name":"Lab","player_choice":"Got Potions","floor":27.0,"gold_loss":0.0,"damage_taken":0.0},{"damage_healed":61,"gold_gain":0,"player_choice":"Heal","damage_taken":0,"max_hp_gain":0,"max_hp_loss":9,"event_name":"The Moai Head","floor":38,"gold_loss":0},{"damage_healed":0,"gold_gain":0,"player_choice":"Fight","damage_taken":0,"max_hp_gain":0,"max_hp_loss":0,"event_name":"MindBloom","floor":41,"gold_loss":0},{"damage_healed":0,"gold_gain":0,"player_choice":"Memory 1","damage_taken":0,"max_hp_gain":0,"max_hp_loss":0,"event_name":"SensoryStone","floor":44,"gold_loss":0}],"is_beta":false,"boss_relics":[{"not_picked":["HoveringKite","Pandora\u0027s Box"],"picked":"White Beast Statue"},{"not_picked":["Tiny House","Empty Cage"],"picked":"Philosopher\u0027s Stone"}],"items_purged_floors":[4,14,28],"is_endless":false,"potions_floor_spawned":[5,7,12,16,18,19,21,24,29,31,33,35,37,39,41,42,46,47,48],"ascension_level":10}