{"gold_per_floor":[112,112,77,88,104,135,135,169,195,195,195,221,221,221,221,326,326,336,336,353,13,27,27,57,57,57,92,3,3,32,44,44,143,143,156,167,13,31,31,64,64,96,96,96,0,28,1,20,20,20],"floor_reached":51,"playtime":2360,"items_purged":[],"score":1486,"play_id":"117a025f-89e3-4cad-b705-c746817a0b6a","local_time":"20190228191302","is_ascension_mode":true,"campfire_choices":[{"floor":7,"key":"REST"},{"floor":11,"key":"REST"},{"floor":13,"key":"REST"},{"floor":15,"key":"REST"},{"floor":23,"key":"REST"},{"floor":25,"key":"REST"},{"floor":29,"key":"REST"},{"floor":32,"key":"REST"},{"floor":41,"key":"REST"},{"floor":44,"key":"REST"},{"floor":49,"key":"REST"}],"neow_cost":"NONE","seed_source_timestamp":178068906700449,"circlet_count":0,"master_deck":["AscendersBane","Strike_R","Strike_R","Strike_R","Strike_R+1","Defend_R+1","Defend_R","Defend_R+1","Defend_R+1","Bash","Twin Strike","Pommel Strike","Perfected Strike","Reaper","Metallicize","Limit Break+1","Clothesline+1","Corruption","Feel No Pain","Burning Pact","Exhume","Offering","Dark Shackles","Shrug It Off","Juggernaut","Fiend Fire","Feel No Pain+1","Havoc+1","True Grit","Body Slam","Havoc","Headbutt+1","Metallicize","Fiend Fire","Pommel Strike","Feel No Pain"],"relics":["Fusion Hammer","War Paint","Anchor","Blood Vial","Happy Flower","Sozu","Dead Branch","Du-Vu Doll","Bottled Flame","Pocketwatch","Shuriken","Orrery","Lantern","Unceasing Top","Singing Bowl","Toxic Egg 2","Red Mask","Juzu Bracelet"],"potions_floor_usage":[12,12],"damage_taken":[{"damage":9,"enemies":"Jaw Worm","floor":1,"turns":3},{"damage":11,"enemies":"2 Louse","floor":4,"turns":3},{"damage":1,"enemies":"Small Slimes","floor":5,"turns":3},{"damage":27,"enemies":"Lagavulin","floor":6,"turns":5},{"damage":22,"enemies":"3 Sentries","floor":8,"turns":6},{"damage":16,"enemies":"Gremlin Nob","floor":12,"turns":3},{"damage":25,"enemies":"The Guardian","floor":16,"turns":12},{"damage":31,"enemies":"Shell Parasite","floor":18,"turns":5},{"damage":0,"enemies":"3 Byrds","floor":20,"turns":5},{"damage":23,"enemies":"Shelled Parasite and Fungi","floor":22,"turns":5},{"damage":30,"enemies":"Book of Stabbing","floor":24,"turns":5},{"damage":16,"enemies":"Gremlin Leader","floor":27,"turns":4},{"damage":25,"enemies":"Slavers","floor":30,"turns":5},{"damage":14,"enemies":"Centurion and Healer","floor":31,"turns":4},{"damage":15,"enemies":"Champ","floor":33,"turns":5},{"damage":7,"enemies":"3 Darklings","floor":35,"turns":3},{"damage":6,"enemies":"Orb Walker","floor":36,"turns":3},{"damage":44,"enemies":"3 Darklings","floor":38,"turns":4},{"damage":52,"enemies":"Reptomancer","floor":40,"turns":4},{"damage":6,"enemies":"Nemesis","floor":42,"turns":3},{"damage":0,"enemies":"Reptomancer","floor":46,"turns":3},{"damage":6,"enemies":"Jaw Worm Horde","floor":48,"turns":4},{"damage":61,"enemies":"Time Eater","floor":50,"turns":9}],"seed_played":"8445495527242948670","potions_obtained":[{"floor":4,"key":"SteroidPotion"},{"floor":5,"key":"Swift Potion"}],"is_trial":false,"path_per_floor":["M","?","?","M","M","E","R","E","T","?","R","E","R","?","R","B",null,"M","?","M","$","M","R","E","R","T","E","$","R","E","M","R","B",null,"M","M","$","M","?","E","R","E","T","R","?","E","$","M","R","B",null],"character_chosen":"IRONCLAD","items_purchased":["Feel No Pain","Dead Branch","Dark Shackles","Lantern","Pommel Strike"],"campfire_rested":11,"item_purchase_floors":[21,21,28,37,47],"current_hp_per_floor":[63,47,67,56,55,28,52,30,30,30,54,53,77,70,80,61,75,48,48,58,58,41,65,37,61,61,64,64,80,61,49,73,65,76,74,74,74,36,36,1,25,21,21,45,45,47,47,55,79,19],"gold":20,"neow_bonus":"BOSS_RELIC","is_prod":false,"is_daily":false,"chose_seed":false,"campfire_upgraded":0,"win_rate":0,"timestamp":1551377582,"path_taken":["M","?","?","M","M","E","R","E","T","?","R","E","R","?","R","BOSS","M","?","M","$","M","R","E","R","T","E","$","R","E","M","R","BOSS","M","?","$","M","?","E","R","E","T","R","?","E","?","M","R","BOSS"],"build_version":"2019-01-23","purchased_purges":0,"victory":true,"max_hp_per_floor":[80,80,80,80,80,80,80,80,80,80,80,80,80,80,80,80,80,80,80,80,80,80,80,80,80,80,80,80,80,80,80,80,80,80,80,80,80,80,80,80,80,80,80,80,80,80,80,80,80,80],"card_choices":[{"not_picked":["Cleave","Second Wind"],"picked":"Twin Strike","floor":1},{"not_picked":["True Grit","Sentinel"],"picked":"Twin Strike","floor":4},{"not_picked":["Cleave","Headbutt"],"picked":"Pommel Strike","floor":5},{"not_picked":["Body Slam","Clash"],"picked":"Perfected Strike","floor":6},{"not_picked":["Dual Wield","Pommel Strike"],"picked":"Reaper","floor":8},{"not_picked":["Reckless Charge","Sword Boomerang"],"picked":"Metallicize","floor":12},{"not_picked":["Feed","Dark Embrace"],"picked":"Limit Break","floor":16},{"not_picked":["True Grit+1","Infernal Blade"],"picked":"Clothesline+1","floor":18},{"not_picked":["Clash","Twin Strike+1"],"picked":"Corruption","floor":20},{"not_picked":["Flex","Armaments"],"picked":"Burning Pact","floor":22},{"not_picked":["Thunderclap+1","Headbutt"],"picked":"Exhume","floor":24},{"not_picked":["Clash","Whirlwind"],"picked":"Offering","floor":27},{"not_picked":["Entrench","Combust","Clash"],"picked":"SKIP","floor":30},{"not_picked":["Hemokinesis","Armaments"],"picked":"Shrug It Off","floor":31},{"not_picked":["Limit Break","Offering"],"picked":"Juggernaut","floor":33},{"not_picked":["Clothesline","Warcry"],"picked":"Fiend Fire","floor":34},{"not_picked":["Armaments","Combust"],"picked":"Feel No Pain+1","floor":34},{"not_picked":["Spot Weakness","Anger"],"picked":"Havoc+1","floor":34},{"not_picked":["Armaments","Thunderclap"],"picked":"True Grit","floor":34},{"not_picked":["True Grit","Pommel Strike"],"picked":"Body Slam","floor":35},{"not_picked":["Wild Strike","Body Slam"],"picked":"Havoc","floor":36},{"not_picked":["Havoc","Clash","Iron Wave"],"picked":"SKIP","floor":38},{"not_picked":["Iron Wave","Armaments"],"picked":"Headbutt+1","floor":40},{"not_picked":["Body Slam","Uppercut"],"picked":"Metallicize","floor":42},{"not_picked":["Havoc+1","Metallicize+1"],"picked":"Fiend Fire","floor":46},{"not_picked":["Combust+1","Thunderclap"],"picked":"Feel No Pain","floor":48}],"player_experience":786956,"relics_obtained":[{"floor":6,"key":"War Paint"},{"floor":8,"key":"Anchor"},{"floor":9,"key":"Blood Vial"},{"floor":12,"key":"Happy Flower"},{"floor":24,"key":"Du-Vu Doll"},{"floor":26,"key":"Bottled Flame"},{"floor":27,"key":"Pocketwatch"},{"floor":30,"key":"Shuriken"},{"floor":40,"key":"Unceasing Top"},{"floor":42,"key":"Singing Bowl"},{"floor":43,"key":"Toxic Egg 2"},{"floor":46,"key":"Juzu Bracelet"}],"event_choices":[{"damage_healed":0,"gold_gain":0,"player_choice":"Entered Light","damage_taken":16,"max_hp_gain":0,"max_hp_loss":0,"event_name":"Shining Light","floor":2,"gold_loss":0,"cards_upgraded":["Defend_R","Strike_R"]},{"damage_healed":20,"gold_gain":0,"player_choice":"Healed","damage_taken":0,"max_hp_gain":0,"max_hp_loss":0,"event_name":"The Cleric","floor":3,"gold_loss":35},{"damage_healed":0,"gold_gain":0,"player_choice":"Ignored","damage_taken":0,"max_hp_gain":0,"max_hp_loss":0,"event_name":"Liars Game","floor":10,"gold_loss":0},{"cards_removed":["Strike_R"],"damage_healed":0,"gold_gain":0,"player_choice":"Card Removal","damage_taken":7,"max_hp_gain":0,"max_hp_loss":0,"event_name":"Golden Wing","floor":14,"gold_loss":0},{"damage_healed":0,"gold_gain":0,"player_choice":"Upgraded","damage_taken":0,"max_hp_gain":0,"max_hp_loss":0,"event_name":"Upgrade Shrine","floor":19,"gold_loss":0,"cards_upgraded":["Limit Break"]},{"cards_removed":["Twin Strike"],"damage_healed":0,"gold_gain":0,"player_choice":"Removed Attack","damage_taken":0,"max_hp_gain":0,"max_hp_loss":0,"event_name":"Falling","floor":39,"gold_loss":0},{"damage_healed":0,"gold_gain":0,"player_choice":"Paid","damage_taken":0,"relics_obtained":["Red Mask"],"max_hp_gain":0,"max_hp_loss":0,"event_name":"Tomb of Lord Red Mask","floor":45,"gold_loss":96}],"is_beta":false,"boss_relics":[{"not_picked":["Lizard Tail","Coffee Dripper"],"picked":"Sozu"},{"not_picked":["Tiny House","Velvet Choker"],"picked":"Orrery"}],"items_purged_floors":[],"is_endless":false,"potions_floor_spawned":[4,5,20,27,33,35,40,42,46,48],"ascension_level":12}