{"gold_per_floor":[114,129,204,204,204,204,217,70,142,142,122,165,190,213,225,360,372,398,250,250,268,71,71],"floor_reached":23,"playtime":561,"items_purged":["Strike_B"],"score":243,"play_id":"7847d72b-0f4f-4fc3-aef9-db74f74b84d1","local_time":"20190215135224","is_ascension_mode":true,"campfire_choices":[{"data":"Dualcast","floor":6,"key":"SMITH"},{"data":"Turbo","floor":10,"key":"SMITH"},{"floor":15,"key":"REST"}],"neow_cost":"NONE","seed_source_timestamp":51333753299285,"circlet_count":0,"master_deck":["Strike_B+1","Strike_B+1","Strike_B","Defend_B","Defend_B","Defend_B","Defend_B","Zap+1","Dualcast+1","Doom and Gloom","Gash","Turbo+1","Coolheaded","Redo","Machine Learning","Defragment","Flash of Steel","Go for the Eyes","Skim","Self Repair"],"relics":["Cracked Core","Golden Idol","PreservedInsect","Pear","Vajra","MawBank","Busted Crown"],"potions_floor_usage":[16,16],"damage_taken":[{"damage":3,"enemies":"2 Louse","floor":1,"turns":2},{"damage":1,"enemies":"Cultist","floor":2,"turns":3},{"damage":2,"enemies":"Jaw Worm","floor":7,"turns":2},{"damage":15,"enemies":"Lagavulin","floor":12,"turns":4},{"damage":14,"enemies":"Exordium Thugs","floor":13,"turns":4},{"damage":26,"enemies":"The Guardian","floor":16,"turns":11},{"damage":36,"enemies":"2 Thieves","floor":18,"turns":4},{"damage":7,"enemies":"Chosen","floor":21,"turns":4},{"damage":26,"enemies":"Gremlin Leader","floor":23,"turns":2}],"seed_played":"1756227616914060632","potions_obtained":[{"floor":1,"key":"Swift Potion"},{"floor":2,"key":"SteroidPotion"},{"floor":11,"key":"FocusPotion"},{"floor":21,"key":"FearPotion"}],"is_trial":false,"path_per_floor":["M","M","?","?","?","R","M","$","T","R","?","E","M","T","R","B",null,"M","$","?","M","$","E"],"character_chosen":"DEFECT","items_purchased":["PreservedInsect","Defragment","Flash of Steel","Skim","Self Repair"],"campfire_rested":1,"item_purchase_floors":[8,19,19,22,22],"current_hp_per_floor":[65,64,53,38,38,38,36,36,46,46,46,31,17,17,40,14,63,27,27,27,20,20,0],"gold":71,"neow_bonus":"UPGRADE_CARD","is_prod":false,"is_daily":false,"chose_seed":false,"campfire_upgraded":2,"win_rate":0,"timestamp":1550235144,"path_taken":["M","M","?","?","?","R","M","$","T","R","?","E","?","?","R","BOSS","M","$","?","M","$","E"],"build_version":"2019-01-23","purchased_purges":1,"victory":false,"max_hp_per_floor":[75,75,75,75,69,69,69,69,79,79,79,79,79,79,79,79,79,79,79,79,79,79,79],"card_choices":[{"not_picked":["Steam Power","Chaos"],"picked":"Doom and Gloom","floor":1},{"not_picked":["Doom and Gloom","Force Field"],"picked":"Gash","floor":2},{"not_picked":["Ball Lightning","Barrage"],"picked":"Turbo","floor":7},{"not_picked":["Turbo","Cold Snap"],"picked":"Coolheaded","floor":12},{"not_picked":["Scrape","Ball Lightning"],"picked":"Redo","floor":13},{"not_picked":["Fission","Core Surge"],"picked":"Machine Learning","floor":16},{"not_picked":["Recycle"],"picked":"SKIP","floor":18},{"not_picked":[],"picked":"Go for the Eyes","floor":21}],"player_experience":660688,"relics_obtained":[{"floor":9,"key":"Pear"},{"floor":12,"key":"Vajra"},{"floor":14,"key":"MawBank"}],"event_choices":[{"damage_healed":0,"gold_gain":75,"player_choice":"Gather Gold","damage_taken":11,"max_hp_gain":0,"max_hp_loss":0,"event_name":"World of Goop","floor":3,"gold_loss":0},{"damage_healed":0,"gold_gain":0,"player_choice":"Entered Light","damage_taken":15,"max_hp_gain":0,"max_hp_loss":0,"event_name":"Shining Light","floor":4,"gold_loss":0,"cards_upgraded":["Strike_B","Strike_B"]},{"damage_healed":0,"gold_gain":0,"player_choice":"Lose Max HP","damage_taken":0,"relics_obtained":["Golden Idol"],"max_hp_gain":0,"max_hp_loss":6,"event_name":"Golden Idol","floor":5,"gold_loss":0},{"damage_healed":0,"gold_gain":0,"player_choice":"Bought 1 Potion","damage_taken":0,"max_hp_gain":0,"max_hp_loss":0,"event_name":"The Woman in Blue","floor":11,"gold_loss":0},{"damage_healed":0,"gold_gain":0,"player_choice":"Ignored","damage_taken":0,"max_hp_gain":0,"max_hp_loss":0,"event_name":"Ghosts","floor":20,"gold_loss":0}],"is_beta":false,"boss_relics":[{"not_picked":["Orrery","Inserter"],"picked":"Busted Crown"}],"items_purged_floors":[22],"is_endless":false,"potions_floor_spawned":[1,2,21],"killed_by":"Gremlin Leader","ascension_level":6}