{"gold_per_floor":[115,128,303,253,98,131,143,143,143,158,158,178,210,42,42,140,140,152,152,166,196,196,196,231,231,231,261,277,277],"floor_reached":29,"playtime":1781,"items_purged":["Strike_R","Strike_R"],"score":326,"play_id":"5eae2daa-d265-455c-a658-fb52fd164af2","local_time":"20190303123925","is_ascension_mode":true,"campfire_choices":[{"data":"Metallicize","floor":8,"key":"SMITH"},{"data":"Bash","floor":11,"key":"SMITH"},{"data":"Carnage","floor":15,"key":"SMITH"},{"floor":23,"key":"REST"},{"data":"Metallicize","floor":25,"key":"SMITH"}],"neow_cost":"NONE","seed_source_timestamp":388939469575116,"circlet_count":0,"master_deck":["Strike_R","Defend_R","Defend_R","Defend_R","Defend_R","Bash+1","Dropkick","Metallicize+1","Ghostly Armor","Pommel Strike","Carnage+1","Fire Breathing","Dropkick","Juggernaut","Flame Barrier","Double Tap","Impervious","Metallicize+1","Shrug It Off","Whirlwind+1"],"relics":["Burning Blood","NeowsBlessing","Torii","Bottled Tornado","Boot","Velvet Choker","Red Mask","Darkstone Periapt","Strawberry","Juzu Bracelet"],"potions_floor_usage":[24,24,24,29],"damage_taken":[{"damage":0,"enemies":"Small Slimes","floor":1,"turns":1},{"damage":0,"enemies":"2 Louse","floor":2,"turns":1},{"damage":0,"enemies":"Gremlin Nob","floor":6,"turns":1},{"damage":0,"enemies":"Jaw Worm","floor":7,"turns":3},{"damage":1,"enemies":"2 Fungi Beasts","floor":10,"turns":4},{"damage":0,"enemies":"Large Slime","floor":12,"turns":6},{"damage":2,"enemies":"3 Sentries","floor":13,"turns":9},{"damage":12,"enemies":"The Guardian","floor":16,"turns":11},{"damage":5,"enemies":"3 Byrds","floor":18,"turns":4},{"damage":0,"enemies":"Chosen","floor":20,"turns":3},{"damage":42,"enemies":"Masked Bandits","floor":21,"turns":6},{"damage":36,"enemies":"Slavers","floor":24,"turns":5},{"damage":20,"enemies":"Book of Stabbing","floor":27,"turns":6},{"damage":25,"enemies":"3 Cultists","floor":28,"turns":6},{"damage":21,"enemies":"Slavers","floor":29,"turns":4}],"seed_played":"7522011428614731763","potions_obtained":[{"floor":1,"key":"Poison Potion"},{"floor":2,"key":"Swift Potion"},{"floor":6,"key":"Regen Potion"},{"floor":18,"key":"LiquidBronze"},{"floor":27,"key":"GamblersBrew"},{"floor":28,"key":"SpeedPotion"}],"is_trial":false,"path_per_floor":["M","M","?","?","$","E","M","R","T","M","R","M","E","$","R","B",null,"M","?","M","?","?","R","E","R","T","E","M","E"],"character_chosen":"IRONCLAD","items_purchased":["Metallicize","Dropkick"],"campfire_rested":1,"item_purchase_floors":[5,14],"current_hp_per_floor":[80,80,80,80,80,80,80,80,80,80,80,80,80,80,80,74,80,80,80,80,44,29,54,39,39,46,32,13,0],"gold":277,"neow_bonus":"THREE_ENEMY_KILL","is_prod":false,"is_daily":false,"chose_seed":false,"campfire_upgraded":4,"win_rate":0,"timestamp":1551634765,"path_taken":["M","M","?","?","$","E","M","R","T","M","R","M","E","$","R","BOSS","M","?","M","?","?","R","E","R","T","E","M","E"],"build_version":"2019-01-23","purchased_purges":2,"victory":false,"max_hp_per_floor":[80,80,80,80,80,80,80,80,80,80,80,80,80,80,80,80,80,80,80,80,80,85,85,85,85,92,92,92,92],"card_choices":[{"not_picked":["Sentinel","Body Slam"],"picked":"Dropkick","floor":1},{"not_picked":["Iron Wave","Flex","Twin Strike"],"picked":"SKIP","floor":2},{"not_picked":["Headbutt","Wild Strike"],"picked":"Ghostly Armor","floor":6},{"not_picked":["Pummel","Cleave"],"picked":"Pommel Strike","floor":7},{"not_picked":["Blood for Blood","Twin Strike","Clash"],"picked":"SKIP","floor":10},{"not_picked":["Rupture","Fiend Fire"],"picked":"Carnage","floor":12},{"not_picked":["Cleave","Heavy Blade"],"picked":"Fire Breathing","floor":13},{"not_picked":["Berserk","Limit Break"],"picked":"Juggernaut","floor":16},{"not_picked":["Shrug It Off","Clothesline"],"picked":"Flame Barrier","floor":18},{"not_picked":["Rupture","Body Slam"],"picked":"Metallicize","floor":20},{"not_picked":["Sever Soul+1","Headbutt"],"picked":"Shrug It Off","floor":24},{"not_picked":["Reckless Charge","Whirlwind","Flex"],"picked":"SKIP","floor":27},{"not_picked":["Thunderclap","Iron Wave"],"picked":"Whirlwind+1","floor":28}],"player_experience":259091,"relics_obtained":[{"floor":6,"key":"Torii"},{"floor":9,"key":"Bottled Tornado"},{"floor":13,"key":"Boot"},{"floor":21,"key":"Red Mask"},{"floor":24,"key":"Darkstone Periapt"},{"floor":26,"key":"Strawberry"},{"floor":27,"key":"Juzu Bracelet"}],"event_choices":[{"damage_healed":0,"gold_gain":175,"player_choice":"AGREE","damage_taken":0,"max_hp_gain":0,"max_hp_loss":0,"event_name":"Liars Game","floor":3,"gold_loss":0,"cards_obtained":["Doubt"]},{"cards_removed":["Doubt"],"damage_healed":0,"gold_gain":0,"player_choice":"Card Removal","damage_taken":0,"max_hp_gain":0,"max_hp_loss":0,"event_name":"The Cleric","floor":4,"gold_loss":50},{"damage_healed":0,"gold_gain":0,"cards_transformed":["Strike_R","Strike_R"],"player_choice":"Became Test Subject","damage_taken":0,"max_hp_gain":0,"max_hp_loss":0,"event_name":"Drug Dealer","floor":19,"gold_loss":0,"cards_obtained":["Double Tap","Impervious"]},{"damage_healed":0,"gold_gain":0,"player_choice":"Fought Bandits","damage_taken":0,"max_hp_gain":0,"max_hp_loss":0,"event_name":"Masked Bandits","floor":21,"gold_loss":0},{"damage_healed":0,"gold_gain":0,"player_choice":"Shed Blood","damage_taken":20,"max_hp_gain":5,"max_hp_loss":0,"event_name":"Forgotten Altar","floor":22,"gold_loss":0}],"is_beta":false,"boss_relics":[{"not_picked":["Ectoplasm","Black Blood"],"picked":"Velvet Choker"}],"items_purged_floors":[5,14],"is_endless":false,"potions_floor_spawned":[1,2,6,18,27,28],"killed_by":"Slavers","ascension_level":2}