{"gold_per_floor":[115,40,59,74,74,106,31,31,76,91,91,104,114,127,127,222,272,260,90,15,15,33,33,33],"floor_reached":24,"playtime":1129,"items_purged":["Shame","Strike_B"],"score":248,"play_id":"04e31b15-347e-442d-8a27-6cd05be987cd","local_time":"20190214184253","is_ascension_mode":true,"campfire_choices":[{"floor":11,"key":"REST"},{"data":"Echo Form","floor":15,"key":"SMITH"},{"data":"Zap","floor":23,"key":"SMITH"}],"neow_cost":"CURSE","seed_source_timestamp":7667286100316,"circlet_count":0,"master_deck":["Strike_B+1","Defend_B","Defend_B","Defend_B","Defend_B","Zap+1","Dualcast","Glacier","Echo Form+1","Reinforced Body","Ball Lightning","Core Surge","Gash","Turbo","Fission","All For One","Melter","Rebound","Loop","Self Repair"],"relics":["Cracked Core","Incense Burner","Omamori","Bag of Preparation","Tiny House","Mummified Hand"],"potions_floor_usage":[6,14,16,18,18],"damage_taken":[{"damage":0,"enemies":"Cultist","floor":1,"turns":3},{"damage":0,"enemies":"Jaw Worm","floor":3,"turns":4},{"damage":11,"enemies":"2 Louse","floor":4,"turns":3},{"damage":23,"enemies":"3 Sentries","floor":6,"turns":9},{"damage":11,"enemies":"Lots of Slimes","floor":10,"turns":6},{"damage":0,"enemies":"Looter","floor":12,"turns":3},{"damage":12,"enemies":"Gremlin Gang","floor":13,"turns":6},{"damage":16,"enemies":"3 Louse","floor":14,"turns":2},{"damage":24,"enemies":"Slime Boss","floor":16,"turns":9},{"damage":33,"enemies":"2 Thieves","floor":18,"turns":5},{"damage":9,"enemies":"Chosen","floor":22,"turns":5},{"damage":41,"enemies":"Book of Stabbing","floor":24,"turns":4}],"seed_played":"-4825693504442228932","potions_obtained":[{"floor":4,"key":"Strength Potion"},{"floor":13,"key":"Energy Potion"},{"floor":14,"key":"FearPotion"},{"floor":16,"key":"Regen Potion"},{"floor":17,"key":"EssenceOfSteel"}],"is_trial":false,"path_per_floor":["M","$","M","M","?","E","$","?","T","M","R","M","M","M","R","B",null,"M","$","?","?","M","R","E"],"character_chosen":"DEFECT","items_purchased":["Echo Form","Loop"],"campfire_rested":1,"item_purchase_floors":[2,19],"current_hp_per_floor":[75,75,75,64,69,46,46,46,46,35,59,59,47,31,31,7,67,46,46,46,46,37,37,0],"gold":33,"neow_bonus":"ONE_RARE_RELIC","is_prod":false,"is_daily":false,"chose_seed":false,"campfire_upgraded":2,"win_rate":0,"timestamp":1550166173,"path_taken":["M","$","M","?","?","E","$","?","T","?","R","M","M","M","R","BOSS","M","$","?","?","?","R","E"],"build_version":"2019-01-23","purchased_purges":2,"victory":false,"max_hp_per_floor":[75,75,75,75,80,80,80,80,80,80,80,80,80,80,80,80,85,85,85,85,85,85,85,85],"card_choices":[{"not_picked":["Go for the Eyes","Steam"],"picked":"Glacier","floor":1},{"not_picked":["Redo","Streamline"],"picked":"Reinforced Body","floor":3},{"not_picked":["Sunder","Skim"],"picked":"Ball Lightning","floor":4},{"not_picked":["Self Repair","Steam Power"],"picked":"Core Surge","floor":6},{"not_picked":["Ball Lightning","Cold Snap"],"picked":"Gash","floor":10},{"not_picked":["Ball Lightning","Storm"],"picked":"Hello World","floor":12},{"not_picked":["Streamline","Static Discharge"],"picked":"Turbo","floor":13},{"not_picked":["Consume","Steam"],"picked":"Fission","floor":14},{"not_picked":["Amplify","Multi-Cast"],"picked":"All For One","floor":16},{"not_picked":["Compile Driver","Cold Snap"],"picked":"Melter","floor":17},{"not_picked":["Lockon","Beam Cell"],"picked":"Rebound","floor":18},{"not_picked":["Beam Cell+1","Rebound"],"picked":"Self Repair","floor":22}],"player_experience":645234,"relics_obtained":[{"floor":6,"key":"Omamori"},{"floor":9,"key":"Bag of Preparation"}],"event_choices":[{"damage_healed":0,"gold_gain":0,"player_choice":"Donut","damage_taken":0,"max_hp_gain":5,"max_hp_loss":0,"event_name":"Big Fish","floor":5,"gold_loss":0},{"cards_removed":["Strike_B"],"damage_healed":0,"gold_gain":0,"player_choice":"Purged","damage_taken":0,"max_hp_gain":0,"max_hp_loss":0,"event_name":"Purifier","floor":8,"gold_loss":0},{"cards_removed":["Strike_B"],"damage_healed":0,"gold_gain":0,"player_choice":"Gave Gold","damage_taken":0,"max_hp_gain":0,"max_hp_loss":0,"event_name":"Beggar","floor":20,"gold_loss":75},{"cards_removed":["Hello World"],"damage_healed":0,"gold_gain":0,"player_choice":"Gave Card","damage_taken":0,"relics_obtained":["Mummified Hand"],"max_hp_gain":0,"max_hp_loss":0,"event_name":"WeMeetAgain","floor":21,"gold_loss":0}],"is_beta":false,"boss_relics":[{"not_picked":["Velvet Choker","Runic Pyramid"],"picked":"Tiny House"}],"items_purged_floors":[7,19],"is_endless":false,"potions_floor_spawned":[4,13,14,16],"killed_by":"Book of Stabbing","ascension_level":5}