{"gold_per_floor":[215,215,9,29,44,70,90,90,113,113,113,126,144,144,144,144],"floor_reached":16,"playtime":446,"items_purged":[],"score":143,"play_id":"2dff3575-e1b7-42c2-bcc5-e414f575604f","local_time":"20190223151243","is_ascension_mode":true,"campfire_choices":[{"data":"Seeing Red","floor":8,"key":"SMITH"},{"data":"Whirlwind","floor":10,"key":"SMITH"},{"data":"Carnage","floor":15,"key":"SMITH"}],"neow_cost":"NONE","seed_source_timestamp":508922054945984,"circlet_count":0,"master_deck":["Strike_R","Strike_R","Strike_R","Strike_R","Defend_R+1","Defend_R","Defend_R","Defend_R+1","Bash+1","Thunderclap","Pommel Strike","Sword Boomerang","Whirlwind+1","Seeing Red+1","Carnage+1","Rage"],"relics":["Burning Blood","Orichalcum","War Paint","PreservedInsect","Golden Idol"],"potions_floor_usage":[6,6,7],"damage_taken":[{"damage":10,"enemies":"Small Slimes","floor":1,"turns":4},{"damage":8,"enemies":"Jaw Worm","floor":4,"turns":3},{"damage":5,"enemies":"2 Louse","floor":5,"turns":3},{"damage":29,"enemies":"3 Sentries","floor":6,"turns":7},{"damage":1,"enemies":"2 Fungi Beasts","floor":7,"turns":3},{"damage":12,"enemies":"Exordium Wildlife","floor":12,"turns":3},{"damage":5,"enemies":"Looter","floor":13,"turns":3},{"damage":42,"enemies":"Slime Boss","floor":16,"turns":10}],"seed_played":"-1281105334016732444","potions_obtained":[{"floor":4,"key":"SteroidPotion"},{"floor":5,"key":"Dexterity Potion"},{"floor":7,"key":"Fruit Juice"}],"is_trial":false,"path_per_floor":["M","?","$","M","M","E","M","R","T","R","?","M","M","?","R","B"],"character_chosen":"IRONCLAD","items_purchased":["Pommel Strike","Orichalcum"],"campfire_rested":0,"item_purchase_floors":[3,3],"current_hp_per_floor":[68,68,68,66,67,44,54,54,54,54,54,48,49,42,42,0],"gold":144,"neow_bonus":"HUNDRED_GOLD","is_prod":false,"is_daily":false,"chose_seed":false,"campfire_upgraded":3,"win_rate":0,"timestamp":1550931163,"path_taken":["M","?","$","M","M","E","M","R","T","R","?","M","M","?","R","BOSS"],"build_version":"2019-01-23","purchased_purges":0,"victory":false,"max_hp_per_floor":[80,80,80,80,80,80,85,85,85,85,79,79,79,79,79,79],"card_choices":[{"not_picked":["Bloodletting","Anger"],"picked":"Thunderclap","floor":1},{"not_picked":["Metallicize","Shrug It Off"],"picked":"Sword Boomerang","floor":4},{"not_picked":["Heavy Blade","Evolve"],"picked":"Whirlwind","floor":5},{"not_picked":["Flex","Pommel Strike"],"picked":"Seeing Red","floor":6},{"not_picked":["Twin Strike","Sentinel","Heavy Blade"],"picked":"SKIP","floor":7},{"not_picked":["Battle Trance","Shrug It Off"],"picked":"Carnage","floor":12},{"not_picked":["Heavy Blade","Headbutt"],"picked":"Rage","floor":13}],"player_experience":745042,"relics_obtained":[{"floor":6,"key":"War Paint"},{"floor":9,"key":"PreservedInsect"}],"event_choices":[{"damage_healed":0,"gold_gain":0,"player_choice":"Grow","damage_taken":0,"max_hp_gain":0,"max_hp_loss":0,"event_name":"Living Wall","floor":2,"gold_loss":0,"cards_upgraded":["Bash"]},{"damage_healed":0,"gold_gain":0,"player_choice":"Lose Max HP","damage_taken":0,"relics_obtained":["Golden Idol"],"max_hp_gain":0,"max_hp_loss":6,"event_name":"Golden Idol","floor":11,"gold_loss":0},{"cards_removed":["Strike_R"],"damage_healed":0,"gold_gain":0,"player_choice":"Card Removal","damage_taken":7,"max_hp_gain":0,"max_hp_loss":0,"event_name":"Golden Wing","floor":14,"gold_loss":0}],"is_beta":false,"boss_relics":[],"items_purged_floors":[],"is_endless":false,"potions_floor_spawned":[4,5,7],"killed_by":"Slime Boss","ascension_level":8}