{"gold_per_floor":[118,130,149,119,0,35,35,54,54,83,83,100,100],"floor_reached":13,"playtime":535,"items_purged":[],"score":138,"play_id":"1f46603e-f8a2-439c-a6a4-fa4c13c1c845","local_time":"20190223184735","is_ascension_mode":true,"campfire_choices":[{"data":"Armaments","floor":7,"key":"SMITH"},{"floor":11,"key":"REST"}],"neow_cost":"NONE","seed_source_timestamp":521726771664118,"circlet_count":0,"master_deck":["Strike_R","Strike_R","Strike_R","Strike_R","Strike_R","Defend_R","Defend_R","Defend_R","Defend_R","Bash","Clothesline","Perfected Strike","Infernal Blade","Jack Of All Trades","Warcry","Armaments+1","Pommel Strike","Pummel"],"relics":["Burning Blood","Bird Faced Urn","Toxic Egg 2","Question Card"],"potions_floor_usage":[6,10,10],"damage_taken":[{"damage":8,"enemies":"Small Slimes","floor":1,"turns":5},{"damage":4,"enemies":"Cultist","floor":2,"turns":3},{"damage":9,"enemies":"2 Louse","floor":3,"turns":3},{"damage":24,"enemies":"Gremlin Nob","floor":6,"turns":4},{"damage":21,"enemies":"Exordium Thugs","floor":8,"turns":5},{"damage":40,"enemies":"3 Sentries","floor":10,"turns":10},{"damage":22,"enemies":"3 Louse","floor":12,"turns":4},{"damage":29,"enemies":"Gremlin Nob","floor":13,"turns":3}],"seed_played":"-749746620801684670","potions_obtained":[{"floor":1,"key":"EssenceOfSteel"},{"floor":4,"key":"SneckoOil"},{"floor":4,"key":"FearPotion"},{"floor":8,"key":"Regen Potion"},{"floor":12,"key":"SpeedPotion"}],"is_trial":false,"path_per_floor":["M","M","M","?","$","E","R","M","T","E","R","M","E"],"character_chosen":"IRONCLAD","items_purchased":["Jack Of All Trades","Warcry"],"campfire_rested":1,"item_purchase_floors":[5,5],"current_hp_per_floor":[70,72,69,69,69,51,51,36,36,17,41,25,0],"gold":100,"neow_bonus":"THREE_CARDS","is_prod":false,"is_daily":false,"chose_seed":false,"campfire_upgraded":1,"win_rate":0,"timestamp":1550944055,"path_taken":["M","M","M","?","$","E","R","?","T","E","R","M","E"],"build_version":"2019-01-23","purchased_purges":0,"victory":false,"max_hp_per_floor":[80,80,80,80,80,80,80,80,80,80,80,80,80],"card_choices":[{"not_picked":["True Grit","Ghostly Armor"],"picked":"Clothesline","floor":0},{"not_picked":["Searing Blow","Flex","Thunderclap"],"picked":"SKIP","floor":1},{"not_picked":["Cleave","Searing Blow"],"picked":"Perfected Strike","floor":2},{"not_picked":["Dropkick","Anger"],"picked":"Infernal Blade","floor":3},{"not_picked":["Perfected Strike","Sword Boomerang"],"picked":"Armaments","floor":6},{"not_picked":["Cleave","Reckless Charge"],"picked":"Pommel Strike","floor":8},{"not_picked":["Fire Breathing","Cleave","Thunderclap"],"picked":"SKIP","floor":10},{"not_picked":["Body Slam","Searing Blow","Clothesline"],"picked":"Pummel","floor":12}],"player_experience":748773,"relics_obtained":[{"floor":6,"key":"Bird Faced Urn"},{"floor":9,"key":"Toxic Egg 2"},{"floor":10,"key":"Question Card"}],"event_choices":[{"damage_healed":0,"gold_gain":0,"player_choice":"Bought 2 Potions","damage_taken":0,"max_hp_gain":0,"max_hp_loss":0,"event_name":"The Woman in Blue","floor":4,"gold_loss":0}],"is_beta":false,"boss_relics":[],"items_purged_floors":[],"is_endless":false,"potions_floor_spawned":[1,8,12],"killed_by":"Gremlin Nob","ascension_level":9}