{"gold_per_floor":[119,119,135,235,66,104,104,117,117,6,40,53,53],"floor_reached":13,"playtime":475,"items_purged":["Shame"],"score":158,"play_id":"13ba9bf6-106a-4a27-a394-9b7677e3a269","local_time":"20190223115232","is_ascension_mode":true,"campfire_choices":[{"floor":7,"key":"REST"}],"neow_cost":"CURSE","seed_source_timestamp":496883298717737,"circlet_count":0,"master_deck":["AscendersBane","Defend_G","Defend_G","Defend_G","Defend_G","Defend_G","Strike_G","Strike_G","Strike_G","Strike_G","Strike_G","Survivor","Neutralize","Deadly Poison","Noxious Fumes","Dagger Spray","Backflip","Dagger Throw","Caltrops","Dash","Cloak And Dagger"],"relics":["Ring of the Snake","Turnip","Golden Idol","Prayer Wheel","Pantograph","Centennial Puzzle"],"potions_floor_usage":[6,11,11],"damage_taken":[{"damage":12,"enemies":"Jaw Worm","floor":1,"turns":7},{"damage":3,"enemies":"Cultist","floor":3,"turns":5},{"damage":43,"enemies":"Gremlin Nob","floor":6,"turns":5},{"damage":0,"enemies":"2 Louse","floor":8,"turns":2},{"damage":7,"enemies":"Lagavulin","floor":11,"turns":6},{"damage":6,"enemies":"2 Fungi Beasts","floor":12,"turns":4},{"damage":10,"enemies":"3 Louse","floor":13,"turns":1}],"seed_played":"-6977783325221990253","potions_obtained":[{"floor":6,"key":"GhostInAJar"},{"floor":8,"key":"Fire Potion"},{"floor":11,"key":"Ancient Potion"}],"is_trial":false,"path_per_floor":["M","?","M","?","$","E","R","M","T","$","E","M","M"],"character_chosen":"THE_SILENT","items_purchased":["Noxious Fumes","Dagger Spray","Explosive Potion","Caltrops"],"campfire_rested":1,"item_purchase_floors":[5,5,5,10],"current_hp_per_floor":[47,47,44,44,44,1,19,19,19,19,12,6,0],"gold":53,"neow_bonus":"ONE_RARE_RELIC","is_prod":false,"is_daily":false,"chose_seed":false,"campfire_upgraded":0,"win_rate":0,"timestamp":1550919152,"path_taken":["M","?","M","?","$","E","R","M","T","$","E","?","M"],"build_version":"2019-01-23","purchased_purges":1,"victory":false,"max_hp_per_floor":[66,61,61,61,61,61,61,61,61,61,61,61,61],"card_choices":[{"not_picked":["Cloak And Dagger","Acrobatics","Outmaneuver"],"picked":"SKIP","floor":1},{"not_picked":["PiercingWail","Underhanded Strike"],"picked":"Deadly Poison","floor":3},{"not_picked":["Poisoned Stab","Slice","Deadly Poison"],"picked":"SKIP","floor":6},{"not_picked":["Concentrate","Grand Finale"],"picked":"Backflip","floor":8},{"not_picked":["Underhanded Strike","Choke"],"picked":"Dagger Throw","floor":8},{"not_picked":["Dagger Spray","Masterful Stab"],"picked":"Dash","floor":11},{"not_picked":["Accuracy","Finisher"],"picked":"Cloak And Dagger","floor":12},{"not_picked":["Heel Hook","Flying Knee","Backflip"],"picked":"SKIP","floor":12}],"player_experience":738596,"relics_obtained":[{"floor":6,"key":"Prayer Wheel"},{"floor":9,"key":"Pantograph"},{"floor":11,"key":"Centennial Puzzle"}],"event_choices":[{"damage_healed":0,"gold_gain":0,"player_choice":"Lose Max HP","damage_taken":0,"relics_obtained":["Golden Idol"],"max_hp_gain":0,"max_hp_loss":5,"event_name":"Golden Idol","floor":2,"gold_loss":0},{"damage_healed":0,"gold_gain":100,"player_choice":"Pray","damage_taken":0,"max_hp_gain":0,"max_hp_loss":0,"event_name":"Golden Shrine","floor":4,"gold_loss":0}],"is_beta":false,"boss_relics":[],"items_purged_floors":[10],"is_endless":false,"potions_floor_spawned":[6,8,11],"killed_by":"3 Louse","ascension_level":14}