{"gold_per_floor":[111,111,111,36,55,86,161,161,184,203,4,4,14,46,46,123,123,140,140,153,169,188,188,246,246,246,246],"floor_reached":27,"playtime":813,"items_purged":["Strike_B"],"score":466,"play_id":"d9ea8c4a-5131-490d-94e9-91855ce4e942","local_time":"20190304002624","is_ascension_mode":true,"campfire_choices":[{"floor":12.0,"key":"REST"},{"floor":15.0,"key":"REST"},{"floor":23,"key":"REST"},{"floor":25,"key":"REST"}],"neow_cost":"NONE","seed_source_timestamp":166121307978240,"circlet_count":0,"master_deck":["AscendersBane","Strike_B","Strike_B+1","Strike_B","Defend_B","Defend_B","Defend_B","Defend_B","Zap+1","Dualcast+1","BootSequence","Streamline","Leap+1","Consume+1","Apotheosis+1","Gash","White Noise+1","Gash","Seek+1","Doom and Gloom","Capacitor","White Noise+1","Defragment"],"special_seed":0,"relics":["Cracked Core","NeowsBlessing","Toxic Egg 2","Bird Faced Urn","Bag of Marbles","Bag of Preparation","Fusion Hammer","Tiny Chest","Pen Nib"],"potions_floor_usage":[22,22,24],"damage_taken":[{"damage":0.0,"enemies":"Cultist","floor":1.0,"turns":1.0},{"damage":0.0,"enemies":"Jaw Worm","floor":5.0,"turns":1.0},{"damage":0.0,"enemies":"Gremlin Nob","floor":6.0,"turns":1.0},{"damage":0.0,"enemies":"Small Slimes","floor":10.0,"turns":3.0},{"damage":4.0,"enemies":"Exordium Wildlife","floor":13.0,"turns":4.0},{"damage":20.0,"enemies":"3 Sentries","floor":14.0,"turns":5.0},{"damage":39,"enemies":"Slime Boss","floor":16,"turns":8},{"damage":4,"enemies":"Shell Parasite","floor":18,"turns":5},{"damage":0,"enemies":"Chosen","floor":20,"turns":3},{"damage":25,"enemies":"Shelled Parasite and Fungi","floor":21,"turns":6},{"damage":9,"enemies":"Snake Plant","floor":22,"turns":4},{"damage":18,"enemies":"Gremlin Leader","floor":24,"turns":6},{"damage":51,"enemies":"Book of Stabbing","floor":27,"turns":4}],"seed_played":"8992736995948515538","potions_obtained":[{"floor":5.0,"key":"Explosive Potion"},{"floor":10.0,"key":"Poison Potion"},{"floor":16,"key":"Ancient Potion"},{"floor":20,"key":"PowerPotion"},{"floor":22,"key":"Energy Potion"}],"is_trial":false,"path_per_floor":["M","?","?","$","M","E","?","?","T","M","$","R","M","E","R","B",null,"M","?","M","M","M","R","E","R","T","E"],"character_chosen":"DEFECT","items_purchased":["Apotheosis+1","Gash"],"campfire_rested":4,"item_purchase_floors":[11,11],"current_hp_per_floor":[64,59,59,59,59,59,48,27,27,27,27,48,44,26,47,10,56,54,34,36,13,10,32,20,42,42,0],"gold":246,"neow_bonus":"THREE_ENEMY_KILL","is_prod":false,"is_daily":false,"chose_seed":false,"campfire_upgraded":0,"win_rate":0,"timestamp":1551655584,"path_taken":["M","?","?","$","M","E","?","?","T","?","?","R","M","E","R","BOSS","M","?","M","M","M","R","E","R","T","E"],"build_version":"2019-01-23","purchased_purges":1,"victory":false,"max_hp_per_floor":[71,71,71,71,71,71,71,71,71,71,71,71,71,71,71,71,71,71,76,76,76,76,76,76,76,76,76],"card_choices":[{"not_picked":["Cold Snap","Streamline"],"picked":"BootSequence","floor":1.0},{"not_picked":["Steam+1","Streamline","Gash"],"picked":"SKIP","floor":5.0},{"not_picked":["Steam+1","Gash"],"picked":"Streamline","floor":5.0},{"not_picked":["Gash","Rebound"],"picked":"Leap+1","floor":6.0},{"not_picked":["Recycle+1","BootSequence+1"],"picked":"Consume+1","floor":10.0},{"not_picked":["Turbo+1","Ball Lightning"],"picked":"White Noise+1","floor":13.0},{"not_picked":["Scrape","Meteor Strike"],"picked":"Gash","floor":14.0},{"not_picked":["Amplify+1","Hyperbeam"],"picked":"Seek+1","floor":16},{"not_picked":["Coolheaded+1","Steam Power+1"],"picked":"Doom and Gloom","floor":18},{"not_picked":["Melter","Sweeping Beam+1"],"picked":"Capacitor","floor":20},{"not_picked":["Stack+1","Consume+1","Barrage"],"picked":"SKIP","floor":21},{"not_picked":["Ball Lightning","Coolheaded+1"],"picked":"White Noise+1","floor":22},{"not_picked":["Sunder","Thunder Strike"],"picked":"Defragment","floor":24}],"player_experience":813770,"relics_obtained":[{"floor":6.0,"key":"Bird Faced Urn"},{"floor":9.0,"key":"Bag of Marbles"},{"floor":14.0,"key":"Bag of Preparation"},{"floor":24,"key":"Tiny Chest"},{"floor":26,"key":"Pen Nib"}],"event_choices":[{"damage_healed":0.0,"max_hp_gain":0.0,"max_hp_loss":0.0,"gold_gain":0.0,"event_name":"Scrap Ooze","player_choice":"Success","floor":2.0,"gold_loss":0.0,"damage_taken":5.0,"relics_obtained":["Toxic Egg 2"]},{"damage_healed":0.0,"max_hp_gain":0.0,"max_hp_loss":0.0,"gold_gain":0.0,"event_name":"Living Wall","player_choice":"Grow","floor":3.0,"gold_loss":0.0,"damage_taken":0.0,"cards_upgraded":["Zap"]},{"damage_healed":0.0,"max_hp_gain":0.0,"max_hp_loss":0.0,"gold_gain":75.0,"event_name":"World of Goop","player_choice":"Gather Gold","floor":7.0,"gold_loss":0.0,"damage_taken":11.0},{"damage_healed":0.0,"max_hp_gain":0.0,"max_hp_loss":0.0,"gold_gain":0.0,"event_name":"Shining Light","player_choice":"Entered Light","floor":8.0,"gold_loss":0.0,"damage_taken":21.0,"cards_upgraded":["Dualcast","Strike_B"]},{"damage_healed":0,"gold_gain":0,"player_choice":"Shed Blood","damage_taken":25,"max_hp_gain":5,"max_hp_loss":0,"event_name":"Forgotten Altar","floor":19,"gold_loss":0}],"is_beta":false,"boss_relics":[{"not_picked":["Orrery","Coffee Dripper"],"picked":"Fusion Hammer"}],"items_purged_floors":[4],"is_endless":false,"potions_floor_spawned":[5,10,16,20,22],"killed_by":"Book of Stabbing","ascension_level":15}