{"gold_per_floor":[113,78,95,108,108,108,108,108,160,160,171,199,199,239,239,369,369,394,414,85,85,103,103,124,163,163,182,182,197,230,254,254,383,383,401,401,416,416,416,416,749,849,874,12,12,30,30,44,44,44],"floor_reached":51,"playtime":5374,"items_purged":["Strike_R"],"score":767,"play_id":"e8a745cf-190b-47a2-8a62-ea20c27c336c","local_time":"20190219203802","is_ascension_mode":true,"campfire_choices":[{"data":"Flame Barrier","floor":6,"key":"SMITH"},{"data":"Bash","floor":8,"key":"SMITH"},{"data":"Shockwave","floor":15,"key":"SMITH"},{"data":"Demon Form","floor":23,"key":"SMITH"},{"data":"Body Slam","floor":28,"key":"SMITH"},{"floor":32,"key":"REST"},{"data":"Juggernaut","floor":40,"key":"SMITH"},{"data":"Parasite","floor":45,"key":"PURGE"},{"data":"Armaments+1","floor":49,"key":"PURGE"}],"neow_cost":"NONE","seed_source_timestamp":177899006096965,"circlet_count":0,"master_deck":["Strike_R+1","Strike_R+1","Strike_R+1","Strike_R+1","Defend_R+1","Defend_R+1","Defend_R+1","Defend_R+1","Bash+1","Whirlwind+1","Flame Barrier+1","Anger+1","Shrug It Off+1","Shockwave+1","Clothesline+1","Demon Form+1","Pommel Strike+1","Metallicize+1","Battle Trance+1","Body Slam+1","Warcry+1","True Grit+1","Cleave+1","Power Through+1","Iron Wave+1","Juggernaut+1","Madness+1","Madness+1","Master of Strategy+1","Metallicize+1","Bandage Up+1","Chrysalis+1","Burning Pact+1","Leg Sweep"],"relics":["Burning Blood","Calipers","Vajra","Peace Pipe","Anchor","Cursed Key","Shuriken","Juzu Bracelet","Strawberry","Runic Cube","Happy Flower","Bronze Scales","Orichalcum","PrismaticShard","Mark of the Bloom"],"potions_floor_usage":[16,21,21,25,46,50,50,50],"damage_taken":[{"damage":0,"enemies":"Small Slimes","floor":1,"turns":3},{"damage":4,"enemies":"2 Louse","floor":3,"turns":2},{"damage":3,"enemies":"Jaw Worm","floor":4,"turns":5},{"damage":0,"enemies":"3 Louse","floor":11,"turns":2},{"damage":20,"enemies":"Gremlin Nob","floor":12,"turns":4},{"damage":17,"enemies":"3 Sentries","floor":14,"turns":6},{"damage":34,"enemies":"The Guardian","floor":16,"turns":16},{"damage":1,"enemies":"Chosen","floor":18,"turns":4},{"damage":13,"enemies":"Spheric Guardian","floor":19,"turns":4},{"damage":6,"enemies":"Colosseum Slavers","floor":21,"turns":4},{"damage":30,"enemies":"Shelled Parasite and Fungi","floor":22,"turns":5},{"damage":9,"enemies":"Snake Plant","floor":24,"turns":4},{"damage":18,"enemies":"Gremlin Leader","floor":25,"turns":5},{"damage":7,"enemies":"Cultist and Chosen","floor":27,"turns":6},{"damage":0,"enemies":"Centurion and Healer","floor":29,"turns":6},{"damage":29,"enemies":"Book of Stabbing","floor":30,"turns":6},{"damage":4,"enemies":"3 Cultists","floor":31,"turns":5},{"damage":20,"enemies":"Champ","floor":33,"turns":8},{"damage":17,"enemies":"Orb Walker","floor":35,"turns":4},{"damage":3,"enemies":"3 Shapes","floor":37,"turns":6},{"damage":10,"enemies":"3 Darklings","floor":46,"turns":5},{"damage":9,"enemies":"Spire Growth","floor":48,"turns":5},{"damage":31,"enemies":"Awakened One","floor":50,"turns":9}],"seed_played":"-3560669368201787215","potions_obtained":[{"floor":1,"key":"Regen Potion"},{"floor":3,"key":"SteroidPotion"},{"floor":12,"key":"Weak Potion"},{"floor":18,"key":"FearPotion"},{"floor":19,"key":"Block Potion"},{"floor":24,"key":"Poison Potion"},{"floor":29,"key":"Energy Potion"},{"floor":31,"key":"Explosive Potion"},{"floor":33,"key":"EntropicBrew"}],"is_trial":false,"path_per_floor":["M","?","M","M","?","R","?","R","T","?","M","E","?","E","R","B",null,"M","M","$","?","M","R","M","E","T","M","R","M","E","M","R","B",null,"M","?","M","?","?","R","?","?","T","$","R","M","?","M","R","B",null],"character_chosen":"IRONCLAD","items_purchased":["Shuriken","Bronze Scales","Orichalcum","Metallicize","Bandage Up","Chrysalis","Burning Pact","PrismaticShard"],"campfire_rested":1,"item_purchase_floors":[20,44,44,44,44,44,44,44],"current_hp_per_floor":[88,88,88,88,70,70,52,52,52,81,87,73,73,62,62,34,81,81,74,74,74,50,50,47,49,49,48,48,54,38,40,66,52,88,77,77,80,69,69,69,69,69,69,69,69,69,69,60,60,29],"gold":44,"neow_bonus":"TEN_PERCENT_HP_BONUS","is_prod":false,"is_daily":false,"chose_seed":false,"campfire_upgraded":6,"win_rate":0,"timestamp":1550605082,"path_taken":["M","?","M","M","?","R","?","R","T","?","M","E","?","E","R","BOSS","M","M","$","?","M","R","M","E","T","M","R","M","E","M","R","BOSS","M","?","M","?","?","R","?","?","T","$","R","M","?","M","R","BOSS"],"build_version":"2019-01-23","purchased_purges":1,"victory":true,"max_hp_per_floor":[88,88,88,88,88,88,88,88,88,88,88,88,81,81,81,81,81,81,81,81,81,81,81,81,81,81,81,81,81,88,88,88,88,88,88,88,88,88,88,88,88,88,88,88,85,85,85,85,85,85],"card_choices":[{"not_picked":["Havoc","Seeing Red"],"picked":"Whirlwind","floor":1},{"not_picked":["Clash","Heavy Blade"],"picked":"Flame Barrier","floor":3},{"not_picked":["Carnage","Twin Strike"],"picked":"Anger","floor":4},{"not_picked":["Dual Wield","Clash"],"picked":"Shrug It Off","floor":11},{"not_picked":["Iron Wave","Perfected Strike"],"picked":"Shockwave","floor":12},{"not_picked":["Heavy Blade","Fire Breathing"],"picked":"Clothesline","floor":14},{"not_picked":["Impervious","Double Tap"],"picked":"Demon Form","floor":16},{"not_picked":["Anger","Power Through"],"picked":"Pommel Strike","floor":18},{"not_picked":["Cleave+1","Wild Strike"],"picked":"Metallicize","floor":19},{"not_picked":["Reckless Charge+1","Uppercut"],"picked":"Battle Trance","floor":22},{"not_picked":["Searing Blow","Thunderclap"],"picked":"Body Slam","floor":24},{"not_picked":["Dark Embrace","Battle Trance"],"picked":"Warcry+1","floor":25},{"not_picked":["Pommel Strike","Armaments+1"],"picked":"True Grit+1","floor":27},{"not_picked":["Evolve","Shrug It Off"],"picked":"Cleave","floor":29},{"not_picked":["Body Slam","Sword Boomerang+1"],"picked":"Power Through+1","floor":30},{"not_picked":["Headbutt","Dual Wield+1"],"picked":"Iron Wave+1","floor":31},{"not_picked":["Bludgeon","Dark Embrace"],"picked":"Juggernaut","floor":33},{"not_picked":["Sentinel+1","Perfected Strike"],"picked":"Armaments+1","floor":35},{"not_picked":["Perfected Strike","Second Wind","Blood for Blood"],"picked":"SKIP","floor":37},{"not_picked":["Metamorphosis","Impatience"],"picked":"Master of Strategy","floor":39},{"not_picked":["Genetic Algorithm","Defragment+1","Sucker Punch"],"picked":"SKIP","floor":46},{"not_picked":["Second Wind","Perfected Strike+1"],"picked":"Leg Sweep","floor":48}],"player_experience":686009,"relics_obtained":[{"floor":9,"key":"Vajra"},{"floor":12,"key":"Peace Pipe"},{"floor":14,"key":"Anchor"},{"floor":25,"key":"Juzu Bracelet"},{"floor":30,"key":"Strawberry"},{"floor":43,"key":"Happy Flower"}],"event_choices":[{"damage_healed":22,"gold_gain":0,"player_choice":"Healed","damage_taken":0,"max_hp_gain":0,"max_hp_loss":0,"event_name":"The Cleric","floor":2,"gold_loss":35},{"damage_healed":0,"gold_gain":0,"player_choice":"Success","damage_taken":18,"relics_obtained":["Calipers"],"max_hp_gain":0,"max_hp_loss":0,"event_name":"Scrap Ooze","floor":5,"gold_loss":0},{"damage_healed":0,"gold_gain":0,"player_choice":"Entered Light","damage_taken":18,"max_hp_gain":0,"max_hp_loss":0,"event_name":"Shining Light","floor":7,"gold_loss":0,"cards_upgraded":["Defend_R","Strike_R"]},{"damage_healed":29,"gold_gain":0,"player_choice":"Banana","damage_taken":0,"max_hp_gain":0,"max_hp_loss":0,"event_name":"Big Fish","floor":10,"gold_loss":0},{"damage_healed":0,"gold_gain":0,"player_choice":"Lose Max HP","damage_taken":0,"relics_obtained":["Golden Idol"],"max_hp_gain":0,"max_hp_loss":7,"event_name":"Golden Idol","floor":13,"gold_loss":0},{"damage_healed":0,"gold_gain":0,"player_choice":"Fight","damage_taken":0,"max_hp_gain":0,"max_hp_loss":0,"event_name":"Colosseum","floor":21,"gold_loss":0},{"damage_healed":0,"gold_gain":0,"player_choice":"Fled From Nobs","damage_taken":0,"max_hp_gain":0,"max_hp_loss":0,"event_name":"Colosseum","floor":21,"gold_loss":0},{"damage_healed":0,"gold_gain":0,"player_choice":"Ignored","damage_taken":0,"max_hp_gain":0,"max_hp_loss":0,"event_name":"Mysterious Sphere","floor":36,"gold_loss":0},{"damage_healed":0,"gold_gain":0,"player_choice":"Embrace Madness","damage_taken":11,"max_hp_gain":0,"max_hp_loss":0,"event_name":"Winding Halls","floor":38,"gold_loss":0,"cards_obtained":["Madness","Madness"]},{"damage_healed":0,"gold_gain":0,"player_choice":"Memory 1","damage_taken":0,"max_hp_gain":0,"max_hp_loss":0,"event_name":"SensoryStone","floor":39,"gold_loss":0},{"damage_healed":0,"gold_gain":333,"player_choice":"Gave Idol","damage_taken":0,"max_hp_gain":0,"max_hp_loss":0,"event_name":"The Moai Head","floor":41,"relics_lost":["Golden Idol"],"gold_loss":0},{"damage_healed":0,"gold_gain":100,"player_choice":"Pray","damage_taken":0,"max_hp_gain":0,"max_hp_loss":0,"event_name":"Golden Shrine","floor":42,"gold_loss":0},{"damage_healed":0,"gold_gain":0,"player_choice":"Upgrade","damage_taken":0,"relics_obtained":["Mark of the Bloom"],"max_hp_gain":0,"max_hp_loss":0,"event_name":"MindBloom","floor":47,"gold_loss":0,"cards_upgraded":["Strike_R","Strike_R","Strike_R","Defend_R","Defend_R","Defend_R","Whirlwind","Anger","Shrug It Off","Clothesline","Pommel Strike","Metallicize","Battle Trance","Cleave","Madness","Madness","Master of Strategy","Metallicize","Bandage Up","Chrysalis","Burning Pact"]}],"is_beta":false,"boss_relics":[{"not_picked":["Orrery","Lizard Tail"],"picked":"Cursed Key"},{"not_picked":["Runic Dome","Runic Pyramid"],"picked":"Runic Cube"}],"items_purged_floors":[20],"is_endless":false,"potions_floor_spawned":[1,3,12,18,19,24,29,31,33],"ascension_level":3}