{"gold_per_floor":[219,230,230,30,0,30,30,65,88,88,88,88,108,128,128,225,225,235,255,266,181,193,193,225,225,275,275,287,327,355,65,365,464,464,484,284,284,304,304,304,338,350,375,375,388,388,415,427,457,457],"floor_reached":51,"playtime":4340,"items_purged":["Strike_B","Strike_B"],"score":1127,"play_id":"17cef1f8-55f7-4a00-accf-95a2d55752d8","local_time":"20181205003621","is_ascension_mode":true,"campfire_choices":[{"floor":7,"key":"REST"},{"floor":10,"key":"REST"},{"data":"Chill","floor":12,"key":"SMITH"},{"floor":15,"key":"REST"},{"data":"Seek","floor":23,"key":"SMITH"},{"floor":25,"key":"REST"},{"floor":27,"key":"DIG"},{"floor":32,"key":"DIG"},{"data":"Barrage","floor":40,"key":"SMITH"},{"floor":44,"key":"REST"},{"floor":46,"key":"REST"},{"floor":49,"key":"DIG"}],"neow_cost":"NONE","seed_source_timestamp":24559109376426,"circlet_count":0,"master_deck":["Strike_B","Strike_B","Defend_B","Defend_B","Defend_B","Defend_B+1","Zap+1","Dualcast","Conserve Battery+1","Rebound","FTL","Chill+1","Steam","Defragment+1","Electrodynamics+1","Cold Snap","Coolheaded","BootSequence","Seek+1","Coolheaded","Ghostly","Ghostly","Ghostly","Ghostly","Ghostly","Conserve Battery","Barrage+1","Seek","Zap","Dark Shackles","Ball Lightning+1","Undo+1"],"relics":["Cracked Core","Runic Capacitor","Happy Flower","Frozen Egg 2","Dream Catcher","Inserter","Shovel","War Paint","Smiling Mask","MawBank","Letter Opener","Anchor","Old Coin","Busted Crown","Bag of Preparation","The Courier","Strawberry","Vajra","Tiny Chest"],"potions_floor_usage":[14,24,24,50,50],"damage_taken":[{"damage":11,"enemies":"Small Slimes","floor":1,"turns":3},{"damage":1,"enemies":"2 Louse","floor":2,"turns":2},{"damage":33,"enemies":"3 Sentries","floor":6,"turns":9},{"damage":24,"enemies":"Gremlin Nob","floor":8,"turns":4},{"damage":5,"enemies":"Jaw Worm","floor":13,"turns":2},{"damage":0,"enemies":"Red Slaver","floor":14,"turns":3},{"damage":36,"enemies":"Hexaghost","floor":16,"turns":11},{"damage":0,"enemies":"3 Byrds","floor":18,"turns":3},{"damage":3,"enemies":"Chosen","floor":19,"turns":3},{"damage":13,"enemies":"Centurion and Healer","floor":20,"turns":7},{"damage":2,"enemies":"Cultist and Chosen","floor":22,"turns":6},{"damage":23,"enemies":"Book of Stabbing","floor":24,"turns":5},{"damage":0,"enemies":"Slavers","floor":29,"turns":4},{"damage":0,"enemies":"Snecko","floor":30,"turns":7},{"damage":0,"enemies":"Automaton","floor":33,"turns":12},{"damage":0,"enemies":"3 Darklings","floor":35,"turns":3},{"damage":0,"enemies":"3 Shapes","floor":38,"turns":4},{"damage":24,"enemies":"Nemesis","floor":41,"turns":7},{"damage":0,"enemies":"3 Darklings","floor":42,"turns":4},{"damage":0,"enemies":"Sphere and 2 Shapes","floor":45,"turns":4},{"damage":0,"enemies":"Jaw Worm Horde","floor":48,"turns":3},{"damage":0,"enemies":"Awakened One","floor":50,"turns":13}],"seed_played":"-1644446041832785461","potions_obtained":[{"floor":2,"key":"FocusPotion"},{"floor":8,"key":"Block Potion"},{"floor":13,"key":"AttackPotion"},{"floor":19,"key":"SteroidPotion"},{"floor":20,"key":"PowerPotion"},{"floor":24,"key":"Energy Potion"},{"floor":30,"key":"Poison Potion"},{"floor":41,"key":"Dexterity Potion"}],"is_trial":false,"path_per_floor":["M","M","?","$","?","E","R","E","T","R","?","R","M","M","R","B",null,"M","M","M","?","M","R","E","R","T","R","?","E","M","$","R","B",null,"M","$","?","M","?","R","E","M","T","R","M","R","T","M","R","B",null],"character_chosen":"DEFECT","items_purchased":["Runic Capacitor","Conserve Battery","Anchor","Barrage","Bag of Preparation"],"campfire_rested":6,"item_purchase_floors":[4,31,31,31,36],"current_hp_per_floor":[57,56,56,56,56,23,45,21,21,43,43,43,38,38,60,24,62,62,59,46,46,44,44,21,43,43,43,37,37,37,37,37,37,37,37,37,37,37,37,37,13,13,20,33,33,44,44,44,44,44],"gold":457,"neow_bonus":"HUNDRED_GOLD","is_prod":false,"is_daily":false,"chose_seed":false,"campfire_upgraded":3,"win_rate":0,"timestamp":1543966581,"path_taken":["M","M","?","$","?","E","R","E","T","R","?","R","M","M","R","BOSS","M","M","M","?","M","R","E","R","T","R","?","E","M","$","R","BOSS","M","$","?","?","?","R","E","M","T","R","?","R","?","M","R","BOSS"],"build_version":"2018-11-15","purchased_purges":2,"victory":true,"max_hp_per_floor":[75,75,75,75,75,75,75,75,75,75,75,75,75,75,75,75,75,75,75,75,75,75,75,75,75,75,75,37,37,37,37,37,37,37,37,37,37,37,37,37,37,37,44,44,44,44,44,44,44,44],"card_choices":[{"not_picked":["Turbo","Chaos"],"picked":"Conserve Battery","floor":1},{"not_picked":["Genetic Algorithm","Chaos"],"picked":"Rebound","floor":2},{"not_picked":["Redo","Rainbow"],"picked":"FTL","floor":6},{"not_picked":["Sunder","Beam Cell","Tempest"],"picked":"SKIP","floor":8},{"not_picked":["Chaos","Stack"],"picked":"Chill","floor":10},{"not_picked":["Streamline","Chaos"],"picked":"Steam","floor":13},{"not_picked":["Streamline","Conserve Battery"],"picked":"Defragment+1","floor":14},{"not_picked":["Buffer+1","Echo Form+1"],"picked":"Electrodynamics+1","floor":16},{"not_picked":["Genetic Algorithm","Redo"],"picked":"Cold Snap","floor":18},{"not_picked":["Hologram","Stack+1"],"picked":"Coolheaded","floor":19},{"not_picked":["Turbo","Steam"],"picked":"BootSequence","floor":20},{"not_picked":["Barrage","Blizzard"],"picked":"Seek","floor":22},{"not_picked":["Compile Driver","Force Field","Steam Power"],"picked":"SKIP","floor":24},{"not_picked":["FTL","Recycle"],"picked":"Coolheaded","floor":25},{"not_picked":["Hologram","Sweeping Beam","Turbo"],"picked":"SKIP","floor":29},{"not_picked":["Tempest+1","Rebound","Scrape"],"picked":"SKIP","floor":30},{"not_picked":["Machine Learning+1","Meteor Strike"],"picked":"Seek","floor":33},{"not_picked":["Self Repair+1"],"picked":"SKIP","floor":35},{"not_picked":[],"picked":"Ball Lightning+1","floor":38},{"not_picked":["Storm+1"],"picked":"SKIP","floor":41},{"not_picked":["Chaos"],"picked":"SKIP","floor":42},{"not_picked":[],"picked":"Undo+1","floor":44},{"not_picked":["Steam Power"],"picked":"SKIP","floor":45},{"not_picked":["Sweeping Beam+1"],"picked":"SKIP","floor":48}],"player_experience":302866,"relics_obtained":[{"floor":6,"key":"Happy Flower"},{"floor":8,"key":"Frozen Egg 2"},{"floor":9,"key":"Dream Catcher"},{"floor":24,"key":"War Paint"},{"floor":26,"key":"Smiling Mask"},{"floor":27,"key":"MawBank"},{"floor":29,"key":"Letter Opener"},{"floor":32,"key":"Old Coin"},{"floor":41,"key":"The Courier"},{"floor":43,"key":"Strawberry"},{"floor":47,"key":"Vajra"},{"floor":49,"key":"Tiny Chest"}],"event_choices":[{"damage_healed":0,"gold_gain":0,"player_choice":"Grow","damage_taken":0,"max_hp_gain":0,"max_hp_loss":0,"event_name":"Living Wall","floor":3,"gold_loss":0,"cards_upgraded":["Zap"]},{"damage_healed":0,"gold_gain":0,"player_choice":"Left Gold","damage_taken":0,"max_hp_gain":0,"max_hp_loss":0,"event_name":"World of Goop","floor":5,"gold_loss":30},{"damage_healed":0,"gold_gain":0,"player_choice":"Ignored","damage_taken":0,"max_hp_gain":0,"max_hp_loss":0,"event_name":"Liars Game","floor":11,"gold_loss":0},{"damage_healed":0,"gold_gain":0,"player_choice":"Obtained Relic","damage_taken":0,"relics_obtained":["Shovel"],"max_hp_gain":0,"max_hp_loss":0,"event_name":"Addict","floor":21,"gold_loss":85},{"damage_healed":0,"gold_gain":0,"player_choice":"Became a Ghost","damage_taken":0,"max_hp_gain":0,"max_hp_loss":38,"event_name":"Ghosts","floor":28,"gold_loss":0,"cards_obtained":["Ghostly","Ghostly","Ghostly","Ghostly","Ghostly"]},{"damage_healed":0,"gold_gain":0,"player_choice":"2 cards matched","damage_taken":0,"max_hp_gain":0,"max_hp_loss":0,"event_name":"Match and Keep!","floor":37,"gold_loss":0,"cards_obtained":["Zap","Dark Shackles"]},{"damage_healed":0,"gold_gain":0,"player_choice":"Leave","damage_taken":0,"max_hp_gain":0,"max_hp_loss":0,"event_name":"FaceTrader","floor":39,"gold_loss":0}],"is_beta":false,"boss_relics":[{"not_picked":["Cursed Key","Coffee Dripper"],"picked":"Inserter"},{"not_picked":["Orrery","Nuclear Battery"],"picked":"Busted Crown"}],"items_purged_floors":[31,36],"is_endless":false,"potions_floor_spawned":[2,8,13,19,20,24,30,41,45],"ascension_level":7}