{"gold_per_floor":[119,139,159,159,173,48,48,48,74,89,109,119,119,138,138,138],"floor_reached":16,"playtime":1154,"items_purged":["Strike_G"],"score":96,"play_id":"123dbd82-41b1-4fcc-8e47-2ce18307e80a","local_time":"20180726210502","is_ascension_mode":false,"campfire_choices":[{"data":"Neutralize","floor":13,"key":"SMITH"},{"data":"Outmaneuver","floor":15,"key":"SMITH"}],"neow_cost":"NONE","seed_source_timestamp":1136393046385222,"circlet_count":0,"master_deck":["Defend_G","Defend_G","Defend_G","Defend_G","Defend_G","Strike_G","Strike_G","Strike_G","Strike_G","Survivor","Neutralize+1","Flying Knee","Underhanded Strike","Prepared","Cloak And Dagger","Dodge and Roll","Deflect","Outmaneuver+1"],"relics":["Ring of the Snake","Blood Vial","Art of War"],"potions_floor_usage":[10,16,16],"damage_taken":[{"damage":0,"enemies":"Cultist","floor":1,"turns":4},{"damage":0,"enemies":"Small Slimes","floor":2,"turns":4},{"damage":1,"enemies":"Jaw Worm","floor":3,"turns":4},{"damage":3,"enemies":"2 Fungi Beasts","floor":5,"turns":5},{"damage":3,"enemies":"Exordium Thugs","floor":10,"turns":6},{"damage":0,"enemies":"3 Louse","floor":11,"turns":4},{"damage":0,"enemies":"2 Fungi Beasts","floor":12,"turns":4},{"damage":0,"enemies":"Blue Slaver","floor":14,"turns":4},{"damage":91,"enemies":"Hexaghost","floor":16,"turns":16}],"seed_played":"506895915555496439","potions_obtained":[{"floor":1,"key":"SkillPotion"},{"floor":12,"key":"Strength Potion"}],"is_trial":false,"path_per_floor":["M","M","M","?","M","$","?","?","T","M","M","M","R","M","R"],"character_chosen":"THE_SILENT","items_purchased":["Energy Potion"],"campfire_rested":0,"item_purchase_floors":[6],"current_hp_per_floor":[70,70,69,74,71,71,71,71,71,70,72,74,74,75,75,0],"gold":138,"neow_bonus":"THREE_SMALL_POTIONS","is_prod":false,"is_daily":false,"chose_seed":false,"campfire_upgraded":2,"win_rate":0,"timestamp":1532631902,"path_taken":["M","M","?","?","M","$","?","?","T","?","M","M","R","M","R","BOSS"],"build_version":"2018-07-19v2","purchased_purges":1,"victory":false,"max_hp_per_floor":[70,70,70,75,75,75,75,75,75,75,75,75,75,75,75,75],"card_choices":[{"not_picked":["Quick Slash","Deadly Poison"],"picked":"Flying Knee","floor":1},{"not_picked":["Dash","Flying Knee"],"picked":"Underhanded Strike","floor":2},{"not_picked":["Bane","Quick Slash"],"picked":"Prepared","floor":3},{"not_picked":["Dagger Spray","Dagger Throw"],"picked":"Cloak And Dagger","floor":5},{"not_picked":["Crippling Poison","Dagger Throw"],"picked":"Dodge and Roll","floor":10},{"not_picked":["Masterful Stab","Predator"],"picked":"Deflect","floor":11},{"not_picked":["Poisoned Stab","Masterful Stab","Storm of Steel"],"picked":"SKIP","floor":12},{"not_picked":["Prepared","Predator"],"picked":"Outmaneuver","floor":14}],"player_experience":45222,"relics_obtained":[{"floor":9,"key":"Art of War"}],"event_choices":[{"event_name":"Big Fish","player_choice":"Donut","floor":4,"damage_taken":0},{"event_name":"Wheel of Change","player_choice":"Relic","floor":7,"damage_taken":0},{"event_name":"Liars Game","player_choice":"disagreed","floor":8,"damage_taken":0}],"is_beta":false,"boss_relics":[],"items_purged_floors":[6],"is_endless":false,"potions_floor_spawned":[1,2,12,14],"killed_by":"Hexaghost","ascension_level":0}