{"gold_per_floor":[364,374,374,84,98,98,123,142,142,193,111,121,135,152,152,248,248,266,266,280,298,314,314,340,352,377,402,419,419,77,90,90,90],"floor_reached":33,"playtime":2152,"items_purged":[],"score":328,"play_id":"39424346-e672-47e2-bc16-5e4bd5188477","local_time":"20181016214010","is_ascension_mode":true,"campfire_choices":[{"data":"Warcry","floor":6,"key":"SMITH"},{"floor":15,"key":"REST"},{"floor":23,"key":"REST"},{"data":"Bludgeon","floor":29,"key":"SMITH"},{"floor":32,"key":"REST"}],"neow_cost":"PERCENT_DAMAGE","seed_source_timestamp":5541229022643,"circlet_count":0,"master_deck":["Strike_R","Strike_R","Strike_R","Strike_R","Defend_R","Defend_R","Defend_R","Defend_R","Bash","Warcry+1","Thunderclap","Metallicize","Battle Trance","Twin Strike","Headbutt","Iron Wave","Ghostly Armor","Infernal Blade","Cleave","Bludgeon+1","Shrug It Off","Armaments","True Grit+1","Inflame+1","Armaments+1","Battle Trance+1","Apotheosis"],"relics":["Burning Blood","Orichalcum","Mercury Hourglass","Champion Belt","Boot","Philosopher\u0027s Stone","Magic Flower","Lantern","Pen Nib","Bag of Preparation"],"potions_floor_usage":[22,31,33],"damage_taken":[{"damage":3,"enemies":"2 Louse","floor":1,"turns":3},{"damage":3,"enemies":"Jaw Worm","floor":2,"turns":5},{"damage":0,"enemies":"Cultist","floor":5,"turns":4},{"damage":40,"enemies":"Lagavulin","floor":7,"turns":8},{"damage":0,"enemies":"Gremlin Gang","floor":8,"turns":3},{"damage":2,"enemies":"Red Slaver","floor":12,"turns":5},{"damage":0,"enemies":"Blue Slaver","floor":13,"turns":4},{"damage":2,"enemies":"Looter","floor":14,"turns":2},{"damage":53,"enemies":"Hexaghost","floor":16,"turns":12},{"damage":3,"enemies":"Chosen","floor":18,"turns":4},{"damage":7,"enemies":"Spheric Guardian","floor":20,"turns":3},{"damage":0,"enemies":"Centurion and Healer","floor":21,"turns":6},{"damage":31,"enemies":"Sentry and Sphere","floor":22,"turns":6},{"damage":35,"enemies":"Book of Stabbing","floor":24,"turns":5},{"damage":0,"enemies":"3 Cultists","floor":25,"turns":3},{"damage":8,"enemies":"Snecko","floor":28,"turns":5},{"damage":14,"enemies":"Snake Plant","floor":31,"turns":3},{"damage":71,"enemies":"Automaton","floor":33,"turns":8}],"seed_played":"-8305897768780857642","potions_obtained":[{"floor":5,"key":"Strength Potion"},{"floor":8,"key":"Block Potion"},{"floor":13,"key":"Ancient Potion"},{"floor":16,"key":"SteroidPotion"},{"floor":24,"key":"Strength Potion"}],"is_trial":false,"path_per_floor":["M","M","?","$","M","R","E","M","T","T","$","M","M","M","R","B",null,"M","?","M","M","M","R","E","M","T","T","M","R","$","M","R"],"character_chosen":"IRONCLAD","items_purchased":["Metallicize","Orichalcum","Battle Trance","Ghostly Armor","Apotheosis","Bag of Preparation"],"campfire_rested":3,"item_purchase_floors":[4,4,4,11,30,30],"current_hp_per_floor":[59,62,55,55,61,61,27,33,33,33,33,37,43,47,71,24,80,80,65,64,70,45,70,41,50,50,50,51,51,51,46,71,0],"gold":90,"neow_bonus":"TWO_FIFTY_GOLD","is_prod":false,"is_daily":false,"chose_seed":false,"campfire_upgraded":2,"win_rate":0,"timestamp":1539718810,"path_taken":["M","M","?","$","?","R","E","M","T","?","?","?","M","M","R","BOSS","M","?","?","M","M","R","E","?","T","?","M","R","$","M","R","BOSS"],"build_version":"2018-10-04","purchased_purges":0,"victory":false,"max_hp_per_floor":[80,80,80,80,80,80,80,80,80,80,80,80,80,80,80,80,80,80,85,85,85,85,85,85,85,85,85,85,85,85,85,85,85],"card_choices":[{"not_picked":["Sever Soul","Sentinel"],"picked":"Warcry","floor":1},{"not_picked":["Entrench","Warcry"],"picked":"Thunderclap","floor":2},{"not_picked":["Intimidate","Reckless Charge"],"picked":"Twin Strike","floor":5},{"not_picked":["Heavy Blade","Havoc"],"picked":"Headbutt","floor":7},{"not_picked":["Clash","Pommel Strike"],"picked":"Iron Wave","floor":8},{"not_picked":["Flex","Iron Wave"],"picked":"Infernal Blade","floor":12},{"not_picked":["Dual Wield","Berserk"],"picked":"Cleave","floor":13},{"not_picked":["Wild Strike","Entrench","Thunderclap"],"picked":"SKIP","floor":14},{"not_picked":["Reaper","Limit Break"],"picked":"Bludgeon","floor":16},{"not_picked":["Whirlwind","Thunderclap"],"picked":"Shrug It Off","floor":18},{"not_picked":["Flex","Twin Strike"],"picked":"Armaments","floor":20},{"not_picked":["Ghostly Armor","Dropkick+1"],"picked":"True Grit+1","floor":21},{"not_picked":["Cleave","Warcry"],"picked":"Inflame+1","floor":22},{"not_picked":["Warcry","Sentinel"],"picked":"Armaments+1","floor":24},{"not_picked":["Anger+1","Sword Boomerang"],"picked":"Battle Trance+1","floor":25},{"not_picked":["Bloodletting+1","Armaments","Havoc"],"picked":"SKIP","floor":28},{"not_picked":["Battle Trance+1","Cleave","Body Slam"],"picked":"SKIP","floor":31}],"player_experience":177855,"relics_obtained":[{"floor":7,"key":"Mercury Hourglass"},{"floor":9,"key":"Champion Belt"},{"floor":10,"key":"Boot"},{"floor":24,"key":"Magic Flower"},{"floor":26,"key":"Lantern"},{"floor":27,"key":"Pen Nib"}],"event_choices":[{"event_name":"Golden Wing","player_choice":"Card Removal","floor":3,"damage_taken":0},{"event_name":"Forgotten Altar","player_choice":"Shed Blood","floor":19,"damage_taken":0}],"is_beta":false,"boss_relics":[{"not_picked":["Black Star","Eternal Feather"],"picked":"Philosopher\u0027s Stone"}],"items_purged_floors":[],"is_endless":false,"potions_floor_spawned":[5,8,13,16,20,24,28],"killed_by":"Automaton","ascension_level":4}