{"gold_per_floor":[112,112,11,24,24,24,44,44,68,18,28,28,41,41,41,139,139,139,139,139,39,39,39,39,39,39,39,39,39,39,5,5,5,5,5,5,5,5,5,5,5,5,5,5,5,5,5,5,5,5],"floor_reached":50,"playtime":2065,"items_purged":["Strike_G","Infinite Blades"],"score":527,"play_id":"cdebfe69-8a70-48b5-929e-106429197c7d","local_time":"20181109005251","is_ascension_mode":false,"campfire_choices":[{"data":"Acrobatics","floor":6,"key":"SMITH"},{"data":"Deadly Poison","floor":8,"key":"SMITH"},{"data":"Dagger Spray","floor":12,"key":"SMITH"},{"data":"Heel Hook","floor":15,"key":"SMITH"},{"data":"Footwork","floor":24,"key":"SMITH"},{"data":"Bouncing Flask","floor":27,"key":"SMITH"},{"data":"Poisoned Stab","floor":29,"key":"SMITH"},{"data":"Noxious Fumes","floor":32,"key":"SMITH"},{"data":"Poisoned Stab","floor":40,"key":"SMITH"},{"floor":42,"key":"REST"},{"data":"Survivor","floor":44,"key":"SMITH"},{"data":"Footwork","floor":47,"key":"SMITH"},{"floor":49,"key":"REST"}],"neow_cost":"NONE","seed_source_timestamp":1911844647818329,"circlet_count":0,"master_deck":["Defend_G","Defend_G","Defend_G","Defend_G","Defend_G","Strike_G","Strike_G","Strike_G","Survivor+1","Neutralize+1","Dagger Spray+1","Deadly Poison+1","Acrobatics+1","Heel Hook+1","Poisoned Stab+1","After Image","Bouncing Flask+1","Flying Knee+1","Footwork+1","Slice","Poisoned Stab+1","Noxious Fumes+1","Blur","Corpse Explosion","Calculated Gamble+1","Catalyst+1","Choke+1","Footwork+1","Parasite"],"relics":["Ring of the Snake","Vajra","Ectoplasm","Regal Pillow","Orichalcum","Anchor","Matryoshka","Busted Crown","Pen Nib","Singing Bowl","Paper Crane"],"potions_floor_usage":[4,20,23,28,35,37,39,39,46,50],"damage_taken":[{"damage":5,"enemies":"Jaw Worm","floor":1,"turns":5},{"damage":0,"enemies":"Cultist","floor":4,"turns":4},{"damage":0,"enemies":"2 Louse","floor":7,"turns":2},{"damage":5,"enemies":"Exordium Thugs","floor":11,"turns":3},{"damage":2,"enemies":"3 Louse","floor":13,"turns":2},{"damage":37,"enemies":"The Guardian","floor":16,"turns":11},{"damage":0,"enemies":"Shell Parasite","floor":18,"turns":6},{"damage":0,"enemies":"Spheric Guardian","floor":19,"turns":3},{"damage":2,"enemies":"Centurion and Healer","floor":20,"turns":8},{"damage":42,"enemies":"Slavers","floor":23,"turns":9},{"damage":0,"enemies":"Chosen and Byrds","floor":28,"turns":5},{"damage":0,"enemies":"Gremlin Leader","floor":30,"turns":4},{"damage":34,"enemies":"Automaton","floor":33,"turns":10},{"damage":0,"enemies":"Orb Walker","floor":35,"turns":3},{"damage":22,"enemies":"3 Darklings","floor":36,"turns":4},{"damage":19,"enemies":"Writhing Mass","floor":37,"turns":5},{"damage":5,"enemies":"Maw","floor":39,"turns":5},{"damage":15,"enemies":"Spire Growth","floor":41,"turns":4},{"damage":20,"enemies":"Sphere and 2 Shapes","floor":45,"turns":5},{"damage":17,"enemies":"Giant Head","floor":46,"turns":7},{"damage":0,"enemies":"Writhing Mass","floor":48,"turns":3},{"damage":62,"enemies":"Time Eater","floor":50,"turns":6}],"seed_played":"-3887966748029327073","potions_obtained":[{"floor":0,"key":"SpeedPotion"},{"floor":0,"key":"SneckoOil"},{"floor":0,"key":"SmokeBomb"},{"floor":4,"key":"Swift Potion"},{"floor":11,"key":"GamblersBrew"},{"floor":18,"key":"PowerPotion"},{"floor":19,"key":"Regen Potion"},{"floor":23,"key":"SkillPotion"},{"floor":33,"key":"Ancient Potion"},{"floor":35,"key":"Fruit Juice"},{"floor":38,"key":"Swift Potion"},{"floor":38,"key":"GamblersBrew"},{"floor":38,"key":"PowerPotion"},{"floor":41,"key":"EssenceOfSteel"},{"floor":46,"key":"GamblersBrew"}],"is_trial":false,"path_per_floor":["M","?","$","M","?","R","M","R","T","?","M","R","M","?","R","B",null,"M","M","M","$","?","E","R","?","T","R","M","R","E","$","R","B",null,"M","M","M","?","M","R","M","R","T","R","M","E","R","M","R","B"],"character_chosen":"THE_SILENT","items_purchased":["Deadly Poison","Blur"],"campfire_rested":2,"item_purchase_floors":[3,31],"current_hp_per_floor":[65,65,65,65,65,65,65,65,65,65,60,60,58,58,58,21,70,70,70,68,68,68,41,41,41,41,41,41,41,41,41,41,7,70,75,53,34,34,29,29,14,51,51,51,33,16,16,18,56,0],"gold":5,"neow_bonus":"THREE_SMALL_POTIONS","is_prod":false,"is_daily":false,"chose_seed":false,"campfire_upgraded":11,"win_rate":0,"timestamp":1541721171,"path_taken":["M","?","$","?","?","R","M","R","T","?","M","R","M","?","R","BOSS","M","M","M","$","?","E","R","?","T","R","M","R","E","?","R","BOSS","M","?","M","?","M","R","M","R","T","R","M","E","R","M","R","BOSS"],"build_version":"2018-11-01","purchased_purges":2,"victory":false,"max_hp_per_floor":[70,70,70,70,70,70,70,70,70,70,70,70,70,70,70,70,70,70,70,70,70,70,70,70,70,70,70,70,70,70,70,70,70,70,75,75,75,75,75,75,75,75,75,75,77,77,77,79,79,79],"card_choices":[{"not_picked":["Riddle With Holes","Concentrate"],"picked":"Dagger Spray","floor":1},{"not_picked":["Reflex","Finisher"],"picked":"Acrobatics","floor":4},{"not_picked":["Prepared","Masterful Stab"],"picked":"Heel Hook","floor":7},{"not_picked":["Dodge and Roll","Concentrate","All Out Attack"],"picked":"SKIP","floor":11},{"not_picked":["Calculated Gamble","Quick Slash"],"picked":"Poisoned Stab","floor":13},{"not_picked":["Envenom","Burst"],"picked":"After Image","floor":16},{"not_picked":["Calculated Gamble","Backstab"],"picked":"Bouncing Flask","floor":18},{"not_picked":["Deflect","Cloak And Dagger"],"picked":"Flying Knee+1","floor":19},{"not_picked":["Calculated Gamble+1","Dagger Spray+1"],"picked":"Infinite Blades","floor":20},{"not_picked":["Phantasmal Killer","Setup"],"picked":"Slice","floor":23},{"not_picked":["Infinite Blades","Dagger Spray"],"picked":"Poisoned Stab","floor":28},{"not_picked":["Sucker Punch+1","Blade Dance"],"picked":"Noxious Fumes","floor":30},{"not_picked":["A Thousand Cuts","Unload"],"picked":"Corpse Explosion","floor":33},{"not_picked":[],"picked":"Calculated Gamble+1","floor":35},{"not_picked":[],"picked":"Catalyst+1","floor":36},{"not_picked":["Caltrops+1"],"picked":"SKIP","floor":37},{"not_picked":[],"picked":"Choke+1","floor":39},{"not_picked":["Calculated Gamble"],"picked":"SKIP","floor":41},{"not_picked":["Dagger Spray+1"],"picked":"Singing Bowl","floor":45},{"not_picked":[],"picked":"Footwork","floor":46},{"not_picked":["Blade Dance+1"],"picked":"Singing Bowl","floor":48}],"player_experience":281219,"relics_obtained":[{"floor":9,"key":"Vajra"},{"floor":23,"key":"Regal Pillow"},{"floor":26,"key":"Anchor"},{"floor":30,"key":"Matryoshka"},{"floor":43,"key":"Pen Nib"},{"floor":43,"key":"Singing Bowl"},{"floor":46,"key":"Paper Crane"}],"event_choices":[{"damage_healed":0,"gold_gain":0,"player_choice":"Upgraded","damage_taken":0,"max_hp_gain":0,"max_hp_loss":0,"event_name":"Upgrade Shrine","floor":2,"gold_loss":0,"cards_upgraded":["Neutralize"]},{"damage_healed":0,"gold_gain":0,"player_choice":"Ignored","damage_taken":0,"max_hp_gain":0,"max_hp_loss":0,"event_name":"Shining Light","floor":5,"gold_loss":0},{"cards_removed":["Strike_G"],"damage_healed":0,"gold_gain":0,"player_choice":"Card Removal","damage_taken":0,"max_hp_gain":0,"max_hp_loss":0,"event_name":"The Cleric","floor":10,"gold_loss":50},{"damage_healed":0,"gold_gain":0,"player_choice":"0 cards matched","damage_taken":0,"max_hp_gain":0,"max_hp_loss":0,"event_name":"Match and Keep!","floor":14,"gold_loss":0,"cards_obtained":[]},{"damage_healed":0,"gold_gain":0,"player_choice":"Read","damage_taken":0,"max_hp_gain":0,"max_hp_loss":0,"event_name":"The Library","floor":22,"gold_loss":0,"cards_obtained":["Footwork"]},{"damage_healed":0,"gold_gain":0,"player_choice":"Opened","damage_taken":0,"relics_obtained":["Orichalcum"],"max_hp_gain":0,"max_hp_loss":0,"event_name":"The Mausoleum","floor":25,"gold_loss":0},{"damage_healed":0,"gold_gain":0,"player_choice":"Got Potions","damage_taken":0,"max_hp_gain":0,"max_hp_loss":0,"event_name":"Lab","floor":38,"gold_loss":0}],"is_beta":false,"boss_relics":[{"not_picked":["HoveringKite","Pandora\u0027s Box"],"picked":"Ectoplasm"},{"not_picked":["Calling Bell","Snecko Eye"],"picked":"Busted Crown"}],"items_purged_floors":[3,21],"is_endless":false,"potions_floor_spawned":[4,11,16,18,19,23,33,35,41,46],"killed_by":"Time Eater","ascension_level":0}