{"gold_per_floor":[18,18,37,85,85,120,120,183,183,215,225,225,240,255,255,353,353,370,470,133,183,183],"floor_reached":22,"playtime":4239,"items_purged":["Strike_B"],"score":253,"play_id":"2695ece3-0363-4825-bfd1-f5017a0f9acf","local_time":"20190105193848","is_ascension_mode":true,"campfire_choices":[{"data":"Zap","floor":7.0,"key":"SMITH"},{"floor":12.0,"key":"REST"},{"data":"Dualcast","floor":15.0,"key":"SMITH"}],"neow_cost":"NO_GOLD","seed_source_timestamp":1202494351309758,"circlet_count":0,"master_deck":["Strike_B","Strike_B","Defend_B","Defend_B","Defend_B","Defend_B","Zap+1","Dualcast+1","BootSequence","Rip and Tear","Trip","FTL","Conserve Battery","Echo Form","White Noise","Melter","Undo","Amplify","Rebound+1","White Noise"],"special_seed":0,"relics":["Cracked Core","Emotion Chip","Smiling Mask","Mango","Tiny Chest","Matryoshka","FossilizedHelix","Fusion Hammer","Prayer Wheel","Blue Candle","Ice Cream","Happy Flower","Art of War"],"potions_floor_usage":[],"damage_taken":[{"damage":2.0,"enemies":"Jaw Worm","floor":1.0,"turns":4.0},{"damage":0.0,"enemies":"2 Louse","floor":3.0,"turns":3.0},{"damage":55.0,"enemies":"3 Sentries","floor":6.0,"turns":9.0},{"damage":15.0,"enemies":"Gremlin Nob","floor":8.0,"turns":4.0},{"damage":8.0,"enemies":"Lagavulin","floor":10.0,"turns":7.0},{"damage":0.0,"enemies":"Cultist","floor":11.0,"turns":3.0},{"damage":11.0,"enemies":"Exordium Thugs","floor":13.0,"turns":5.0},{"damage":0.0,"enemies":"Exordium Wildlife","floor":14.0,"turns":4.0},{"damage":6.0,"enemies":"Slime Boss","floor":16.0,"turns":8.0},{"damage":0.0,"enemies":"Chosen","floor":18.0,"turns":4.0},{"damage":9.0,"enemies":"Colosseum Slavers","floor":19.0,"turns":5.0},{"damage":78.0,"enemies":"Colosseum Nobs","floor":19.0,"turns":6.0},{"damage":11,"enemies":"Spheric Guardian","floor":22,"turns":3}],"seed_played":"-9180352381803599609","potions_obtained":[{"floor":6.0,"key":"Block Potion"},{"floor":8.0,"key":"FairyPotion"},{"floor":13.0,"key":"Block Potion"},{"floor":16.0,"key":"Ancient Potion"},{"floor":18.0,"key":"GamblersBrew"}],"is_trial":false,"path_per_floor":["M","?","M","T","?","E","R","E","T","E","M","R","M","M","R","B",null,"M","?","$","T","M"],"character_chosen":"DEFECT","items_purchased":["Ice Cream"],"campfire_rested":1,"item_purchase_floors":[20],"current_hp_per_floor":[73,66,66,66,66,25,25,10,10,2,2,28,17,17,17,11,70,70,8,8,8,0],"gold":183,"neow_bonus":"ONE_RARE_RELIC","is_prod":false,"is_daily":false,"chose_seed":false,"campfire_upgraded":2,"win_rate":0,"timestamp":1546738728,"path_taken":["M","?","M","?","?","E","R","E","T","E","M","R","M","?","R","BOSS","M","?","$","?","?"],"build_version":"2019-01-03v4","purchased_purges":1,"victory":false,"max_hp_per_floor":[75,75,75,75,75,89,89,89,89,89,89,89,89,89,89,89,89,89,89,89,89,89],"card_choices":[{"not_picked":["Turbo","Rebound"],"picked":"BootSequence","floor":1.0},{"not_picked":["Streamline","Melter"],"picked":"Rip and Tear","floor":3.0},{"not_picked":["Barrage","Go for the Eyes"],"picked":"FTL","floor":6.0},{"not_picked":["Steam","Static Discharge"],"picked":"Conserve Battery","floor":8.0},{"not_picked":["Machine Learning","Stack"],"picked":"Echo Form","floor":10.0},{"not_picked":["Compile Driver","Steam Power"],"picked":"White Noise","floor":11.0},{"not_picked":["Conserve Battery","Stack"],"picked":"Melter","floor":13.0},{"not_picked":["Stack","Reprogram"],"picked":"Undo","floor":14.0},{"not_picked":["Creative AI","Biased Cognition"],"picked":"Amplify","floor":16.0},{"not_picked":["Leap","Go for the Eyes"],"picked":"Rebound+1","floor":18.0},{"not_picked":["Hologram","Ball Lightning"],"picked":"White Noise","floor":19.0}],"player_experience":478937,"relics_obtained":[{"floor":4.0,"key":"Smiling Mask"},{"floor":6.0,"key":"Mango"},{"floor":8.0,"key":"Tiny Chest"},{"floor":9.0,"key":"Matryoshka"},{"floor":10.0,"key":"FossilizedHelix"},{"floor":19.0,"key":"Prayer Wheel"},{"floor":19.0,"key":"Blue Candle"},{"floor":21.0,"key":"Happy Flower"},{"floor":21.0,"key":"Art of War"}],"event_choices":[{"cards_removed":["Strike_B"],"damage_healed":0.0,"max_hp_gain":0.0,"max_hp_loss":0.0,"gold_gain":0.0,"event_name":"Golden Wing","player_choice":"Card Removal","floor":2.0,"gold_loss":0.0,"damage_taken":7.0},{"damage_healed":0.0,"max_hp_gain":0.0,"max_hp_loss":0.0,"gold_gain":0.0,"event_name":"Match and Keep!","player_choice":"1 cards matched","floor":5.0,"gold_loss":0.0,"damage_taken":0.0,"cards_obtained":["Trip"]},{"damage_healed":0.0,"max_hp_gain":0.0,"max_hp_loss":0.0,"gold_gain":0.0,"event_name":"Colosseum","player_choice":"Fight","floor":19.0,"gold_loss":0.0,"damage_taken":0.0},{"damage_healed":0.0,"max_hp_gain":0.0,"max_hp_loss":0.0,"gold_gain":0.0,"event_name":"Colosseum","player_choice":"Fought Nobs","floor":19.0,"gold_loss":0.0,"damage_taken":0.0}],"is_beta":false,"boss_relics":[{"not_picked":["White Beast Statue","Inserter"],"picked":"Fusion Hammer"}],"items_purged_floors":[20],"is_endless":false,"potions_floor_spawned":[6,8,13,16,18,19],"killed_by":"Spheric Guardian","ascension_level":5}