{"gold_per_floor":[113,63,76,76,1,1,1,20,20,30,40,51,51,66,66,168,168,179,179,479,578,593,459,459,459],"floor_reached":25,"playtime":942,"items_purged":["Strike_B"],"score":193,"play_id":"609259a8-3841-451a-a990-70f10ae62d35","local_time":"20181013182452","is_ascension_mode":false,"campfire_choices":[{"data":"Dualcast","floor":6.0,"key":"SMITH"},{"data":"Redo","floor":13.0,"key":"SMITH"},{"data":"Rip and Tear","floor":15.0,"key":"SMITH"},{"data":"Buffer","floor":24.0,"key":"SMITH"}],"neow_cost":"","seed_source_timestamp":0,"circlet_count":0,"master_deck":["Strike_B","Strike_B","Defend_B","Defend_B","Defend_B","Defend_B","Zap+1","Dualcast+1","Sweeping Beam","Rip and Tear+1","Hologram","Chill","Leap","Redo+1","Cold Snap","Buffer+1","Darkness","Writhe"],"special_seed":0,"relics":["Cracked Core","Pear","Philosopher\u0027s Stone","Nilry\u0027s Codex","Old Coin","Mercury Hourglass"],"potions_floor_usage":[25],"damage_taken":[{"damage":5.0,"enemies":"Small Slimes","floor":1.0,"turns":3.0},{"damage":3.0,"enemies":"Jaw Worm","floor":3.0,"turns":4.0},{"damage":0.0,"enemies":"2 Louse","floor":8.0,"turns":1.0},{"damage":4.0,"enemies":"Blue Slaver","floor":10.0,"turns":3.0},{"damage":8.0,"enemies":"Exordium Thugs","floor":11.0,"turns":4.0},{"damage":1.0,"enemies":"3 Louse","floor":12.0,"turns":3.0},{"damage":0.0,"enemies":"Blue Slaver","floor":14.0,"turns":3.0},{"damage":35.0,"enemies":"Slime Boss","floor":16.0,"turns":12.0},{"damage":2.0,"enemies":"Chosen","floor":18.0,"turns":4.0},{"damage":13.0,"enemies":"Shell Parasite","floor":22.0,"turns":9.0},{"damage":0,"enemies":"Snake Plant","floor":25,"turns":1}],"seed_played":"617399286","potions_obtained":[{"floor":8.0,"key":"Dexterity Potion"},{"floor":14.0,"key":"Poison Potion"},{"floor":16.0,"key":"Regen Potion"},{"floor":18.0,"key":"Energy Potion"}],"is_trial":true,"path_per_floor":["M","?","M","?","$","R","?","M","T","M","M","M","R","M","R","B",null,"M","?","?","?","M","?","R"],"character_chosen":"DEFECT","items_purchased":[],"campfire_rested":0,"item_purchase_floors":[],"current_hp_per_floor":[70,70,67,67,67,67,67,67,77,73,65,64,64,64,64,29,85,83,67,67,67,54,54,54,54],"gold":459,"neow_bonus":"","is_prod":false,"is_daily":false,"chose_seed":false,"campfire_upgraded":4,"win_rate":0,"timestamp":1539447892,"path_taken":["M","?","M","?","$","R","?","M","T","M","M","M","R","M","R","BOSS","M","?","?","?","M","?","R","M"],"build_version":"2018-10-11","purchased_purges":1,"victory":false,"max_hp_per_floor":[75,75,75,75,75,75,75,75,85,85,85,85,85,85,85,85,85,85,85,85,85,85,85,85,85],"card_choices":[{"not_picked":["Turbo","Scrape"],"picked":"Sweeping Beam","floor":1.0},{"not_picked":["Compile Driver","Ball Lightning"],"picked":"Rip and Tear","floor":3.0},{"not_picked":["Chaos","Turbo"],"picked":"Hologram","floor":8.0},{"not_picked":["Barrage","Sweeping Beam"],"picked":"Chill","floor":10.0},{"not_picked":["Recycle","Coolheaded"],"picked":"Leap","floor":11.0},{"not_picked":["Sweeping Beam","Coolheaded"],"picked":"Redo","floor":12.0},{"not_picked":["Capacitor","Amplify"],"picked":"Cold Snap","floor":14.0},{"not_picked":["Meteor Strike","Echo Form"],"picked":"Buffer","floor":16.0},{"not_picked":["Ball Lightning","Reprogram"],"picked":"Darkness","floor":18.0},{"not_picked":["Go for the Eyes","Steam","Turbo"],"picked":"SKIP","floor":22.0}],"player_experience":209882,"relics_obtained":[{"floor":9.0,"key":"Pear"},{"floor":19.0,"key":"Nilry\u0027s Codex"}],"event_choices":[{"event_name":"The Cleric","player_choice":"Card Removal","floor":2.0,"damage_taken":0.0},{"event_name":"Shining Light","player_choice":"Ignored","floor":4.0,"damage_taken":0.0},{"event_name":"Living Wall","player_choice":"Grow","floor":7.0,"damage_taken":0.0},{"event_name":"Cursed Tome","player_choice":"Obtained Book","floor":19.0,"damage_taken":0.0},{"event_name":"The Mausoleum","player_choice":"Yes","floor":20.0,"damage_taken":0.0},{"event_name":"Nest","player_choice":"Stole From Cult","floor":21.0,"damage_taken":0.0},{"event_name":"WeMeetAgain","player_choice":"Gold","floor":23.0,"damage_taken":0.0}],"is_beta":false,"boss_relics":[{"not_picked":["Tiny House","Snecko Eye"],"picked":"Philosopher\u0027s Stone"}],"items_purged_floors":[5],"is_endless":true,"potions_floor_spawned":[8,14,16,18],"killed_by":"Snake Plant","ascension_level":0}