{"path_per_floor":["M","M","?","M","$","E","?","?","T","R","T","E","M","M","R","B",null,"M","?","M","T","$","R","E","M","T","M","$","E","M","M","R","B",null,"M","?","M","?","M","E","R","?","T","M","M","M","M","$","R","B"],"character_chosen":"IRONCLAD","items_purchased":["Armaments","Disarm","Immolate","Apotheosis","Havoc","Feel No Pain","Art of War"],"gold_per_floor":[361,372,402,418,219,252,202,202,202,202,227,259,270,280,280,384,384,404,404,424,449,3,3,36,54,54,66,21,54,68,86,86,191,191,206,206,216,216,233,258,258,258,258,275,288,302,318,11,11,11],"floor_reached":51,"campfire_rested":3,"playtime":5168,"current_hp_per_floor":[72,72,72,71,71,40,40,40,40,40,40,49,54,51,51,54,72,72,59,54,54,54,54,46,51,51,48,48,54,34,49,72,60,77,71,71,72,72,68,45,67,58,58,51,44,47,43,43,65,74],"items_purged":["Normality","Armaments","Strike_R"],"gold":11,"score":731,"play_id":"8954d104-0b2d-4d55-8f3f-afbd9df5b990","local_time":"20180331212431","is_prod":false,"is_daily":false,"is_ascension_mode":false,"campfire_upgraded":3,"timestamp":1522545871,"path_taken":["M","M","?","M","$","E","?","?","T","R","?","E","?","M","R","BOSS","M","?","M","?","$","R","E","M","T","M","$","E","M","M","R","BOSS","M","?","M","?","M","E","R","?","T","M","M","?","M","$","R","BOSS"],"build_version":"2018-03-29v2","purchased_purges":4,"victory":true,"master_deck":["Strike_R","Strike_R","Strike_R","Defend_R+1","Defend_R","Defend_R","Defend_R","Bash","Iron Wave+1","Shockwave+1","Flame Barrier","Disarm+1","Searing Blow+1","Spot Weakness","Iron Wave+1","Power Through","Limit Break","Headbutt+1","Heavy Blade","Immolate","Apotheosis+1","Disarm","Wild Strike+1","Havoc","Fiend Fire","Searing Blow","Ghostly Armor","Offering","Metallicize","Spot Weakness+1","Decay","Havoc+1","Sever Soul","Madness","Madness","Injury","Thunderclap+1","Sever Soul+1","Reaper","Shrug It Off+1","Feel No Pain"],"max_hp_per_floor":[72,72,72,72,72,72,72,72,72,72,72,72,72,72,72,72,72,72,77,77,77,77,77,77,77,77,77,77,77,77,77,77,77,77,77,74,74,74,74,74,74,74,74,74,74,74,74,74,74,74],"relics":["Burning Blood","Tiny Chest","Meat on the Bone","Centennial Puzzle","War Paint","Gremlin Horn","Cursed Key","Whetstone","Charon\u0027s Ashes","Champion Belt","Red Skull","Velvet Choker","Bag of Preparation","Calipers","Art of War"],"card_choices":[{"not_picked":["Perfected Strike","Reckless Charge"],"picked":"Iron Wave","floor":1.0},{"not_picked":["Anger","Feel No Pain"],"picked":"Shockwave","floor":2.0},{"not_picked":["Sword Boomerang","Clash"],"picked":"Flame Barrier","floor":4.0},{"not_picked":["Clothesline","Uppercut"],"picked":"Searing Blow","floor":6.0},{"not_picked":["Burning Pact","Clothesline"],"picked":"Spot Weakness","floor":12.0},{"not_picked":["Heavy Blade","Pommel Strike"],"picked":"Iron Wave","floor":13.0},{"not_picked":["Twin Strike","Combust"],"picked":"Power Through","floor":14.0},{"not_picked":["Juggernaut","Berserk"],"picked":"Limit Break","floor":16.0},{"not_picked":["Heavy Blade","Clothesline"],"picked":"Headbutt","floor":18.0},{"not_picked":["Sword Boomerang","Rupture"],"picked":"Heavy Blade","floor":20.0},{"not_picked":["Thunderclap","Clash"],"picked":"Disarm","floor":24.0},{"not_picked":["Shrug It Off","Warcry"],"picked":"Wild Strike","floor":25.0},{"not_picked":["Sword Boomerang","True Grit"],"picked":"Fiend Fire","floor":29.0},{"not_picked":["Armaments","Anger"],"picked":"Searing Blow","floor":30.0},{"not_picked":["Flame Barrier","Shrug It Off"],"picked":"Ghostly Armor","floor":31.0},{"not_picked":["Bludgeon","Berserk"],"picked":"Offering","floor":33.0},{"not_picked":["Body Slam","Shrug It Off"],"picked":"Metallicize","floor":35.0},{"not_picked":["Clothesline","True Grit"],"picked":"Spot Weakness","floor":37.0},{"not_picked":["Blood for Blood","Power Through"],"picked":"Havoc","floor":39.0},{"not_picked":["Whirlwind","Sword Boomerang"],"picked":"Sever Soul","floor":40.0},{"not_picked":["Clothesline","Infernal Blade"],"picked":"Thunderclap","floor":44.0},{"not_picked":["Rampage","Corruption"],"picked":"Sever Soul","floor":45.0},{"not_picked":["Cleave","Armaments"],"picked":"Reaper","floor":46.0},{"not_picked":["Pommel Strike","Blood for Blood"],"picked":"Shrug It Off","floor":47}],"player_experience":212010,"potions_floor_usage":[47,50,50],"damage_taken":[{"damage":2.0,"enemies":"2 Louse","floor":1.0,"turns":3.0},{"damage":1.0,"enemies":"Cultist","floor":2.0,"turns":3.0},{"damage":7.0,"enemies":"Small Slimes","floor":4.0,"turns":4.0},{"damage":37.0,"enemies":"Gremlin Nob","floor":6.0,"turns":6.0},{"damage":12.0,"enemies":"3 Sentries","floor":12.0,"turns":11.0},{"damage":1.0,"enemies":"Exordium Wildlife","floor":13.0,"turns":6.0},{"damage":9.0,"enemies":"Large Slime","floor":14.0,"turns":6.0},{"damage":15.0,"enemies":"Hexaghost","floor":16.0,"turns":11.0},{"damage":5.0,"enemies":"Shell Parasite","floor":18.0,"turns":5.0},{"damage":11.0,"enemies":"3 Byrds","floor":20.0,"turns":5.0},{"damage":14.0,"enemies":"Slavers","floor":24.0,"turns":4.0},{"damage":13.0,"enemies":"Centurion and Healer","floor":25.0,"turns":5.0},{"damage":9.0,"enemies":"Chosen and Byrds","floor":27.0,"turns":6.0},{"damage":12.0,"enemies":"Book of Stabbing","floor":29.0,"turns":6.0},{"damage":38.0,"enemies":"Slaver and Parasite","floor":30.0,"turns":5.0},{"damage":3.0,"enemies":"Centurion and Healer","floor":31.0,"turns":4.0},{"damage":18.0,"enemies":"Collector","floor":33.0,"turns":6.0},{"damage":12.0,"enemies":"Orb Walker","floor":35.0,"turns":3.0},{"damage":5.0,"enemies":"3 Shapes","floor":37.0,"turns":3.0},{"damage":10.0,"enemies":"Sphere and 2 Shapes","floor":39.0,"turns":2.0},{"damage":29.0,"enemies":"Nemesis","floor":40.0,"turns":7.0},{"damage":13.0,"enemies":"Maw","floor":44.0,"turns":6.0},{"damage":13.0,"enemies":"4 Shapes","floor":45.0,"turns":2.0},{"damage":3.0,"enemies":"Sphere and 2 Shapes","floor":46.0,"turns":4.0},{"damage":22,"enemies":"Maw","floor":47,"turns":7},{"damage":6,"enemies":"Time Eater","floor":50,"turns":8}],"event_choices":[{"event_name":"Accursed Blacksmith","player_choice":"Rummage","floor":3.0,"damage_taken":0.0},{"event_name":"The Cleric","player_choice":"Card Removal","floor":7.0,"damage_taken":0.0},{"event_name":"Upgrade Shrine","player_choice":"Upgraded","floor":8.0,"damage_taken":0.0},{"event_name":"Forgotten Altar","player_choice":"Shed Blood","floor":19.0,"damage_taken":0.0},{"event_name":"Fountain of Cleansing","player_choice":"Removed Curse","floor":36.0,"damage_taken":0.0},{"event_name":"Wheel of Change","player_choice":"Curse","floor":38.0,"damage_taken":0.0},{"event_name":"Winding Halls","player_choice":"Embrace Madness","floor":42.0,"damage_taken":0.0}],"boss_relics":[],"potions_floor_spawned":[2,14,16,18,24,30,31,33,39,40,44,45],"seed_played":"-1469405437250599105","ascension_level":0,"is_trial":false}