{"gold_per_floor":[118,137,137,62,62,96,96,96,96,110,139,139,155,185,185,257,257,273,2,2,14,29,29,48,48,48,48,48,48,5,31,31,103,103,113,113,113,123,0,35,35,35,112,112,132,152,168,168,168,168],"floor_reached":50,"playtime":3416,"items_purged":["Strike_B"],"score":1088,"play_id":"dc2d3503-ba1d-4048-b48a-d9efd9824a6f","local_time":"20190227133730","is_ascension_mode":true,"campfire_choices":[{"data":"Defragment","floor":7.0,"key":"SMITH"},{"floor":12.0,"key":"REST"},{"floor":15.0,"key":"REST"},{"data":"Go for the Eyes","floor":23.0,"key":"SMITH"},{"data":"Creative AI","floor":25.0,"key":"SMITH"},{"data":"Zap","floor":27.0,"key":"SMITH"},{"data":"Storm","floor":32.0,"key":"SMITH"},{"data":"Glacier","floor":42.0,"key":"SMITH"},{"data":"Dualcast","floor":44.0,"key":"SMITH"},{"data":"Glacier","floor":49.0,"key":"SMITH"}],"neow_cost":"NONE","seed_source_timestamp":229323555468300,"circlet_count":0,"master_deck":["AscendersBane","Defend_B","Defend_B","Zap+1","Dualcast+1","Go for the Eyes+1","Ball Lightning","Defragment+1","Conserve Battery","Glacier+1","Undo","Creative AI+1","Defragment+1","Rainbow+1","Fission+1","Leap","Chill","Cold Snap","Storm+1","Glacier+1","Core Surge+1","Cold Snap+1","Cold Snap+1","Blizzard+1","Blizzard+1","Ball Lightning+1"],"special_seed":0,"relics":["Cracked Core","Gremlin Horn","Bird Faced Urn","PreservedInsect","Astrolabe","Oddly Smooth Stone","Molten Egg 2","Ginger","White Beast Statue","Red Mask","Bottled Lightning","Dodecahedron"],"potions_floor_usage":[50],"damage_taken":[{"damage":2.0,"enemies":"Cultist","floor":1.0,"turns":4.0},{"damage":12.0,"enemies":"Small Slimes","floor":2.0,"turns":3.0},{"damage":30.0,"enemies":"Lagavulin","floor":6.0,"turns":5.0},{"damage":0.0,"enemies":"Jaw Worm","floor":10.0,"turns":3.0},{"damage":29.0,"enemies":"Gremlin Nob","floor":11.0,"turns":4.0},{"damage":12.0,"enemies":"Gremlin Gang","floor":13.0,"turns":5.0},{"damage":0.0,"enemies":"Lagavulin","floor":14.0,"turns":7.0},{"damage":30.0,"enemies":"Hexaghost","floor":16.0,"turns":13.0},{"damage":0.0,"enemies":"Shell Parasite","floor":18.0,"turns":8.0},{"damage":0.0,"enemies":"Spheric Guardian","floor":21.0,"turns":6.0},{"damage":0.0,"enemies":"Snecko","floor":22.0,"turns":6.0},{"damage":23.0,"enemies":"Cultist and Chosen","floor":24.0,"turns":5.0},{"damage":0.0,"enemies":"Book of Stabbing","floor":31.0,"turns":5.0},{"damage":74.0,"enemies":"Collector","floor":33.0,"turns":12.0},{"damage":1.0,"enemies":"3 Darklings","floor":35.0,"turns":6.0},{"damage":5.0,"enemies":"3 Shapes","floor":38.0,"turns":5.0},{"damage":19.0,"enemies":"Giant Head","floor":40.0,"turns":11.0},{"damage":3.0,"enemies":"Writhing Mass","floor":45.0,"turns":7.0},{"damage":0.0,"enemies":"3 Darklings","floor":46.0,"turns":4.0},{"damage":19.0,"enemies":"Spire Growth","floor":47.0,"turns":5.0},{"damage":0.0,"enemies":"Writhing Mass","floor":48.0,"turns":6.0},{"damage":86,"enemies":"Awakened One","floor":50,"turns":10}],"seed_played":"7598053920128308974","potions_obtained":[{"floor":1.0,"key":"Weak Potion"},{"floor":5.0,"key":"Fruit Juice"},{"floor":5.0,"key":"Strength Potion"},{"floor":10.0,"key":"SteroidPotion"},{"floor":14.0,"key":"PowerPotion"},{"floor":16.0,"key":"Energy Potion"},{"floor":24.0,"key":"Swift Potion"},{"floor":33.0,"key":"Poison Potion"},{"floor":35.0,"key":"Explosive Potion"},{"floor":38.0,"key":"SmokeBomb"},{"floor":45.0,"key":"SkillPotion"}],"is_trial":false,"path_per_floor":["M","M","?","$","?","E","R","$","T","M","E","R","M","E","R","B",null,"M","$","?","M","M","R","M","R","T","R","$","?","$","E","R","B",null,"M","$","?","M","?","E","$","R","T","R","M","M","M","M","R","B"],"character_chosen":"DEFECT","items_purchased":["Defragment","Oddly Smooth Stone","Leap","Storm"],"campfire_rested":2,"item_purchase_floors":[4,19,19,30],"current_hp_per_floor":[69,57,57,57,62,32,32,32,32,32,3,27,17,19,43,17,67,77,77,77,81,83,83,64,64,64,64,64,64,64,70,70,16,66,73,73,73,82,82,74,74,74,74,74,83,83,74,80,80,0],"gold":168,"neow_bonus":"TEN_PERCENT_HP_BONUS","is_prod":false,"is_daily":false,"chose_seed":false,"campfire_upgraded":8,"win_rate":0,"timestamp":1551292650,"path_taken":["M","M","?","$","?","E","R","$","T","M","E","R","?","E","R","BOSS","M","$","?","?","M","R","M","R","T","R","$","?","$","E","R","BOSS","M","$","?","?","?","E","?","R","T","R","M","?","M","M","R","BOSS"],"build_version":"2019-01-23","purchased_purges":1,"victory":false,"max_hp_per_floor":[78,78,78,78,83,83,83,83,83,83,83,83,83,83,83,83,83,83,83,83,83,83,83,83,83,83,83,83,83,83,83,83,83,83,83,83,83,83,83,83,83,83,83,83,83,83,83,83,83,83],"card_choices":[{"not_picked":["Streamline","Leap"],"picked":"Go for the Eyes","floor":1.0},{"not_picked":["Compile Driver","Go for the Eyes"],"picked":"Ball Lightning","floor":2.0},{"not_picked":["Rip and Tear","Rebound","Redo"],"picked":"SKIP","floor":6.0},{"not_picked":["Undo","Rebound"],"picked":"Conserve Battery","floor":10.0},{"not_picked":["Static Discharge","Biased Cognition"],"picked":"Glacier","floor":11.0},{"not_picked":["Sweeping Beam","Leap"],"picked":"Undo","floor":13.0},{"not_picked":["Go for the Eyes","Tempest","Blizzard"],"picked":"SKIP","floor":14.0},{"not_picked":["Fission","Amplify"],"picked":"Creative AI","floor":16.0},{"not_picked":["Aggregate","Coolheaded","Streamline"],"picked":"SKIP","floor":18.0},{"not_picked":["Conserve Battery","Melter","Consume"],"picked":"SKIP","floor":21.0},{"not_picked":["Conserve Battery","Melter","Consume"],"picked":"SKIP","floor":21.0},{"not_picked":["Meteor Strike","Redo"],"picked":"Chill","floor":22.0},{"not_picked":["Go for the Eyes","Streamline"],"picked":"Cold Snap","floor":24.0},{"not_picked":["Gash+1","Go for the Eyes+1"],"picked":"Glacier","floor":31.0},{"not_picked":["Amplify","Creative AI"],"picked":"Core Surge+1","floor":33.0},{"not_picked":["Undo+1","Rebound+1"],"picked":"Cold Snap+1","floor":35.0},{"not_picked":["Force Field","Stack"],"picked":"Cold Snap+1","floor":38.0},{"not_picked":["Reprogram+1","Buffer","Streamline+1"],"picked":"SKIP","floor":40.0},{"not_picked":["Barrage+1","Stack"],"picked":"Blizzard+1","floor":45.0},{"not_picked":["Turbo","Go for the Eyes+1"],"picked":"Blizzard+1","floor":46.0},{"not_picked":["Darkness","Gash+1"],"picked":"Ball Lightning+1","floor":47.0}],"player_experience":1270064,"relics_obtained":[{"floor":9.0,"key":"Gremlin Horn"},{"floor":11.0,"key":"Bird Faced Urn"},{"floor":14.0,"key":"PreservedInsect"},{"floor":26.0,"key":"Molten Egg 2"},{"floor":31.0,"key":"Ginger"},{"floor":40.0,"key":"Bottled Lightning"},{"floor":43.0,"key":"Dodecahedron"}],"event_choices":[{"damage_healed":0.0,"max_hp_gain":0.0,"max_hp_loss":0.0,"gold_gain":0.0,"event_name":"Golden Idol","player_choice":"Ignored","floor":3.0,"gold_loss":0.0,"damage_taken":0.0},{"damage_healed":0.0,"max_hp_gain":0.0,"max_hp_loss":0.0,"gold_gain":0.0,"event_name":"Lab","player_choice":"Got Potions","floor":5.0,"gold_loss":0.0,"damage_taken":0.0},{"cards_removed":["Defend_B"],"damage_healed":0.0,"max_hp_gain":0.0,"max_hp_loss":0.0,"gold_gain":0.0,"event_name":"Purifier","player_choice":"Purged","floor":20.0,"gold_loss":0.0,"damage_taken":0.0},{"damage_healed":0.0,"max_hp_gain":0.0,"max_hp_loss":0.0,"gold_gain":0.0,"event_name":"N\u0027loth","player_choice":"Ignored","floor":29.0,"gold_loss":0.0,"damage_taken":0.0},{"cards_removed":["Defend_B"],"damage_healed":0.0,"max_hp_gain":0.0,"max_hp_loss":0.0,"gold_gain":0.0,"event_name":"Purifier","player_choice":"Purged","floor":37.0,"gold_loss":0.0,"damage_taken":0.0},{"damage_healed":0.0,"max_hp_gain":0.0,"max_hp_loss":0.0,"gold_gain":0.0,"event_name":"Tomb of Lord Red Mask","player_choice":"Paid","floor":39.0,"gold_loss":123.0,"damage_taken":0.0,"relics_obtained":["Red Mask"]}],"is_beta":false,"boss_relics":[{"not_picked":["Eternal Feather","Coffee Dripper"],"picked":"Astrolabe"},{"not_picked":["Runic Dome","Empty Cage"],"picked":"White Beast Statue"}],"items_purged_floors":[19],"is_endless":false,"potions_floor_spawned":[1,10,14,16,24,33,35,38,40,45,46,47,48],"killed_by":"Awakened One","ascension_level":19}