{"gold_per_floor":[115,6,18,29,0,0,19,32,57,68,87,87,87,87,87,192,192,202,202,202,127,139,139,154,154,180,56,68,68,82,113,113,113],"floor_reached":33,"playtime":2431,"items_purged":["Defend_G","Strike_G"],"score":259,"play_id":"92377cb9-2422-4a57-bae3-fb03b7d575d0","local_time":"20180725195324","is_ascension_mode":false,"campfire_choices":[{"data":"Neutralize","floor":6,"key":"SMITH"},{"floor":12,"key":"REST"},{"data":"Footwork","floor":15,"key":"SMITH"},{"data":"Blur","floor":23,"key":"SMITH"},{"floor":25,"key":"REST"},{"floor":29,"key":"REST"},{"floor":32,"key":"REST"}],"neow_cost":"NONE","seed_source_timestamp":1044419571707702,"circlet_count":0,"master_deck":["Defend_G","Defend_G","Strike_G","Strike_G","Strike_G","Strike_G","Survivor","Neutralize+1","Backflip","Prepared","Blur+1","Dodge and Roll","Acrobatics","Sucker Punch","Endless Agony","Footwork+1","Flying Knee+1","Prepared","Slice","Noxious Fumes+1","Dodge and Roll","Quick Slash","Sucker Punch+1","Backflip","Acrobatics+1","Bouncing Flask"],"relics":["Ring of the Snake","Dream Catcher","WristBlade","Anchor","Potion Belt"],"potions_floor_usage":[7,16,30,31,33],"damage_taken":[{"damage":4,"enemies":"Cultist","floor":1,"turns":5},{"damage":0,"enemies":"Small Slimes","floor":3,"turns":4},{"damage":0,"enemies":"2 Louse","floor":4,"turns":3},{"damage":9,"enemies":"Looter","floor":5,"turns":5},{"damage":2,"enemies":"3 Louse","floor":7,"turns":8},{"damage":42,"enemies":"Exordium Wildlife","floor":8,"turns":16},{"damage":3,"enemies":"Looter","floor":10,"turns":5},{"damage":2,"enemies":"2 Fungi Beasts","floor":11,"turns":5},{"damage":20,"enemies":"The Guardian","floor":16,"turns":26},{"damage":0,"enemies":"Shell Parasite","floor":18,"turns":10},{"damage":18,"enemies":"Spheric Guardian","floor":22,"turns":6},{"damage":8,"enemies":"Snecko","floor":24,"turns":6},{"damage":21,"enemies":"3 Cultists","floor":28,"turns":7},{"damage":13,"enemies":"Snake Plant","floor":30,"turns":6},{"damage":19,"enemies":"Slavers","floor":31,"turns":6},{"damage":51,"enemies":"Champ","floor":33,"turns":13}],"seed_played":"-3544412578283404328","potions_obtained":[{"floor":4,"key":"Block Potion"},{"floor":7,"key":"SkillPotion"},{"floor":16,"key":"AttackPotion"},{"floor":18,"key":"Energy Potion"},{"floor":24,"key":"Poison Potion"},{"floor":28,"key":"Explosive Potion"},{"floor":31,"key":"Fire Potion"}],"is_trial":false,"path_per_floor":["M","$","M","M","M","R","M","M","T","M","M","R","?","?","R","B",null,"M","?","?","?","M","R","M","R","T","$","M","R","M","E","R"],"character_chosen":"THE_SILENT","items_purchased":["Blur","Dodge and Roll"],"campfire_rested":4,"item_purchase_floors":[2,27],"current_hp_per_floor":[66,66,66,66,57,57,55,13,13,10,8,29,29,52,52,32,70,70,57,57,57,39,39,31,53,53,53,32,54,41,22,44,0],"gold":113,"neow_bonus":"THREE_CARDS","is_prod":false,"is_daily":false,"chose_seed":false,"campfire_upgraded":3,"win_rate":0.0,"timestamp":1532541204,"path_taken":["M","?","M","M","M","R","M","M","T","M","?","R","?","?","R","BOSS","M","?","?","?","M","R","M","R","T","$","?","R","M","E","R","BOSS"],"build_version":"2018-07-19v2","purchased_purges":2,"victory":false,"max_hp_per_floor":[70,70,70,70,70,70,70,70,70,70,70,70,70,70,70,70,70,70,75,75,75,75,75,75,75,75,75,75,75,75,75,75,75],"card_choices":[{"not_picked":["Bane","PiercingWail"],"picked":"Backflip","floor":0},{"not_picked":["Quick Slash","Underhanded Strike"],"picked":"Prepared","floor":1},{"not_picked":["Bane","Deadly Poison"],"picked":"Dodge and Roll","floor":3},{"not_picked":["Crippling Poison","Eviscerate","Poisoned Stab"],"picked":"SKIP","floor":4},{"not_picked":["PiercingWail","Blur"],"picked":"Acrobatics","floor":5},{"not_picked":["Underhanded Strike","Storm of Steel","Dagger Throw"],"picked":"SKIP","floor":7},{"not_picked":["Outmaneuver","Well Laid Plans"],"picked":"Sucker Punch","floor":8},{"not_picked":["Skewer","Poisoned Stab","Calculated Gamble"],"picked":"SKIP","floor":10},{"not_picked":["Eviscerate","Finisher"],"picked":"Endless Agony","floor":11},{"not_picked":["Quick Slash","Accuracy"],"picked":"Footwork","floor":12},{"not_picked":["Prepared","Heel Hook"],"picked":"Flying Knee+1","floor":18},{"not_picked":["Tactician","Dagger Throw"],"picked":"Prepared","floor":22},{"not_picked":["Dagger Throw","Underhanded Strike"],"picked":"Slice","floor":24},{"not_picked":["Backflip","Prepared"],"picked":"Noxious Fumes+1","floor":25},{"not_picked":["Choke","Bouncing Flask"],"picked":"Quick Slash","floor":28},{"not_picked":["Night Terror","Dagger Spray+1"],"picked":"Sucker Punch+1","floor":29},{"not_picked":["Riddle With Holes+1","Malaise"],"picked":"Backflip","floor":30},{"not_picked":["Quick Slash+1","Wraith Form v2"],"picked":"Acrobatics+1","floor":31},{"not_picked":["Poisoned Stab+1","Eviscerate"],"picked":"Bouncing Flask","floor":32}],"player_experience":25472,"relics_obtained":[{"floor":9,"key":"Dream Catcher"},{"floor":26,"key":"Anchor"},{"floor":31,"key":"Potion Belt"}],"event_choices":[{"event_name":"Purifier","player_choice":"One Purge","floor":13,"damage_taken":0},{"event_name":"Big Fish","player_choice":"Banana","floor":14,"damage_taken":0},{"event_name":"Forgotten Altar","player_choice":"Shed Blood","floor":19,"damage_taken":0},{"event_name":"The Woman in Blue","player_choice":"Bought 0 Potions","floor":20,"damage_taken":0},{"event_name":"Beggar","player_choice":"Gave Gold","floor":21,"damage_taken":0}],"is_beta":false,"boss_relics":[{"not_picked":["Busted Crown","Velvet Choker"],"picked":"WristBlade"}],"items_purged_floors":[2,27],"is_endless":false,"potions_floor_spawned":[4,7,16,18,24,28,31],"killed_by":"Champ","ascension_level":0}