{"gold_per_floor":[119,15,15,15,32,32,32,32,59,59,87,105,125,137,137,242,242,255,271,271,186,186,213,213,109,109,109,124,141,141,141,141,241,241,255,268,281,281,206,206,206,206,206,218,230,142,161,261,261,261],"floor_reached":51,"playtime":3088,"items_purged":["Riddle With Holes","Normality"],"score":953,"play_id":"9a969035-baca-45dd-a60c-03ca7d4fb245","local_time":"20190117191816","is_ascension_mode":true,"campfire_choices":[{"data":"A Thousand Cuts","floor":6.0,"key":"SMITH"},{"data":"Footwork","floor":8.0,"key":"SMITH"},{"data":"Neutralize","floor":10.0,"key":"SMITH"},{"data":"Well Laid Plans","floor":15.0,"key":"SMITH"},{"data":"Adrenaline","floor":27,"key":"SMITH"},{"data":"Tactician","floor":32,"key":"SMITH"},{"data":"Tools of the Trade","floor":40,"key":"SMITH"},{"floor":45,"key":"RECALL"},{"floor":49,"key":"REST"}],"neow_cost":"TEN_PERCENT_HP_LOSS","seed_source_timestamp":0,"circlet_count":0,"master_deck":["Survivor+1","A Thousand Cuts+1","Dagger Spray+1","Footwork+1","Flying Knee+1","Tactician+1","Sucker Punch+1","Backflip+1","Well Laid Plans+1","Burst+1","Adrenaline+1","Blur+1","Blur+1","Backstab+1","Leg Sweep+1","Predator+1","Acrobatics+1","Tools of the Trade+1","Flying Knee+1","Dash+1","Backflip+1","Deflect+1","Terror+1","Cloak And Dagger+1","Necronomicurse","Adrenaline+1","Dagger Throw+1","Dodge and Roll+1","Catalyst+1","Backflip+1"],"special_seed":0,"relics":["Ring of the Snake","Juzu Bracelet","Centennial Puzzle","Pandora\u0027s Box","Anchor","StoneCalendar","Snake Skull","Toxic Egg 2","Necronomicon","Cursed Key","MawBank","Mark of the Bloom"],"potions_floor_usage":[33,33,33,41,41],"damage_taken":[{"damage":8.0,"enemies":"2 Louse","floor":1.0,"turns":5.0},{"damage":4.0,"enemies":"Cultist","floor":5.0,"turns":4.0},{"damage":16.0,"enemies":"Lagavulin","floor":11.0,"turns":9.0},{"damage":4.0,"enemies":"Jaw Worm","floor":12.0,"turns":3.0},{"damage":0.0,"enemies":"3 Louse","floor":13.0,"turns":3.0},{"damage":6.0,"enemies":"2 Fungi Beasts","floor":14.0,"turns":3.0},{"damage":28.0,"enemies":"Slime Boss","floor":16.0,"turns":10.0},{"damage":4.0,"enemies":"Spheric Guardian","floor":18.0,"turns":6.0},{"damage":1.0,"enemies":"Chosen","floor":19.0,"turns":4.0},{"damage":18,"enemies":"Slavers","floor":23,"turns":7},{"damage":0,"enemies":"Centurion and Healer","floor":28,"turns":6},{"damage":0,"enemies":"Snecko","floor":29,"turns":5},{"damage":12,"enemies":"Collector","floor":33,"turns":6},{"damage":0,"enemies":"Orb Walker","floor":35,"turns":2},{"damage":0,"enemies":"3 Darklings","floor":36,"turns":4},{"damage":0,"enemies":"Writhing Mass","floor":37,"turns":5},{"damage":0,"enemies":"Jaw Worm Horde","floor":41,"turns":1},{"damage":0,"enemies":"Maw","floor":47,"turns":6},{"damage":0,"enemies":"Donu and Deca","floor":50,"turns":9}],"seed_played":"8491001047348419720","potions_obtained":[{"floor":5.0,"key":"Strength Potion"},{"floor":11.0,"key":"AttackPotion"},{"floor":13.0,"key":"EntropicBrew"},{"floor":23,"key":"AttackPotion"},{"floor":28,"key":"PowerPotion"},{"floor":29,"key":"Block Potion"},{"floor":37,"key":"FearPotion"},{"floor":38,"key":"SmokeBomb"},{"floor":38,"key":"Swift Potion"},{"floor":47,"key":"SpeedPotion"}],"is_trial":false,"path_per_floor":["M","$","?","$","M","R","?","R","T","R","E","M","M","M","R","B",null,"M","M","?","?","?","E","?","$","T","R","M","M","?","$","R","B",null,"M","M","M","?","$","R","M","?","T","?","R","$","M","?","R","B",null],"character_chosen":"THE_SILENT","items_purchased":["Footwork","Flying Knee","Backflip","Deflect"],"campfire_rested":1,"item_purchase_floors":[2,2,25,25],"current_hp_per_floor":[55,55,55,55,51,51,63,63,63,63,47,43,43,37,37,9,50,46,45,45,45,45,27,48,48,48,48,48,48,32,32,32,20,52,52,52,52,52,52,52,52,52,52,52,52,52,52,52,52,52],"gold":261,"neow_bonus":"THREE_RARE_CARDS","is_prod":false,"is_daily":false,"chose_seed":false,"campfire_upgraded":7,"win_rate":0,"timestamp":1547749096,"path_taken":["M","$","?","$","?","R","?","R","T","R","E","M","M","M","R","BOSS","M","M","?","?","?","E","?","$","T","R","M","M","?","$","R","BOSS","M","M","M","?","?","R","M","?","T","?","R","$","M","?","R","BOSS"],"build_version":"2019-01-10","purchased_purges":2,"victory":true,"max_hp_per_floor":[63,63,63,63,63,63,63,63,63,63,63,63,63,63,63,63,63,63,63,63,63,63,63,63,63,63,63,63,63,63,63,63,63,63,63,63,63,63,63,63,63,63,63,63,63,63,63,63,63,63],"card_choices":[{"not_picked":["Doppelganger","Burst"],"picked":"A Thousand Cuts","floor":0.0},{"not_picked":["Flechettes","Concentrate"],"picked":"Dagger Spray","floor":1.0},{"not_picked":["Caltrops","Quick Slash"],"picked":"Tactician","floor":5.0},{"not_picked":["Dagger Throw","Setup","Accuracy"],"picked":"SKIP","floor":11.0},{"not_picked":["Masterful Stab","PiercingWail"],"picked":"Sucker Punch","floor":12.0},{"not_picked":["Heel Hook","Sucker Punch"],"picked":"Backflip","floor":13.0},{"not_picked":["Calculated Gamble","Heel Hook"],"picked":"Well Laid Plans","floor":14.0},{"not_picked":["Grand Finale","Unload"],"picked":"Burst","floor":16.0},{"not_picked":["Setup+1","Blade Dance"],"picked":"Flying Knee+1","floor":18.0},{"not_picked":["Well Laid Plans+1","Infinite Blades+1","Prepared"],"picked":"SKIP","floor":19.0},{"not_picked":["Eviscerate","Prepared"],"picked":"Dash","floor":23},{"not_picked":["Blade Dance+1","Bane"],"picked":"Terror+1","floor":28},{"not_picked":["Deadly Poison+1","Deflect+1"],"picked":"Cloak And Dagger+1","floor":29},{"not_picked":["Corpse Explosion+1","Burst+1"],"picked":"Adrenaline+1","floor":33},{"not_picked":["Prepared+1","Acrobatics+1"],"picked":"Dagger Throw+1","floor":35},{"not_picked":["Acrobatics+1","Cloak And Dagger+1"],"picked":"Dodge and Roll+1","floor":36},{"not_picked":["Dash","Poisoned Stab"],"picked":"Catalyst+1","floor":37},{"not_picked":["Sucker Punch","Backstab"],"picked":"Backflip+1","floor":47}],"player_experience":525186,"relics_obtained":[{"floor":9.0,"key":"Juzu Bracelet"},{"floor":11.0,"key":"Centennial Puzzle"},{"floor":23,"key":"Snake Skull"},{"floor":26,"key":"Toxic Egg 2"},{"floor":30,"key":"Necronomicon"},{"floor":43,"key":"MawBank"}],"event_choices":[{"cards_removed":["Strike_G"],"damage_healed":0.0,"max_hp_gain":0.0,"max_hp_loss":0.0,"gold_gain":0.0,"event_name":"Purifier","player_choice":"Purged","floor":3.0,"gold_loss":0.0,"damage_taken":0.0},{"damage_healed":21.0,"max_hp_gain":0.0,"max_hp_loss":0.0,"gold_gain":0.0,"event_name":"Big Fish","player_choice":"Banana","floor":7.0,"gold_loss":0.0,"damage_taken":0.0},{"damage_healed":0.0,"max_hp_gain":0.0,"max_hp_loss":0.0,"gold_gain":0.0,"event_name":"Vampires","player_choice":"Ignored","floor":20.0,"gold_loss":0.0,"damage_taken":0.0},{"damage_healed":0.0,"max_hp_gain":0.0,"max_hp_loss":0.0,"gold_gain":0.0,"event_name":"Addict","player_choice":"Obtained Relic","floor":21.0,"gold_loss":85.0,"damage_taken":0.0,"relics_obtained":["Anchor"]},{"damage_healed":0.0,"max_hp_gain":0.0,"max_hp_loss":0.0,"gold_gain":0.0,"event_name":"The Mausoleum","player_choice":"Opened","floor":22.0,"gold_loss":0.0,"damage_taken":0.0,"relics_obtained":["StoneCalendar"]},{"damage_healed":21,"gold_gain":0,"player_choice":"Heal","damage_taken":0,"max_hp_gain":0,"max_hp_loss":0,"event_name":"The Library","floor":24,"gold_loss":0},{"damage_healed":0,"gold_gain":0,"player_choice":"Obtained Book","damage_taken":16,"max_hp_gain":0,"max_hp_loss":0,"event_name":"Cursed Tome","floor":30,"gold_loss":0},{"damage_healed":0,"gold_gain":0,"player_choice":"Got Potions","damage_taken":0,"max_hp_gain":0,"max_hp_loss":0,"event_name":"Lab","floor":38,"gold_loss":0},{"cards_removed":["Neutralize"],"damage_healed":0,"gold_gain":0,"player_choice":"Removed Attack","damage_taken":0,"max_hp_gain":0,"max_hp_loss":0,"event_name":"Falling","floor":42,"gold_loss":0},{"damage_healed":0,"gold_gain":0,"player_choice":"Upgrade","damage_taken":0,"relics_obtained":["Mark of the Bloom"],"max_hp_gain":0,"max_hp_loss":0,"event_name":"MindBloom","floor":44,"gold_loss":0,"cards_upgraded":["Survivor","Dagger Spray","Flying Knee","Sucker Punch","Backflip","Burst","Blur","Blur","Backstab","Leg Sweep","Predator","Acrobatics","Dash","Backflip","Deflect"]},{"damage_healed":0,"gold_gain":100,"player_choice":"Pray","damage_taken":0,"max_hp_gain":0,"max_hp_loss":0,"event_name":"Golden Shrine","floor":48,"gold_loss":0}],"is_beta":false,"boss_relics":[{"not_picked":["Calling Bell","Tiny House"],"picked":"Pandora\u0027s Box"},{"not_picked":["Runic Pyramid","HoveringKite"],"picked":"Cursed Key"}],"items_purged_floors":[39,46],"is_endless":false,"potions_floor_spawned":[5,11,13,23,28,29,37,47],"ascension_level":8}