{"gold_per_floor":[109,109,74,34,45,45,59,59,111,125,125,154,176,176,176,275,275,291,310,310,310,235,235,235,248,248,275,275,54,54,54,54,54],"floor_reached":33,"playtime":1148,"items_purged":["Strike_G+1","Writhe"],"score":259,"play_id":"46152b0e-fb22-4265-8d7b-963020a1dd20","local_time":"20180809205721","is_ascension_mode":false,"campfire_choices":[{"data":"Survivor","floor":6.0,"key":"SMITH"},{"data":"Escape Plan","floor":8.0,"key":"SMITH"},{"data":"All Out Attack","floor":11.0,"key":"SMITH"},{"data":"Flying Knee","floor":15.0,"key":"SMITH"},{"data":"Dagger Spray","floor":23,"key":"SMITH"},{"floor":28,"key":"DIG"},{"floor":30,"key":"DIG"},{"floor":32,"key":"DIG"}],"neow_cost":"NONE","seed_source_timestamp":0,"circlet_count":0,"master_deck":["Defend_G+1","Defend_G+1","Defend_G+1","Defend_G+1","Defend_G+1","Strike_G+1","Strike_G+1","Strike_G+1","Strike_G+1","Survivor+1","Neutralize+1","PiercingWail","Escape Plan+1","All Out Attack+1","Backstab","Flying Knee+1","Sucker Punch+1","Dagger Spray+1","Outmaneuver","Unload","Footwork","Deflect"],"special_seed":0,"relics":["Ring of the Snake","Ancient Tea Set","Vajra","Cursed Key","Nloth\u0027s Gift","Shovel","Ninja Scroll","Mercury Hourglass","Bag of Marbles"],"potions_floor_usage":[27,27],"damage_taken":[{"damage":1.0,"enemies":"2 Louse","floor":1.0,"turns":4.0},{"damage":0.0,"enemies":"Small Slimes","floor":5.0,"turns":3.0},{"damage":0.0,"enemies":"Cultist","floor":7.0,"turns":4.0},{"damage":4.0,"enemies":"Lots of Slimes","floor":10.0,"turns":8.0},{"damage":8.0,"enemies":"3 Sentries","floor":12.0,"turns":6.0},{"damage":0.0,"floor":13.0,"turns":3.0},{"damage":35.0,"enemies":"Slime Boss","floor":16.0,"turns":10.0},{"damage":7,"enemies":"2 Thieves","floor":18,"turns":3},{"damage":0,"enemies":"Spheric Guardian","floor":19,"turns":3},{"damage":13,"enemies":"Snecko","floor":25,"turns":5},{"damage":10,"enemies":"Slavers","floor":27,"turns":5},{"damage":68,"enemies":"Champ","floor":33,"turns":10}],"seed_played":"4003801823008104307","potions_obtained":[{"floor":4.0,"key":"Regen Potion"},{"floor":4.0,"key":"LiquidBronze"},{"floor":4.0,"key":"Ancient Potion"},{"floor":7.0,"key":"FearPotion"},{"floor":16.0,"key":"Energy Potion"},{"floor":18,"key":"Explosive Potion"}],"is_trial":false,"path_per_floor":["M","?","?","?","M","R","M","R","T","M","R","E","?","?","R","B",null,"M","M","?","?","$","R","?","M","T","E","R","$","R","?","R"],"character_chosen":"THE_SILENT","items_purchased":["Footwork","Deflect"],"campfire_rested":0,"item_purchase_floors":[29,29],"current_hp_per_floor":[69,55,70,70,70,70,70,70,70,66,66,58,58,58,58,37,70,63,63,63,63,63,63,63,50,50,40,40,40,40,63,63,0],"gold":54,"neow_bonus":"UPGRADE_CARD","is_prod":false,"is_daily":false,"chose_seed":false,"campfire_upgraded":5,"win_rate":0,"timestamp":1533841041,"path_taken":["M","?","?","?","M","R","M","R","T","?","R","E","?","?","R","BOSS","M","M","?","?","$","R","?","M","T","E","R","$","R","?","R","BOSS"],"build_version":"2018-08-02","purchased_purges":2,"victory":false,"max_hp_per_floor":[70,70,70,70,70,70,70,70,70,70,70,70,70,70,70,70,70,70,70,70,70,70,70,70,70,70,70,70,70,70,70,70,70],"card_choices":[{"not_picked":["Dodge and Roll","Dagger Throw","Caltrops"],"picked":"SKIP","floor":1.0},{"not_picked":["Finisher","Acrobatics"],"picked":"PiercingWail","floor":5.0},{"not_picked":["Acrobatics","Underhanded Strike"],"picked":"Escape Plan","floor":7.0},{"not_picked":["Terror","Masterful Stab"],"picked":"All Out Attack","floor":10.0},{"not_picked":["Bullet Time","Finisher"],"picked":"Backstab","floor":12.0},{"not_picked":["Bane","Acrobatics"],"picked":"Flying Knee","floor":13.0},{"not_picked":["PiercingWail","Poisoned Stab"],"picked":"Sucker Punch+1","floor":18},{"not_picked":["PiercingWail","Blade Dance"],"picked":"Dagger Spray","floor":19},{"not_picked":["Blade Dance","Deadly Poison+1"],"picked":"Outmaneuver","floor":25},{"not_picked":["Bane","Catalyst"],"picked":"Unload","floor":27}],"player_experience":121288,"relics_obtained":[{"floor":9.0,"key":"Ancient Tea Set"},{"floor":12.0,"key":"Vajra"},{"floor":13.0,"key":"Odd Mushroom"},{"floor":26,"key":"Shovel"},{"floor":27,"key":"Ninja Scroll"},{"floor":28,"key":"Mercury Hourglass"},{"floor":32,"key":"Bag of Marbles"}],"event_choices":[{"event_name":"Shining Light","player_choice":"Entered Light","floor":2.0,"damage_taken":0.0},{"event_name":"The Cleric","player_choice":"Healed","floor":3.0,"damage_taken":0.0},{"event_name":"The Woman in Blue","player_choice":"Bought 3 Potions","floor":4.0,"damage_taken":0.0},{"event_name":"Mushrooms","player_choice":"Fought Mushrooms","floor":13.0,"damage_taken":0.0},{"event_name":"Liars Game","player_choice":"disagreed","floor":14.0,"damage_taken":0.0},{"event_name":"Back to Basics","player_choice":"Simplicity","floor":20,"damage_taken":0},{"event_name":"N\u0027loth","player_choice":"Traded a Odd Mushroom","floor":21,"damage_taken":0},{"event_name":"Ghosts","player_choice":"Ignored","floor":24,"damage_taken":0},{"event_name":"The Library","player_choice":"Heal","floor":31,"damage_taken":0}],"is_beta":false,"boss_relics":[{"not_picked":["HoveringKite","Black Star"],"picked":"Cursed Key"}],"items_purged_floors":[22,29],"is_endless":false,"potions_floor_spawned":[5,7,16,18],"killed_by":"Champ","ascension_level":0}