{"gold_per_floor":[213,231,70,84,96,167,10,20,20,20,20,20,49,68,68,170,170,189,189,114,14,14,46,46,59,143,143,143,143,157,171,171,171],"floor_reached":33,"playtime":1196,"items_purged":["Dualcast","Strike_B"],"score":255,"play_id":"63bc6c93-6f6b-4681-a4da-09ed64e12690","local_time":"20180729165319","is_ascension_mode":false,"campfire_choices":[{"data":"Zap","floor":10,"key":"SMITH"},{"floor":12,"key":"REST"},{"data":"Reboot","floor":15,"key":"SMITH"},{"floor":24,"key":"REST"},{"data":"Double Energy","floor":27,"key":"SMITH"},{"data":"White Noise","floor":29,"key":"SMITH"},{"floor":32,"key":"REST"}],"neow_cost":"NONE","seed_source_timestamp":1380446523497294,"circlet_count":0,"master_deck":["Strike_B","Defend_B","Defend_B","Defend_B+1","Defend_B+1","Zap+1","Streamline","Beam Cell","Auto Shields","Gash","Conserve Battery","White Noise+1","Reboot+1","Go for the Eyes","Go for the Eyes","Cold Snap","All For One","Double Energy+1","BootSequence","Conserve Battery","Streamline","Beam Cell","Static Discharge+1","Core Surge","Ball Lightning","Sunder","Capacitor+1"],"relics":["Cracked Core","Shuriken","Odd Mushroom","Orrery","War Paint","Tiny Chest","Mummified Hand"],"potions_floor_usage":[16,16,16],"damage_taken":[{"damage":1,"enemies":"Jaw Worm","floor":1,"turns":4},{"damage":5,"enemies":"Small Slimes","floor":2,"turns":4},{"damage":1,"enemies":"Cultist","floor":4,"turns":3},{"damage":11,"enemies":"Red Slaver","floor":5,"turns":4},{"damage":10,"enemies":"Exordium Thugs","floor":8,"turns":6},{"damage":0,"floor":13,"turns":2},{"damage":0,"enemies":"Looter","floor":14,"turns":2},{"damage":35,"enemies":"The Guardian","floor":16,"turns":8},{"damage":3,"enemies":"Chosen","floor":18,"turns":4},{"damage":20,"enemies":"Slavers","floor":23,"turns":4},{"damage":18,"enemies":"2 Thieves","floor":25,"turns":4},{"damage":1,"enemies":"Snecko","floor":30,"turns":6},{"damage":34,"enemies":"3 Cultists","floor":31,"turns":5},{"damage":47,"enemies":"Automaton","floor":33,"turns":6}],"seed_played":"-5352420818238903489","potions_obtained":[{"floor":1,"key":"Swift Potion"},{"floor":4,"key":"Weak Potion"},{"floor":8,"key":"AttackPotion"},{"floor":18,"key":"GamblersBrew"}],"is_trial":false,"path_per_floor":["M","M","$","M","M","?","$","M","T","R","$","R","?","M","R","B",null,"M","?","?","$","?","E","R","M","T","R","T","R","M","M","R"],"character_chosen":"DEFECT","items_purchased":["Auto Shields","Gash","Reboot"],"campfire_rested":3,"item_purchase_floors":[3,3,7],"current_hp_per_floor":[74,69,69,68,57,57,57,47,47,47,47,69,69,69,69,34,75,72,72,72,72,58,38,62,44,44,44,44,44,43,16,40,0],"gold":171,"neow_bonus":"HUNDRED_GOLD","is_prod":false,"is_daily":false,"chose_seed":false,"campfire_upgraded":4,"win_rate":0,"timestamp":1532875999,"path_taken":["M","M","$","M","M","?","?","M","T","R","$","R","?","M","R","BOSS","M","?","?","$","?","E","R","M","T","R","?","R","M","M","R","BOSS"],"build_version":"2018-07-26","purchased_purges":2,"victory":false,"max_hp_per_floor":[75,75,75,75,75,75,75,75,75,75,75,75,75,75,75,75,75,75,75,75,75,80,80,80,80,80,80,80,80,80,80,80,80],"card_choices":[{"not_picked":["Scrape","Beam Cell"],"picked":"Streamline","floor":1},{"not_picked":["Streamline","Redo"],"picked":"Beam Cell","floor":2},{"not_picked":["Blizzard","BootSequence"],"picked":"Conserve Battery","floor":4},{"not_picked":["Rip and Tear","Compile Driver"],"picked":"White Noise","floor":5},{"not_picked":["Reboot","Beam Cell"],"picked":"Go for the Eyes","floor":8},{"not_picked":["Lockon","Hello World"],"picked":"Go for the Eyes","floor":13},{"not_picked":["Redo","Static Discharge"],"picked":"Cold Snap","floor":14},{"not_picked":["Core Surge","Creative AI"],"picked":"All For One","floor":16},{"not_picked":["Beam Cell","Compile Driver"],"picked":"Double Energy","floor":17},{"not_picked":["Beam Cell","Steam Power"],"picked":"BootSequence","floor":17},{"not_picked":["Cold Snap","Redo"],"picked":"Conserve Battery","floor":17},{"not_picked":["Genetic Algorithm","Tempest"],"picked":"Streamline","floor":17},{"not_picked":["Doom and Gloom","Rebound"],"picked":"Beam Cell","floor":17},{"not_picked":["Turbo+1","Chaos"],"picked":"Static Discharge+1","floor":18},{"not_picked":["Creative AI","Cold Snap+1"],"picked":"Core Surge","floor":23},{"not_picked":["Leap","Skim+1"],"picked":"Ball Lightning","floor":25},{"not_picked":["Static Discharge+1","Steam Power+1"],"picked":"Sunder","floor":30},{"not_picked":["Cold Snap+1","Hologram"],"picked":"Capacitor+1","floor":31}],"player_experience":78027,"relics_obtained":[{"floor":9,"key":"Shuriken"},{"floor":13,"key":"Odd Mushroom"},{"floor":23,"key":"War Paint"},{"floor":26,"key":"Tiny Chest"},{"floor":28,"key":"Mummified Hand"}],"event_choices":[{"event_name":"Golden Wing","player_choice":"Gained Gold","floor":6,"damage_taken":0},{"event_name":"Mushrooms","player_choice":"Fought Mushrooms","floor":13,"damage_taken":0},{"event_name":"Bonfire Elementals","player_choice":"BASIC","floor":19,"damage_taken":0},{"event_name":"Beggar","player_choice":"Gave Gold","floor":20,"damage_taken":0},{"event_name":"Forgotten Altar","player_choice":"Shed Blood","floor":22,"damage_taken":0}],"is_beta":false,"boss_relics":[{"not_picked":["Snecko Eye","Fusion Hammer"],"picked":"Orrery"}],"items_purged_floors":[3,21],"is_endless":false,"potions_floor_spawned":[1,4,8,14,18],"killed_by":"Automaton","ascension_level":0}