{"gold_per_floor":[115,128,128,128,53,53,71,71,125,137,150,163,163,68,68,164,164,174,99,116,135,135,135,135,135,185,185],"floor_reached":27,"playtime":950,"items_purged":["Defend_R"],"score":203,"play_id":"b133cbe4-55a5-4e31-82ab-c9e5223c2efc","local_time":"20180731224749","is_ascension_mode":false,"campfire_choices":[{"data":"Iron Wave","floor":6,"key":"SMITH"},{"data":"Clothesline","floor":8,"key":"SMITH"},{"floor":15,"key":"REST"},{"data":"Body Slam","floor":23,"key":"SMITH"},{"data":"Body Slam","floor":25,"key":"SMITH"}],"neow_cost":"NONE","seed_source_timestamp":1574763690242244,"circlet_count":0,"master_deck":["Strike_R","Strike_R","Defend_R","Defend_R","Defend_R","Bash+1","Clothesline+1","Iron Wave+1","Entrench","Demon Form+1","Thunderclap","Body Slam+1","Shrug It Off","Impervious","Body Slam+1","Seeing Red","Seeing Red"],"relics":["Burning Blood","Strawberry","Sozu","Dream Catcher"],"potions_floor_usage":[],"damage_taken":[{"damage":2,"enemies":"2 Louse","floor":1,"turns":4},{"damage":15,"enemies":"Small Slimes","floor":2,"turns":4},{"damage":0,"enemies":"Cultist","floor":7,"turns":3},{"damage":16,"enemies":"2 Fungi Beasts","floor":10,"turns":4},{"damage":12,"enemies":"3 Louse","floor":11,"turns":4},{"damage":50,"enemies":"Gremlin Gang","floor":12,"turns":6},{"damage":35,"enemies":"Slime Boss","floor":16,"turns":8},{"damage":12,"enemies":"Spheric Guardian","floor":18,"turns":5},{"damage":39,"enemies":"3 Byrds","floor":20,"turns":7},{"damage":24,"enemies":"Snecko","floor":21,"turns":7},{"damage":37,"enemies":"Slavers","floor":27,"turns":2}],"seed_played":"8418048506576055601","potions_obtained":[{"floor":2,"key":"PowerPotion"},{"floor":11,"key":"SkillPotion"},{"floor":16,"key":"FearPotion"}],"is_trial":false,"path_per_floor":["M","M","?","?","$","R","M","R","T","M","M","M","?","$","R","B",null,"M","?","M","M","?","R","?","R","T"],"character_chosen":"IRONCLAD","items_purchased":["Body Slam","Shrug It Off"],"campfire_rested":1,"item_purchase_floors":[14,14],"current_hp_per_floor":[80,71,71,71,71,71,77,77,84,74,68,24,24,24,50,21,87,81,81,48,30,30,30,30,30,30,0],"gold":185,"neow_bonus":"UPGRADE_CARD","is_prod":false,"is_daily":false,"chose_seed":false,"campfire_upgraded":4,"win_rate":0,"timestamp":1533070069,"path_taken":["M","M","?","?","$","R","M","R","T","M","M","M","?","$","R","BOSS","M","?","M","M","?","R","?","R","T","E"],"build_version":"2018-07-26","purchased_purges":1,"victory":false,"max_hp_per_floor":[80,80,80,80,80,80,80,80,87,87,87,87,87,87,87,87,87,87,87,87,87,87,87,87,87,87,87],"card_choices":[{"not_picked":["Bloodletting","Combust"],"picked":"Clothesline","floor":1},{"not_picked":["Hemokinesis","Combust"],"picked":"Iron Wave","floor":2},{"not_picked":["Sword Boomerang","Power Through","Wild Strike"],"picked":"SKIP","floor":7},{"not_picked":["Perfected Strike","Shrug It Off"],"picked":"Entrench","floor":10},{"not_picked":["Bloodletting","Perfected Strike"],"picked":"Demon Form","floor":11},{"not_picked":["Perfected Strike","Burning Pact"],"picked":"Thunderclap","floor":12},{"not_picked":["Double Tap","Offering"],"picked":"Impervious","floor":16},{"not_picked":["Anger+1","Dropkick"],"picked":"Body Slam","floor":18},{"not_picked":["True Grit","Feel No Pain"],"picked":"Seeing Red","floor":20},{"not_picked":["Fire Breathing","Twin Strike"],"picked":"Seeing Red","floor":21}],"player_experience":93965,"relics_obtained":[{"floor":9,"key":"Strawberry"},{"floor":26,"key":"Dream Catcher"}],"event_choices":[{"event_name":"Scrap Ooze","player_choice":"unsuccessful","floor":3,"damage_taken":0},{"event_name":"Purifier","player_choice":"One Purge","floor":4,"damage_taken":0},{"event_name":"Upgrade Shrine","player_choice":"Upgraded","floor":13,"damage_taken":0},{"event_name":"Beggar","player_choice":"Gave Gold","floor":19,"damage_taken":0},{"event_name":"Bonfire Elementals","player_choice":"BASIC","floor":22,"damage_taken":0},{"event_name":"Drug Dealer","player_choice":"Ignored","floor":24,"damage_taken":0}],"is_beta":false,"boss_relics":[{"not_picked":["Runic Cube","Black Blood"],"picked":"Sozu"}],"items_purged_floors":[5],"is_endless":false,"potions_floor_spawned":[2,11,16,18,20,21],"killed_by":"Slavers","ascension_level":0}