{"path_per_floor":["M","?","?","M","M","R","E","R","T","E","$","?","R","M","R","B",null,"M","M","$","M","?","E","R","?","T","M","M","T","?","M","R"],"character_chosen":"IRONCLAD","items_purchased":["Seeing Red","Oddly Smooth Stone","Metallicize","Iron Wave"],"gold_per_floor":[118,118,118,137,158,158,198,198,198,241,89,119,119,140,140,263,301,325,341,92,110,25,69,69,69,69,84,105,105,105,120,120,120],"floor_reached":33,"campfire_rested":3,"playtime":3647,"current_hp_per_floor":[80,80,80,80,80,80,59,59,59,47,47,41,41,45,72,34,95,98,93,93,88,88,33,64,48,48,10,12,12,12,15,47,0],"items_purged":["Strike_R"],"gold":120,"score":314,"play_id":"aa3e851b-253b-4969-b776-155ac295d645","local_time":"20180420025651","is_prod":false,"is_daily":false,"chose_seed":false,"is_ascension_mode":true,"campfire_upgraded":3,"timestamp":1524207411,"path_taken":["M","?","?","M","M","R","E","R","T","E","?","?","R","M","R","BOSS","M","M","$","M","?","E","R","?","T","M","M","?","?","M","R","BOSS"],"build_version":"2018-04-19","seed_source_timestamp":45380224263459,"purchased_purges":1,"victory":false,"master_deck":["Strike_R","Strike_R","Strike_R","Strike_R","Defend_R+1","Defend_R","Defend_R","Defend_R","Bash","Carnage","Body Slam+1","Flame Barrier+1","Searing Blow+2","Thunderclap","Seeing Red","Headbutt","Juggernaut","Feed","Dropkick","Armaments+1","True Grit+1","Metallicize","Iron Wave","Burning Pact","Shrug It Off+1","Battle Trance","Disarm","Rage"],"max_hp_per_floor":[80,80,80,80,80,80,80,80,80,90,90,90,90,90,90,90,95,98,102,102,105,105,105,105,105,105,105,105,105,105,109,109,109],"relics":["Burning Blood","Golden Idol","Ornamental Fan","Lantern","Pear","Odd Mushroom","Oddly Smooth Stone","War Paint","Bag of Preparation","Enchiridion","Dead Branch","Ice Cream","Nloth\u0027s Gift"],"card_choices":[{"not_picked":["Wild Strike","Clothesline"],"picked":"Carnage","floor":1},{"not_picked":["Shrug It Off","Warcry"],"picked":"Body Slam","floor":4},{"not_picked":["True Grit","Pummel"],"picked":"Flame Barrier","floor":5},{"not_picked":["Evolve","Flame Barrier"],"picked":"Searing Blow","floor":7},{"not_picked":["Carnage","Clothesline"],"picked":"Thunderclap","floor":10},{"not_picked":["Dropkick","Blood for Blood"],"picked":"Headbutt","floor":12},{"not_picked":["True Grit","Iron Wave"],"picked":"Juggernaut","floor":14},{"not_picked":["Fiend Fire","Berserk"],"picked":"Feed","floor":16},{"not_picked":["Pommel Strike","Dual Wield"],"picked":"Dropkick","floor":17},{"not_picked":["Wild Strike","Clothesline"],"picked":"Armaments","floor":18},{"not_picked":["Clash","Twin Strike"],"picked":"True Grit","floor":19},{"not_picked":["True Grit","Clash"],"picked":"Burning Pact","floor":21},{"not_picked":["Wild Strike","Battle Trance"],"picked":"Shrug It Off","floor":23},{"not_picked":["Burning Pact","Sword Boomerang"],"picked":"Battle Trance","floor":27},{"not_picked":["Warcry","Flex"],"picked":"Disarm","floor":28},{"not_picked":["Bloodletting","Havoc"],"picked":"Rage","floor":31}],"player_experience":257255,"potions_floor_usage":[7,16,16,23,28,28],"damage_taken":[{"damage":6,"enemies":"Cultist","floor":1,"turns":3},{"damage":2,"enemies":"Small Slimes","floor":4,"turns":4},{"damage":5,"enemies":"2 Louse","floor":5,"turns":2},{"damage":27,"enemies":"Gremlin Nob","floor":7,"turns":4},{"damage":28,"enemies":"Lagavulin","floor":10,"turns":7},{"damage":12,"enemies":"The Mushroom Lair","floor":12,"turns":4},{"damage":2,"enemies":"Lots of Slimes","floor":14,"turns":3},{"damage":53,"enemies":"The Guardian","floor":16,"turns":12},{"damage":0,"enemies":"Chosen","floor":18,"turns":4},{"damage":15,"enemies":"Spheric Guardian","floor":19,"turns":5},{"damage":14,"enemies":"Centurion and Healer","floor":21,"turns":7},{"damage":61,"enemies":"Slavers","floor":23,"turns":7},{"damage":44,"enemies":"Chosen and Byrds","floor":27,"turns":6},{"damage":19,"enemies":"Slaver and Parasite","floor":28,"turns":11},{"damage":7,"enemies":"Snecko","floor":31,"turns":7},{"damage":63,"enemies":"Automaton","floor":33,"turns":6}],"event_choices":[{"event_name":"Golden Idol","player_choice":"Take Wound","floor":2,"damage_taken":0},{"event_name":"Fountain of Cleansing","player_choice":"Removed Curse","floor":3,"damage_taken":0},{"event_name":"Mushrooms","player_choice":"Fought Mushrooms","floor":12,"damage_taken":0},{"event_name":"Addict","player_choice":"Obtained Relic","floor":22,"damage_taken":0},{"event_name":"Cursed Tome","player_choice":"Obtained Book","floor":25,"damage_taken":0},{"event_name":"N\u0027loth","player_choice":"Traded a Tiny House","floor":30,"damage_taken":0}],"boss_relics":[{"not_picked":["Runic Dome","Astrolabe"],"picked":"Tiny House"}],"potions_floor_spawned":[4,5,12,19,27],"seed_played":"-7206368460752355685","killed_by":"Automaton","ascension_level":1,"is_trial":false}