{"gold_per_floor":[117,131,151,49,49,49,19,52,52,68,81,81,81,94,94,94],"floor_reached":16,"playtime":707,"items_purged":["Strike_G"],"score":159,"play_id":"492df995-d91f-4818-86cc-363d9114a45e","local_time":"20181222173821","is_ascension_mode":true,"campfire_choices":[{"data":"Neutralize","floor":6,"key":"SMITH"},{"data":"Footwork","floor":13,"key":"SMITH"},{"data":"Dodge and Roll","floor":15,"key":"SMITH"}],"neow_cost":"NONE","seed_source_timestamp":82059846985103,"circlet_count":0,"master_deck":["Defend_G","Defend_G","Defend_G","Defend_G","Defend_G","Strike_G","Strike_G","Strike_G+1","Strike_G+1","Survivor","Neutralize+1","Footwork+1","Poisoned Stab","Footwork+1","Cloak And Dagger","Leg Sweep","Backflip","PiercingWail","Dodge and Roll+1"],"relics":["Ring of the Snake","Calipers","Mummified Hand"],"potions_floor_usage":[2,8,8,16,16],"damage_taken":[{"damage":0,"enemies":"2 Louse","floor":1,"turns":5},{"damage":0,"enemies":"Jaw Worm","floor":2,"turns":5},{"damage":0,"enemies":"Small Slimes","floor":3,"turns":5},{"damage":0,"enemies":"Looter","floor":7,"turns":4},{"damage":0,"enemies":"3 Sentries","floor":8,"turns":5},{"damage":1,"enemies":"Red Slaver","floor":10,"turns":5},{"damage":0,"enemies":"Blue Slaver","floor":11,"turns":4},{"damage":0,"enemies":"2 Fungi Beasts","floor":14,"turns":4},{"damage":68,"enemies":"Slime Boss","floor":16,"turns":18}],"seed_played":"-227802604336864472","potions_obtained":[{"floor":0,"key":"SkillPotion"},{"floor":0,"key":"Block Potion"},{"floor":0,"key":"Weak Potion"},{"floor":3,"key":"LiquidBronze"},{"floor":10,"key":"FearPotion"}],"is_trial":false,"path_per_floor":["M","M","M","$","?","R","M","E","T","M","M","?","R","M","R","B"],"character_chosen":"THE_SILENT","items_purchased":["Cloak And Dagger"],"campfire_rested":0,"item_purchase_floors":[4],"current_hp_per_floor":[70,70,70,70,56,56,56,56,56,55,55,55,55,55,55,0],"gold":94,"neow_bonus":"THREE_SMALL_POTIONS","is_prod":false,"is_daily":false,"chose_seed":false,"campfire_upgraded":3,"win_rate":0,"timestamp":1545496701,"path_taken":["M","M","M","$","?","R","M","E","T","M","M","?","R","M","R","BOSS"],"build_version":"2018-12-20","purchased_purges":1,"victory":false,"max_hp_per_floor":[70,70,70,70,70,70,70,70,70,70,70,70,70,70,70,70],"card_choices":[{"not_picked":["Outmaneuver","Crippling Poison"],"picked":"Footwork","floor":1},{"not_picked":["Prepared","Deflect"],"picked":"Poisoned Stab","floor":2},{"not_picked":["Poisoned Stab","Bane"],"picked":"Footwork","floor":3},{"not_picked":["Night Terror","PiercingWail"],"picked":"Leg Sweep","floor":7},{"not_picked":["Distraction","Sucker Punch"],"picked":"Backflip","floor":8},{"not_picked":["Acrobatics","Eviscerate","Finisher"],"picked":"SKIP","floor":10},{"not_picked":["Infinite Blades","Dagger Throw"],"picked":"PiercingWail","floor":11},{"not_picked":["Cloak And Dagger","Calculated Gamble"],"picked":"Dodge and Roll","floor":14}],"player_experience":433993,"relics_obtained":[{"floor":8,"key":"Calipers"},{"floor":9,"key":"Mummified Hand"}],"event_choices":[{"damage_healed":0,"gold_gain":0,"player_choice":"Entered Light","damage_taken":14,"max_hp_gain":0,"max_hp_loss":0,"event_name":"Shining Light","floor":5,"gold_loss":0,"cards_upgraded":["Strike_G","Strike_G"]},{"damage_healed":0,"gold_gain":0,"player_choice":"Grow","damage_taken":0,"max_hp_gain":0,"max_hp_loss":0,"event_name":"Living Wall","floor":12,"gold_loss":0,"cards_upgraded":["Footwork"]}],"is_beta":false,"boss_relics":[],"items_purged_floors":[4],"is_endless":false,"potions_floor_spawned":[1,3,10],"killed_by":"Slime Boss","ascension_level":5}