{"gold_per_floor":[111,123,123,135,60,60,76,76,76,109,119,131,157,168,168,168],"floor_reached":16,"playtime":1746,"items_purged":["Regret"],"score":114,"play_id":"32476cb0-5a58-46af-b4ae-3a6343bad017","local_time":"20181004002830","is_ascension_mode":false,"campfire_choices":[{"data":"Neutralize","floor":6,"key":"SMITH"},{"data":"Prepared","floor":8,"key":"SMITH"},{"floor":15,"key":"REST"}],"neow_cost":"NONE","seed_source_timestamp":31737100179304,"circlet_count":0,"master_deck":["Defend_G","Defend_G","Defend_G+1","Defend_G","Defend_G","Strike_G","Strike_G","Strike_G","Strike_G","Strike_G","Survivor+1","Neutralize+1","Deadly Poison","Prepared+1","Dagger Spray","Leg Sweep","Well Laid Plans","Die Die Die","Backflip","Backflip"],"relics":["Ring of the Snake","War Paint","Dream Catcher","Letter Opener","Matryoshka","Mummified Hand"],"potions_floor_usage":[10,10],"damage_taken":[{"damage":0,"enemies":"Cultist","floor":1,"turns":5},{"damage":5,"enemies":"Jaw Worm","floor":2,"turns":7},{"damage":6,"enemies":"2 Louse","floor":4,"turns":3},{"damage":0,"enemies":"Blue Slaver","floor":7,"turns":5},{"damage":8,"enemies":"Gremlin Nob","floor":10,"turns":4},{"damage":8,"enemies":"Gremlin Gang","floor":11,"turns":4},{"damage":0,"enemies":"Looter","floor":12,"turns":4},{"damage":8,"enemies":"3 Sentries","floor":13,"turns":6},{"damage":0,"enemies":"Lots of Slimes","floor":14,"turns":2},{"damage":61,"enemies":"Slime Boss","floor":16,"turns":16}],"seed_played":"-6154706087792441359","potions_obtained":[{"floor":2,"key":"EssenceOfSteel"},{"floor":4,"key":"Strength Potion"},{"floor":7,"key":"FearPotion"},{"floor":14,"key":"FearPotion"}],"is_trial":false,"path_per_floor":["M","M","?","M","$","R","M","R","T","E","M","M","E","M","R"],"character_chosen":"THE_SILENT","items_purchased":[],"campfire_rested":1,"item_purchase_floors":[],"current_hp_per_floor":[70,65,65,59,59,59,59,59,59,51,43,43,35,35,56,0],"gold":168,"neow_bonus":"RANDOM_COMMON_RELIC","is_prod":false,"is_daily":false,"chose_seed":false,"campfire_upgraded":2,"win_rate":0.0,"timestamp":1538605710,"path_taken":["M","M","?","M","$","R","M","R","T","E","M","M","E","M","R","BOSS"],"build_version":"2018-09-20","purchased_purges":1,"victory":false,"max_hp_per_floor":[70,70,70,70,70,70,70,70,70,70,70,70,70,70,70,70],"card_choices":[{"not_picked":["Backflip","Acrobatics"],"picked":"Deadly Poison","floor":1},{"not_picked":["Underhanded Strike","Distraction","Eviscerate"],"picked":"SKIP","floor":2},{"not_picked":["Quick Slash","PiercingWail"],"picked":"Prepared","floor":4},{"not_picked":["Sucker Punch","Calculated Gamble"],"picked":"Dagger Spray","floor":7},{"not_picked":["Eviscerate","PiercingWail"],"picked":"Leg Sweep","floor":10},{"not_picked":["Escape Plan","Catalyst"],"picked":"Well Laid Plans","floor":11},{"not_picked":["Prepared","Blade Dance"],"picked":"Die Die Die","floor":12},{"not_picked":["Caltrops","Tactician"],"picked":"Backflip","floor":13},{"not_picked":["Terror","Skewer"],"picked":"Backflip","floor":14}],"player_experience":66878,"relics_obtained":[{"floor":9,"key":"Letter Opener"},{"floor":10,"key":"Matryoshka"},{"floor":13,"key":"Mummified Hand"}],"event_choices":[{"event_name":"Big Fish","player_choice":"Box","floor":3,"damage_taken":0}],"is_beta":false,"boss_relics":[],"items_purged_floors":[5],"is_endless":false,"potions_floor_spawned":[2,4,7,14],"killed_by":"Slime Boss","ascension_level":0}