{"gold_per_floor":[110,110,123,123,123,157,107,107,107,121,155,155,121,146,146,270,270,285,285,5,30,48,48],"floor_reached":23,"playtime":1204,"items_purged":["Strike_B"],"score":349,"play_id":"73b5f724-19f1-432b-95f8-bd487d2143d4","local_time":"20190115112612","is_ascension_mode":true,"campfire_choices":[{"data":"Zap","floor":8.0,"key":"SMITH"},{"data":"Coolheaded","floor":12.0,"key":"SMITH"},{"floor":15.0,"key":"REST"}],"neow_cost":"TEN_PERCENT_HP_LOSS","seed_source_timestamp":21331863733929,"circlet_count":0,"master_deck":["Strike_B","Strike_B","Defend_B","Defend_B","Defend_B","Defend_B","Zap+1","Dualcast","Core Surge","Beam Cell","Conserve Battery","Doom and Gloom","Coolheaded+1","Conserve Battery","Creative AI","Go for the Eyes","Undo+1","Melter+1"],"special_seed":0,"relics":["Cracked Core","Golden Idol","Mummified Hand","Anchor","Boot","Black Star","Nloth\u0027s Gift","OrangePellets"],"potions_floor_usage":[16,16,23,23],"damage_taken":[{"damage":0.0,"enemies":"Small Slimes","floor":1.0,"turns":2.0},{"damage":0.0,"enemies":"2 Louse","floor":3.0,"turns":1.0},{"damage":27.0,"enemies":"Gremlin Nob","floor":6.0,"turns":4.0},{"damage":0.0,"enemies":"Jaw Worm","floor":10.0,"turns":4.0},{"damage":8.0,"enemies":"Lagavulin","floor":11.0,"turns":6.0},{"damage":3.0,"enemies":"Lots of Slimes","floor":14.0,"turns":3.0},{"damage":0,"enemies":"Slime Boss","floor":16,"turns":6},{"damage":11,"enemies":"Shell Parasite","floor":18,"turns":7},{"damage":13,"enemies":"2 Thieves","floor":21,"turns":5},{"damage":17,"enemies":"Centurion and Healer","floor":22,"turns":7},{"damage":32,"enemies":"Book of Stabbing","floor":23,"turns":3}],"seed_played":"-113587489658323382","potions_obtained":[{"floor":6.0,"key":"Weak Potion"},{"floor":11.0,"key":"PowerPotion"},{"floor":14.0,"key":"Energy Potion"},{"floor":21,"key":"EssenceOfSteel"},{"floor":22,"key":"Dexterity Potion"}],"is_trial":false,"path_per_floor":["M","?","M","?","?","E","?","R","T","M","E","R","?","M","R","B",null,"M","?","$","M","M","E"],"character_chosen":"DEFECT","items_purchased":["OrangePellets"],"campfire_rested":1,"item_purchase_floors":[20],"current_hp_per_floor":[68,51,51,51,44,17,17,17,17,17,9,9,9,6,26,26,58,47,47,47,34,17,0],"gold":48,"neow_bonus":"THREE_RARE_CARDS","is_prod":false,"is_daily":false,"chose_seed":false,"campfire_upgraded":2,"win_rate":0,"timestamp":1547573172,"path_taken":["M","?","M","?","?","E","?","R","T","M","E","R","?","M","R","BOSS","M","?","$","?","M","E"],"build_version":"2019-01-10","purchased_purges":1,"victory":false,"max_hp_per_floor":[68,68,68,68,68,68,68,68,68,68,68,68,68,68,68,68,68,68,68,68,68,68,68],"card_choices":[{"not_picked":["Multi-Cast","Meteor Strike"],"picked":"Core Surge","floor":0.0},{"not_picked":["Steam","Redo"],"picked":"Beam Cell","floor":1.0},{"not_picked":["Heatsinks","Storm","Sweeping Beam"],"picked":"SKIP","floor":3.0},{"not_picked":["FTL","Steam Power"],"picked":"Conserve Battery","floor":6.0},{"not_picked":["Aggregate","Gash"],"picked":"Doom and Gloom","floor":10.0},{"not_picked":["Rebound","Heatsinks"],"picked":"Coolheaded","floor":11.0},{"not_picked":["Blizzard","Streamline"],"picked":"Conserve Battery","floor":14.0},{"not_picked":["Amplify","Thunder Strike"],"picked":"Creative AI","floor":16},{"not_picked":["Hello World","Heatsinks"],"picked":"Go for the Eyes","floor":18},{"not_picked":["Doom and Gloom+1","Core Surge"],"picked":"Undo+1","floor":21},{"not_picked":["Beam Cell","Streamline"],"picked":"Melter+1","floor":22}],"player_experience":618435,"relics_obtained":[{"floor":6.0,"key":"Anchor"},{"floor":9.0,"key":"The Courier"},{"floor":11.0,"key":"Boot"}],"event_choices":[{"damage_healed":0.0,"max_hp_gain":0.0,"max_hp_loss":0.0,"gold_gain":0.0,"event_name":"Golden Idol","player_choice":"Take Damage","floor":2.0,"gold_loss":0.0,"damage_taken":17.0,"relics_obtained":["Golden Idol"]},{"damage_healed":0.0,"max_hp_gain":0.0,"max_hp_loss":0.0,"gold_gain":0.0,"event_name":"Liars Game","player_choice":"Ignored","floor":4.0,"gold_loss":0.0,"damage_taken":0.0},{"damage_healed":0.0,"max_hp_gain":0.0,"max_hp_loss":0.0,"gold_gain":0.0,"event_name":"Scrap Ooze","player_choice":"Success","floor":5.0,"gold_loss":0.0,"damage_taken":7.0,"relics_obtained":["Mummified Hand"]},{"cards_removed":["Strike_B"],"damage_healed":0.0,"max_hp_gain":0.0,"max_hp_loss":0.0,"gold_gain":0.0,"event_name":"The Cleric","player_choice":"Card Removal","floor":7.0,"gold_loss":50.0,"damage_taken":0.0},{"damage_healed":0.0,"max_hp_gain":0.0,"max_hp_loss":0.0,"gold_gain":0.0,"event_name":"World of Goop","player_choice":"Left Gold","floor":13.0,"gold_loss":34.0,"damage_taken":0.0},{"damage_healed":0,"gold_gain":0,"player_choice":"Traded Relic","damage_taken":0,"relics_obtained":["Nloth\u0027s Gift"],"max_hp_gain":0,"max_hp_loss":0,"event_name":"N\u0027loth","floor":19,"relics_lost":["The Courier"],"gold_loss":0}],"is_beta":false,"boss_relics":[{"not_picked":["Snecko Eye","Orrery"],"picked":"Black Star"}],"items_purged_floors":[20],"is_endless":false,"potions_floor_spawned":[6,11,14,21,22],"killed_by":"Book of Stabbing","ascension_level":8}