{"gold_per_floor":[115,135,153,170,185,185,210,79,102,114,91,123,163,186,198,305,317,317,242,242,222,222,222],"floor_reached":23,"playtime":1946,"items_purged":[],"score":349,"play_id":"1d8c0b11-9339-4f3b-b405-84a8ceb3eb94","local_time":"20190227155520","is_ascension_mode":true,"campfire_choices":[{"data":"Armaments","floor":6.0,"key":"SMITH"},{"data":"Perfected Strike","floor":15.0,"key":"SMITH"}],"neow_cost":"NONE","seed_source_timestamp":0,"circlet_count":0,"master_deck":["AscendersBane","Strike_R","Strike_R","Strike_R","Strike_R","Strike_R","Defend_R","Defend_R","Defend_R","Defend_R","Bash","Deep Breath","Headbutt","Armaments+1","Shrug It Off","Shrug It Off","Clothesline","Entrench+1","PanicButton","Perfected Strike+1","Feed","Feed","Cleave+1","Wild Strike+1"],"special_seed":0,"relics":["Burning Blood","Calipers","MawBank","Blood Vial","Ectoplasm","Vajra"],"potions_floor_usage":[],"damage_taken":[{"damage":6.0,"enemies":"Cultist","floor":1.0,"turns":5.0},{"damage":7.0,"enemies":"Jaw Worm","floor":2.0,"turns":3.0},{"damage":0.0,"enemies":"2 Louse","floor":3.0,"turns":4.0},{"damage":0.0,"enemies":"Large Slime","floor":4.0,"turns":6.0},{"damage":2.0,"enemies":"2 Fungi Beasts","floor":5.0,"turns":5.0},{"damage":28.0,"enemies":"Lagavulin","floor":7.0,"turns":9.0},{"damage":5.0,"enemies":"Red Slaver","floor":12.0,"turns":4.0},{"damage":10.0,"enemies":"3 Sentries","floor":13.0,"turns":6.0},{"damage":0.0,"enemies":"Large Slime","floor":14.0,"turns":5.0},{"damage":42.0,"enemies":"The Guardian","floor":16.0,"turns":18.0},{"damage":11.0,"enemies":"3 Byrds","floor":18.0,"turns":7.0},{"damage":25.0,"enemies":"2 Thieves","floor":19.0,"turns":4.0},{"damage":28.0,"enemies":"3 Cultists","floor":22.0,"turns":6.0},{"damage":32,"enemies":"Gremlin Leader","floor":23,"turns":8}],"seed_played":"-3649804806252692179","potions_obtained":[{"floor":1.0,"key":"Strength Potion"},{"floor":5.0,"key":"Swift Potion"},{"floor":7.0,"key":"Explosive Potion"},{"floor":14.0,"key":"Regen Potion"},{"floor":16.0,"key":"EssenceOfSteel"},{"floor":19.0,"key":"Explosive Potion"},{"floor":21.0,"key":"SpeedPotion"}],"is_trial":false,"path_per_floor":["M","?","?","?","?","M"],"character_chosen":"IRONCLAD","items_purchased":["PanicButton","Perfected Strike"],"campfire_rested":0,"item_purchase_floors":[8,8],"current_hp_per_floor":[72,71,77,80,80,80,58,58,58,58,78,79,75,80,80,44,71,74,57,85,85,70,46],"gold":222,"neow_bonus":"RANDOM_COLORLESS","is_prod":false,"is_daily":false,"chose_seed":false,"campfire_upgraded":2,"win_rate":0,"timestamp":1551279320,"path_taken":["M","?","M","M","M","R","E","$","T","?","?","M","E","M","R","BOSS","M","M","?","?","?","E"],"build_version":"2019-01-23","purchased_purges":0,"victory":false,"max_hp_per_floor":[80,80,80,80,80,80,80,80,80,80,80,80,80,80,80,80,80,86,86,86,86,92,92],"card_choices":[{"not_picked":["Power Through","Twin Strike"],"picked":"Headbutt","floor":1.0},{"not_picked":["Whirlwind","Dropkick"],"picked":"Armaments","floor":2.0},{"not_picked":["Warcry","Reckless Charge"],"picked":"Shrug It Off","floor":3.0},{"not_picked":["True Grit","Headbutt"],"picked":"Shrug It Off","floor":4.0},{"not_picked":["Thunderclap","Whirlwind"],"picked":"Clothesline","floor":5.0},{"not_picked":["Reckless Charge","Sword Boomerang"],"picked":"Entrench","floor":7.0},{"not_picked":["Pommel Strike","Clash","Dropkick"],"picked":"SKIP","floor":12.0},{"not_picked":["Flex","Clothesline","Armaments"],"picked":"SKIP","floor":13.0},{"not_picked":["Hemokinesis","Evolve"],"picked":"Feed","floor":14.0},{"not_picked":["Limit Break","Dark Embrace"],"picked":"Feed","floor":16.0},{"not_picked":["Infernal Blade+1","Corruption+1"],"picked":"Cleave+1","floor":18.0},{"not_picked":["Cleave","Iron Wave"],"picked":"Wild Strike+1","floor":19.0},{"not_picked":["Armaments","Flex","Warcry"],"picked":"SKIP","floor":22.0},{"not_picked":["Flex","Heavy Blade","Anger+1"],"picked":"SKIP","floor":23}],"player_experience":331157,"relics_obtained":[{"floor":7.0,"key":"Calipers"},{"floor":9.0,"key":"MawBank"},{"floor":13.0,"key":"Blood Vial"},{"floor":23,"key":"Vajra"}],"event_choices":[{"damage_healed":0.0,"max_hp_gain":0.0,"max_hp_loss":0.0,"gold_gain":0.0,"event_name":"Living Wall","player_choice":"Grow","floor":10.0,"gold_loss":0.0,"damage_taken":0.0,"cards_upgraded":["Entrench"]},{"damage_healed":20.0,"max_hp_gain":0.0,"max_hp_loss":0.0,"gold_gain":0.0,"event_name":"The Cleric","player_choice":"Healed","floor":11.0,"gold_loss":35.0,"damage_taken":0.0},{"damage_healed":28.0,"max_hp_gain":0.0,"max_hp_loss":0.0,"gold_gain":0.0,"event_name":"The Library","player_choice":"Heal","floor":20.0,"gold_loss":0.0,"damage_taken":0.0},{"damage_healed":0.0,"max_hp_gain":0.0,"max_hp_loss":0.0,"gold_gain":0.0,"event_name":"The Woman in Blue","player_choice":"Bought 1 Potion","floor":21.0,"gold_loss":0.0,"damage_taken":0.0}],"is_beta":false,"boss_relics":[{"not_picked":["Busted Crown","Empty Cage"],"picked":"Ectoplasm"}],"items_purged_floors":[],"is_endless":false,"potions_floor_spawned":[1,5,7,14,16,19],"killed_by":"Gremlin Leader","ascension_level":11}