{"gold_per_floor":[119,219,239,252,272,272,272,307,331,351,375,332,61,85,85,210,210,230,246,246,13,13,13,33,33,33,68,68,93,118,133,133,257,257,273,223,246,259,259,259,62,62,62,62,78,101,124,124,124,124],"floor_reached":51,"playtime":4338,"items_purged":["Strike_B","Strike_B"],"score":965,"play_id":"50cdc9da-67cf-4f02-9d1c-e83651e71a68","local_time":"20190224233253","is_ascension_mode":true,"campfire_choices":[{"data":"Fission","floor":6,"key":"SMITH"},{"floor":15,"key":"REST"},{"data":"Ghostly","floor":23,"key":"SMITH"},{"data":"Ghostly","floor":25,"key":"SMITH"},{"data":"Ghostly","floor":28,"key":"SMITH"},{"data":"Defragment","floor":32,"key":"SMITH"},{"data":"Ghostly","floor":40,"key":"SMITH"},{"data":"Ghostly","floor":42,"key":"SMITH"},{"floor":49,"key":"REST"}],"neow_cost":"NONE","seed_source_timestamp":1017905285593394,"circlet_count":0,"master_deck":["Strike_B","Defend_B","Defend_B","Defend_B","Defend_B","Zap","Dualcast","Capacitor","Rebound","Fission+1","Sweeping Beam","Go for the Eyes","Hologram","Cold Snap","Undo","Electrodynamics","Ball Lightning","Compile Driver","Ghostly+1","Ghostly+1","Ghostly+1","Ghostly+1","Ghostly+1","Defragment+1","Consume+1","Glacier","Barrage+1","Coolheaded","Echo Form","Writhe","Defragment+1"],"relics":["Cracked Core","Golden Idol","Art of War","Bag of Preparation","Gremlin Horn","Cursed Key","Omamori","Darkstone Periapt","Smiling Mask","Snecko Eye","Orichalcum","Cables"],"potions_floor_usage":[5,14,16,16,33,37,37,50,50],"damage_taken":[{"damage":6,"enemies":"Small Slimes","floor":1,"turns":3},{"damage":1,"enemies":"Cultist","floor":3,"turns":3},{"damage":2,"enemies":"Jaw Worm","floor":4,"turns":3},{"damage":2,"enemies":"3 Louse","floor":5,"turns":3},{"damage":25,"enemies":"3 Sentries","floor":8,"turns":6},{"damage":1,"enemies":"2 Fungi Beasts","floor":10,"turns":3},{"damage":4,"enemies":"Red Slaver","floor":11,"turns":4},{"damage":0,"enemies":"Exordium Wildlife","floor":14,"turns":3},{"damage":37,"enemies":"Hexaghost","floor":16,"turns":13},{"damage":0,"enemies":"3 Byrds","floor":18,"turns":4},{"damage":0,"enemies":"Spheric Guardian","floor":19,"turns":3},{"damage":0,"enemies":"Snecko","floor":24,"turns":4},{"damage":0,"enemies":"Slavers","floor":27,"turns":4},{"damage":0,"enemies":"Snake Plant","floor":29,"turns":4},{"damage":0,"enemies":"Shelled Parasite and Fungi","floor":30,"turns":7},{"damage":3,"enemies":"Cultist and Chosen","floor":31,"turns":7},{"damage":19,"enemies":"Automaton","floor":33,"turns":13},{"damage":0,"enemies":"Orb Walker","floor":35,"turns":3},{"damage":0,"enemies":"3 Darklings","floor":37,"turns":5},{"damage":1,"enemies":"Transient","floor":38,"turns":5},{"damage":9,"enemies":"Jaw Worm Horde","floor":45,"turns":5},{"damage":0,"enemies":"Maw","floor":46,"turns":7},{"damage":0,"enemies":"4 Shapes","floor":47,"turns":3},{"damage":20,"enemies":"Time Eater","floor":50,"turns":23}],"seed_played":"6013054539239368853","potions_obtained":[{"floor":1,"key":"SteroidPotion"},{"floor":4,"key":"SkillPotion"},{"floor":10,"key":"AttackPotion"},{"floor":14,"key":"Energy Potion"},{"floor":24,"key":"SpeedPotion"},{"floor":27,"key":"Weak Potion"},{"floor":33,"key":"Explosive Potion"},{"floor":35,"key":"Energy Potion"},{"floor":45,"key":"SkillPotion"}],"is_trial":false,"path_per_floor":["M","?","M","M","M","R","?","E","T","M","M","?","$","M","R","B",null,"M","M","?","$","?","R","M","R","T","E","R","M","M","M","R","B",null,"M","$","M","M","?","R","$","R","T","?","M","M","M","T","R","B",null],"character_chosen":"DEFECT","items_purchased":["Gremlin Horn","Cold Snap","Defragment","Omamori","Orichalcum"],"campfire_rested":2,"item_purchase_floors":[13,13,21,21,41],"current_hp_per_floor":[62,62,61,59,57,57,57,32,32,31,27,27,27,27,47,10,54,54,54,34,34,34,34,34,34,34,34,34,34,34,31,31,12,29,29,29,29,28,28,28,28,28,28,40,31,31,31,31,40,20],"gold":124,"neow_bonus":"THREE_CARDS","is_prod":false,"is_daily":false,"chose_seed":false,"campfire_upgraded":7,"win_rate":0,"timestamp":1551069173,"path_taken":["M","?","?","M","M","R","?","E","T","M","M","?","$","M","R","BOSS","M","M","?","$","?","R","M","R","T","E","R","M","M","M","R","BOSS","M","$","M","M","?","R","$","R","T","?","M","M","M","?","R","BOSS"],"build_version":"2019-01-23","purchased_purges":2,"victory":true,"max_hp_per_floor":[75,75,75,75,75,75,69,69,69,69,69,69,69,69,69,69,69,69,69,34,34,34,34,34,34,34,34,34,34,34,34,34,34,34,34,34,34,34,34,34,34,34,34,40,40,40,40,40,40,40],"card_choices":[{"not_picked":["Redo","Gash"],"picked":"Capacitor","floor":0},{"not_picked":["Steam Power","Conserve Battery","Turbo"],"picked":"SKIP","floor":1},{"not_picked":["Leap","Chaos"],"picked":"Rebound","floor":3},{"not_picked":["Fusion","Aggregate"],"picked":"Fission","floor":4},{"not_picked":["Fusion","Leap"],"picked":"Sweeping Beam","floor":5},{"not_picked":["Gash","Blizzard"],"picked":"Go for the Eyes","floor":8},{"not_picked":["Meteor Strike","Aggregate"],"picked":"Hologram","floor":10},{"not_picked":["Aggregate","White Noise","Stack"],"picked":"SKIP","floor":11},{"not_picked":["Gash","Turbo"],"picked":"Undo","floor":14},{"not_picked":["Fission","Reboot"],"picked":"Electrodynamics","floor":16},{"not_picked":["Aggregate+1","Redo"],"picked":"Ball Lightning","floor":18},{"not_picked":["Steam+1","Undo"],"picked":"Compile Driver","floor":19},{"not_picked":["Rebound","Gash+1"],"picked":"Consume+1","floor":24},{"not_picked":["BootSequence","Fusion"],"picked":"Glacier","floor":27},{"not_picked":["White Noise","Stack"],"picked":"Barrage+1","floor":29},{"not_picked":["Heatsinks","Consume"],"picked":"Coolheaded","floor":30},{"not_picked":["Rip and Tear","Streamline","Chill"],"picked":"SKIP","floor":31},{"not_picked":["Seek","Biased Cognition"],"picked":"Echo Form","floor":33},{"not_picked":["Gash","Lockon","Rip and Tear+1"],"picked":"SKIP","floor":35},{"not_picked":["Conserve Battery","Doom and Gloom","Turbo+1"],"picked":"SKIP","floor":37},{"not_picked":["Gash","Barrage+1","Auto Shields+1"],"picked":"SKIP","floor":38},{"not_picked":["Reinforced Body+1","Cold Snap"],"picked":"Defragment+1","floor":45},{"not_picked":["Gash","White Noise+1","Barrage"],"picked":"SKIP","floor":46},{"not_picked":["Compile Driver","Consume","Barrage"],"picked":"SKIP","floor":47}],"player_experience":615889,"relics_obtained":[{"floor":8,"key":"Art of War"},{"floor":9,"key":"Bag of Preparation"},{"floor":26,"key":"Darkstone Periapt"},{"floor":27,"key":"Smiling Mask"},{"floor":43,"key":"Cables"}],"event_choices":[{"damage_healed":0,"gold_gain":100,"player_choice":"Pray","damage_taken":0,"max_hp_gain":0,"max_hp_loss":0,"event_name":"Golden Shrine","floor":2,"gold_loss":0},{"damage_healed":0,"gold_gain":0,"player_choice":"Lose Max HP","damage_taken":0,"relics_obtained":["Golden Idol"],"max_hp_gain":0,"max_hp_loss":6,"event_name":"Golden Idol","floor":7,"gold_loss":0},{"damage_healed":0,"gold_gain":0,"player_choice":"Left Gold","damage_taken":0,"max_hp_gain":0,"max_hp_loss":0,"event_name":"World of Goop","floor":12,"gold_loss":43},{"damage_healed":0,"gold_gain":0,"player_choice":"Became a Ghost","damage_taken":0,"max_hp_gain":0,"max_hp_loss":35,"event_name":"Ghosts","floor":20,"gold_loss":0,"cards_obtained":["Ghostly","Ghostly","Ghostly","Ghostly","Ghostly"]},{"cards_removed":["Strike_B"],"damage_healed":0,"gold_gain":0,"player_choice":"Purged","damage_taken":0,"max_hp_gain":0,"max_hp_loss":0,"event_name":"Purifier","floor":22,"gold_loss":0},{"damage_healed":0,"gold_gain":0,"player_choice":"Memory 1","damage_taken":0,"max_hp_gain":0,"max_hp_loss":0,"event_name":"SensoryStone","floor":39,"gold_loss":0},{"damage_healed":9,"gold_gain":0,"player_choice":"Writhe","damage_taken":0,"max_hp_gain":0,"max_hp_loss":0,"event_name":"Winding Halls","floor":44,"gold_loss":0,"cards_obtained":["Writhe"]}],"is_beta":false,"boss_relics":[{"not_picked":["Tiny House","Velvet Choker"],"picked":"Cursed Key"},{"not_picked":["Nuclear Battery","Eternal Feather"],"picked":"Snecko Eye"}],"items_purged_floors":[36,41],"is_endless":false,"potions_floor_spawned":[1,4,10,14,24,27,33,35,45],"ascension_level":9}