{"gold_per_floor":[211,222,172,172,189,189,204,46,46,46,62,95,20,20],"floor_reached":14,"playtime":575,"items_purged":[],"score":90,"play_id":"3736696a-9813-48cc-95a9-7509ee6006db","local_time":"20180727235802","is_ascension_mode":false,"campfire_choices":[{"data":"Zap","floor":6,"key":"SMITH"},{"data":"Fission","floor":10,"key":"SMITH"}],"neow_cost":"NONE","seed_source_timestamp":1233751868317562,"circlet_count":0,"master_deck":["Strike_B","Strike_B","Strike_B","Strike_B","Defend_B","Defend_B","Defend_B","Defend_B","Zap+1","Hologram","Gash","Decay","Leap","Self Repair","Fission+1","Ball Lightning","Chaos","Capacitor"],"relics":["Cracked Core","Regal Pillow","Meat on the Bone"],"potions_floor_usage":[14,14],"damage_taken":[{"damage":0,"enemies":"Small Slimes","floor":1,"turns":2},{"damage":0,"enemies":"2 Louse","floor":2,"turns":4},{"damage":3,"enemies":"Cultist","floor":5,"turns":4},{"damage":0,"enemies":"3 Louse","floor":7,"turns":4},{"damage":38,"enemies":"Gremlin Gang","floor":11,"turns":6},{"damage":39,"enemies":"Gremlin Nob","floor":12,"turns":5},{"damage":20,"enemies":"Exordium Thugs","floor":14,"turns":5}],"seed_played":"5516864522145019549","potions_obtained":[{"floor":5,"key":"Weak Potion"},{"floor":11,"key":"Weak Potion"}],"is_trial":false,"path_per_floor":["M","M","?","?","M","R","M","$","T","R","M","E","$"],"character_chosen":"DEFECT","items_purchased":["Fission","Capacitor"],"campfire_rested":0,"item_purchase_floors":[8,13],"current_hp_per_floor":[75,75,75,75,72,72,72,72,72,72,41,9,9,0],"gold":20,"neow_bonus":"HUNDRED_GOLD","is_prod":false,"is_daily":false,"chose_seed":false,"campfire_upgraded":2,"win_rate":0.0,"timestamp":1532728682,"path_taken":["M","M","?","?","M","R","M","$","T","R","?","E","$","M"],"build_version":"2018-07-26","purchased_purges":0,"victory":false,"max_hp_per_floor":[75,75,75,75,75,75,75,75,75,75,75,75,75,75],"card_choices":[{"not_picked":["Turbo","Force Field"],"picked":"Hologram","floor":1},{"not_picked":["Sweeping Beam","Aggregate"],"picked":"Gash","floor":2},{"not_picked":["Ball Lightning","Stack"],"picked":"Leap","floor":5},{"not_picked":["Sweeping Beam","Barrage"],"picked":"Self Repair","floor":7},{"not_picked":["Stack","Tempest"],"picked":"Ball Lightning","floor":11},{"not_picked":["Hello World","Melter"],"picked":"Chaos","floor":12}],"player_experience":63522,"relics_obtained":[{"floor":9,"key":"Regal Pillow"},{"floor":12,"key":"Meat on the Bone"}],"event_choices":[{"event_name":"The Cleric","player_choice":"Card Removal","floor":3,"damage_taken":0},{"event_name":"Wheel of Change","player_choice":"Curse","floor":4,"damage_taken":0}],"is_beta":false,"boss_relics":[],"items_purged_floors":[],"is_endless":false,"potions_floor_spawned":[5,11],"killed_by":"Exordium Thugs","ascension_level":0}