{"gold_per_floor":[118,138,12,12,28,28,48,48,99,118,151,165,190,210,210,210],"floor_reached":16,"playtime":992,"items_purged":["Strike_R"],"score":164,"play_id":"759b63a1-215e-4d46-83d4-86579a4ced85","local_time":"20181017165057","is_ascension_mode":false,"campfire_choices":[{"data":"Searing Blow","floor":6,"key":"SMITH"},{"data":"Searing Blow+1","floor":8,"key":"SMITH"},{"floor":15,"key":"REST"}],"neow_cost":"","seed_source_timestamp":13734385528174,"circlet_count":0,"master_deck":["Strike_R","Strike_R","Strike_R","Defend_R","Defend_R","Defend_R","Defend_R","Bash","Searing Blow+2","Headbutt","Second Wind","Dual Wield","Thunderclap"],"relics":["Burning Blood","Potion Belt","Lantern","Self Forming Clay"],"potions_floor_usage":[13,16,16],"damage_taken":[{"damage":5,"enemies":"2 Louse","floor":1,"turns":4},{"damage":12,"enemies":"Small Slimes","floor":2,"turns":5},{"damage":1,"enemies":"Cultist","floor":5,"turns":3},{"damage":7,"enemies":"Exordium Wildlife","floor":7,"turns":5},{"damage":0,"enemies":"Looter","floor":10,"turns":2},{"damage":26,"enemies":"3 Sentries","floor":11,"turns":10},{"damage":24,"enemies":"Exordium Thugs","floor":12,"turns":4},{"damage":33,"enemies":"Lagavulin","floor":13,"turns":6},{"damage":8,"enemies":"Exordium Wildlife","floor":14,"turns":5}],"seed_played":"5840045326842956813","potions_obtained":[{"floor":7,"key":"GamblersBrew"},{"floor":11,"key":"SkillPotion"},{"floor":12,"key":"Block Potion"},{"floor":13,"key":"Strength Potion"}],"is_trial":false,"path_per_floor":["M","M","$","?","M","R","M","R","T","M","E","M","E","M","R"],"character_chosen":"IRONCLAD","items_purchased":["Headbutt"],"campfire_rested":1,"item_purchase_floors":[3],"current_hp_per_floor":[80,74,74,67,72,72,71,71,71,77,57,39,12,10,34,0],"gold":210,"neow_bonus":"","is_prod":false,"is_daily":false,"chose_seed":false,"campfire_upgraded":2,"win_rate":0,"timestamp":1539787857,"path_taken":["M","M","$","?","M","R","M","R","T","M","E","M","E","M","R","BOSS"],"build_version":"2018-10-11","purchased_purges":1,"victory":false,"max_hp_per_floor":[80,80,80,80,80,80,80,80,80,80,80,80,80,80,80,80],"card_choices":[{"not_picked":["Sword Boomerang","Headbutt"],"picked":"Searing Blow","floor":1},{"not_picked":["Sever Soul","Disarm","Body Slam"],"picked":"SKIP","floor":2},{"not_picked":["Clash","Fire Breathing","Hemokinesis"],"picked":"SKIP","floor":5},{"not_picked":["True Grit","Shrug It Off"],"picked":"Second Wind","floor":7},{"not_picked":["Spot Weakness","Ghostly Armor","Twin Strike"],"picked":"SKIP","floor":10},{"not_picked":["Rupture","Flame Barrier","Clash"],"picked":"SKIP","floor":11},{"not_picked":["Second Wind","Pommel Strike","Warcry"],"picked":"SKIP","floor":12},{"not_picked":["Shockwave","Anger"],"picked":"Dual Wield","floor":13},{"not_picked":["Dropkick","Pommel Strike"],"picked":"Thunderclap","floor":14}],"player_experience":181778,"relics_obtained":[{"floor":9,"key":"Potion Belt"},{"floor":11,"key":"Lantern"},{"floor":13,"key":"Self Forming Clay"}],"event_choices":[{"event_name":"Golden Wing","player_choice":"Card Removal","floor":4,"damage_taken":0}],"is_beta":false,"boss_relics":[],"items_purged_floors":[3],"is_endless":false,"potions_floor_spawned":[7,11,12,13],"killed_by":"The Guardian","ascension_level":0}