{"gold_per_floor":[111,125,50,61,61,61,81,81,81,93,43,63,76,100,100,204,204,220,180,151,151],"floor_reached":21,"playtime":1065,"items_purged":["Strike_G"],"score":323,"play_id":"e726e57a-eaad-42e3-bbd5-29e023cd3552","local_time":"20190119155110","is_ascension_mode":true,"campfire_choices":[{"data":"Neutralize","floor":6.0,"key":"SMITH"},{"data":"Backflip","floor":8.0,"key":"SMITH"},{"data":"Riddle With Holes","floor":15.0,"key":"SMITH"}],"neow_cost":"TEN_PERCENT_HP_LOSS","seed_source_timestamp":0,"circlet_count":0,"master_deck":["Defend_G+1","Defend_G","Defend_G","Defend_G","Strike_G","Strike_G","Survivor","Neutralize+1","Backflip+1","Dagger Throw","Malaise+1","All Out Attack","Deadly Poison","Finisher","Riddle With Holes+1","Wraith Form v2+1","Cloak And Dagger"],"special_seed":0,"relics":["Ring of the Snake","Kunai","Odd Mushroom","Black Star"],"potions_floor_usage":[21],"damage_taken":[{"damage":8.0,"enemies":"Cultist","floor":1.0,"turns":6.0},{"damage":0.0,"enemies":"Jaw Worm","floor":2.0,"turns":7.0},{"damage":0.0,"enemies":"Small Slimes","floor":4.0,"turns":4.0},{"damage":0.0,"enemies":"Looter","floor":7.0,"turns":4.0},{"damage":8.0,"enemies":"Gremlin Gang","floor":10.0,"turns":5.0},{"damage":0.0,"enemies":"Red Slaver","floor":12.0,"turns":6.0},{"damage":0.0,"enemies":"Exordium Thugs","floor":13.0,"turns":5.0},{"damage":2.0,"enemies":"The Mushroom Lair","floor":14.0,"turns":4.0},{"damage":0.0,"enemies":"The Guardian","floor":16.0,"turns":14.0},{"damage":35.0,"enemies":"Spheric Guardian","floor":18.0,"turns":9.0},{"damage":2,"enemies":"2 Thieves","floor":20,"turns":5},{"damage":40,"enemies":"Sentry and Sphere","floor":21,"turns":9}],"seed_played":"-4251686305409143378","potions_obtained":[{"floor":2.0,"key":"AttackPotion"},{"floor":10.0,"key":"Block Potion"},{"floor":12.0,"key":"Poison Potion"},{"floor":16.0,"key":"Regen Potion"},{"floor":20,"key":"EssenceOfSteel"}],"is_trial":false,"path_per_floor":["M","M","$","M","?","R","M","R","T","M","?","M","M","?","R","B",null,"M","?","M","M"],"character_chosen":"THE_SILENT","items_purchased":[],"campfire_rested":0,"item_purchase_floors":[],"current_hp_per_floor":[55,55,55,55,55,55,55,55,55,47,47,47,47,45,45,45,59,38,38,36,0],"gold":151,"neow_bonus":"REMOVE_TWO","is_prod":false,"is_daily":false,"chose_seed":false,"campfire_upgraded":3,"win_rate":0,"timestamp":1547909470,"path_taken":["M","M","$","?","?","R","M","R","T","M","?","M","M","?","R","BOSS","M","?","M","?"],"build_version":"2019-01-17v2","purchased_purges":1,"victory":false,"max_hp_per_floor":[63,63,63,63,63,63,63,63,63,63,63,63,63,63,63,63,63,63,63,63,63],"card_choices":[{"not_picked":["Prepared","Eviscerate"],"picked":"Backflip","floor":1.0},{"not_picked":["Underhanded Strike","Riddle With Holes"],"picked":"Dagger Throw","floor":2.0},{"not_picked":["Bouncing Flask","Prepared"],"picked":"Malaise","floor":4.0},{"not_picked":["Outmaneuver","Catalyst"],"picked":"All Out Attack","floor":7.0},{"not_picked":["Acrobatics","Dagger Throw","Choke"],"picked":"SKIP","floor":10.0},{"not_picked":["Quick Slash","Infinite Blades"],"picked":"Deadly Poison","floor":12.0},{"not_picked":["Blade Dance","Well Laid Plans"],"picked":"Finisher","floor":13.0},{"not_picked":["Bane","PiercingWail"],"picked":"Riddle With Holes","floor":14.0},{"not_picked":["Phantasmal Killer","Night Terror"],"picked":"Wraith Form v2","floor":16.0},{"not_picked":["Quick Slash","Acrobatics","Finisher"],"picked":"SKIP","floor":18.0},{"not_picked":["Slice","Crippling Poison"],"picked":"Cloak And Dagger","floor":20}],"player_experience":534121,"relics_obtained":[{"floor":9.0,"key":"Kunai"},{"floor":14.0,"key":"Odd Mushroom"}],"event_choices":[{"damage_healed":0.0,"max_hp_gain":0.0,"max_hp_loss":0.0,"gold_gain":0.0,"event_name":"Living Wall","player_choice":"Grow","floor":5.0,"gold_loss":0.0,"damage_taken":0.0,"cards_upgraded":["Malaise"]},{"cards_removed":["Strike_G"],"damage_healed":0.0,"max_hp_gain":0.0,"max_hp_loss":0.0,"gold_gain":0.0,"event_name":"The Cleric","player_choice":"Card Removal","floor":11.0,"gold_loss":50.0,"damage_taken":0.0},{"damage_healed":0.0,"max_hp_gain":0.0,"max_hp_loss":0.0,"gold_gain":0.0,"event_name":"Mushrooms","player_choice":"Fought Mushrooms","floor":14.0,"gold_loss":0.0,"damage_taken":0.0},{"damage_healed":0.0,"max_hp_gain":0.0,"max_hp_loss":0.0,"gold_gain":0.0,"event_name":"Designer","player_choice":"Upgraded Two","floor":19.0,"gold_loss":40.0,"damage_taken":0.0,"cards_upgraded":["Wraith Form v2","Defend_G"]}],"is_beta":false,"boss_relics":[{"not_picked":["Runic Pyramid","Runic Dome"],"picked":"Black Star"}],"items_purged_floors":[3],"is_endless":false,"potions_floor_spawned":[2,10,12,16,20],"killed_by":"Sentry and Sphere","ascension_level":9}