{"gold_per_floor":[119,44,62,8,19,77,95,62,85,85,85],"floor_reached":11,"playtime":997,"items_purged":["Strike_G"],"score":79,"play_id":"9d750851-9247-4f4e-aec2-a1f514cbfb2d","local_time":"20190224220548","is_ascension_mode":true,"campfire_choices":[],"neow_cost":"NONE","seed_source_timestamp":4122608805880,"circlet_count":0,"master_deck":["Defend_G","Defend_G","Defend_G","Defend_G","Defend_G","Strike_G","Strike_G","Strike_G","Strike_G","Survivor","Neutralize","Dagger Spray","Escape Plan","PiercingWail","Backflip","Dagger Spray","Blur","Quick Slash","Parasite"],"relics":["Lizard Tail","Tiny Chest","Bag of Marbles"],"potions_floor_usage":[],"damage_taken":[{"damage":1,"enemies":"Cultist","floor":1,"turns":4},{"damage":11,"enemies":"Jaw Worm","floor":3,"turns":6},{"damage":2,"enemies":"2 Louse","floor":5,"turns":3},{"damage":26,"enemies":"3 Sentries","floor":6,"turns":14},{"damage":21,"enemies":"Large Slime","floor":7,"turns":7},{"damage":9,"enemies":"Exordium Thugs","floor":8,"turns":5}],"seed_played":"3690678757692267141","potions_obtained":[{"floor":1,"key":"SteroidPotion"},{"floor":7,"key":"Strength Potion"},{"floor":8,"key":"FearPotion"}],"is_trial":false,"path_per_floor":["M","$","M","$","M","E","M","M","T","?","R"],"character_chosen":"THE_SILENT","items_purchased":["PiercingWail"],"campfire_rested":0,"item_purchase_floors":[4],"current_hp_per_floor":[69,69,58,58,56,30,9,35,35,52,52],"gold":85,"neow_bonus":"BOSS_RELIC","is_prod":false,"is_daily":false,"chose_seed":false,"campfire_upgraded":0,"win_rate":0,"timestamp":1551063948,"path_taken":["M","?","?","$","M","E","M","M","T","?","R"],"build_version":"2019-01-23","purchased_purges":1,"victory":false,"max_hp_per_floor":[70,70,70,70,70,70,70,70,70,70,70],"card_choices":[{"not_picked":["Setup","Bane"],"picked":"Dagger Spray","floor":1},{"not_picked":["Crippling Poison","Bane"],"picked":"Escape Plan","floor":3},{"not_picked":["Acrobatics","Flying Knee"],"picked":"Backflip","floor":5},{"not_picked":["Blade Dance","Choke"],"picked":"Dagger Spray","floor":6},{"not_picked":["Slice","Venomology"],"picked":"Blur","floor":7},{"not_picked":["Bane","PiercingWail"],"picked":"Quick Slash","floor":8}],"player_experience":452757,"relics_obtained":[{"floor":6,"key":"Tiny Chest"},{"floor":9,"key":"Bag of Marbles"}],"event_choices":[{"damage_healed":17,"gold_gain":0,"player_choice":"Healed and dodged fight","damage_taken":0,"max_hp_gain":0,"max_hp_loss":0,"event_name":"Mushrooms","floor":10,"gold_loss":0,"cards_obtained":["Parasite"]}],"is_beta":false,"boss_relics":[],"items_purged_floors":[2],"is_endless":false,"potions_floor_spawned":[1,7,8],"ascension_level":1}