{"gold_per_floor":[109,59,74,74,74,107,107,140,140,140,158,158,172,172,172,273,273,291,308,328,341,360,389,400,400,477,490,490,490,506,506,506,608,608,619,619,619,619,619,619,637,656,656,656],"floor_reached":44,"playtime":2143,"items_purged":[],"score":490,"play_id":"1eb3122a-6cdb-4d67-8e89-3ed6bcca3955","local_time":"20180727173003","is_ascension_mode":false,"campfire_choices":[{"data":"Zap","floor":7,"key":"SMITH"},{"data":"Conserve Battery","floor":10,"key":"SMITH"},{"floor":15,"key":"REST"},{"floor":25,"key":"REST"},{"data":"Beam Cell","floor":29,"key":"SMITH"},{"floor":32,"key":"REST"},{"data":"Fission","floor":40,"key":"SMITH"}],"neow_cost":"NONE","seed_source_timestamp":1208903894159700,"circlet_count":0,"master_deck":["Zap+1","Ball Lightning","Hologram","Auto Shields","Conserve Battery+1","Ball Lightning","Hologram","Reboot","Conserve Battery","Beam Cell+1","Melter","Lockon+1","Stack+1","Electrodynamics+1","Conserve Battery","Double Energy+1","Fission+1","Coolheaded","FTL","Conserve Battery","Stack","Redo","Chaos+1","Madness","Madness","Injury","Genetic Algorithm+1"],"relics":["Cracked Core","NeowsBlessing","Vajra","Nunchaku","Letter Opener","Smiling Mask","Empty Cage","Meat on the Bone","Frozen Egg 2","Pandora\u0027s Box","Mummified Hand"],"potions_floor_usage":[8,18,18,33,33,41,41],"damage_taken":[{"damage":0,"enemies":"Small Slimes","floor":1,"turns":1},{"damage":0,"enemies":"2 Louse","floor":3,"turns":1},{"damage":0,"enemies":"Lagavulin","floor":6,"turns":1},{"damage":24,"enemies":"Gremlin Nob","floor":8,"turns":4},{"damage":0,"enemies":"Cultist","floor":11,"turns":2},{"damage":0,"enemies":"Large Slime","floor":13,"turns":4},{"damage":17,"enemies":"The Guardian","floor":16,"turns":12},{"damage":15,"enemies":"3 Byrds","floor":18,"turns":3},{"damage":8,"enemies":"Spheric Guardian","floor":19,"turns":4},{"damage":0,"enemies":"Centurion and Healer","floor":20,"turns":7},{"damage":4,"enemies":"Chosen and Byrds","floor":21,"turns":6},{"damage":19,"enemies":"3 Cultists","floor":22,"turns":5},{"damage":15,"enemies":"Book of Stabbing","floor":23,"turns":6},{"damage":7,"enemies":"Snake Plant","floor":24,"turns":4},{"damage":9,"enemies":"Cultist and Chosen","floor":27,"turns":5},{"damage":0,"enemies":"Snecko","floor":30,"turns":5},{"damage":74,"enemies":"Collector","floor":33,"turns":10},{"damage":13,"enemies":"3 Darklings","floor":35,"turns":4},{"damage":14,"enemies":"Flame Bruiser 1 Orb","floor":41,"turns":5},{"damage":6,"enemies":"3 Darklings","floor":42,"turns":4},{"damage":62,"enemies":"Maw","floor":44,"turns":9}],"seed_played":"3904891780729617818","potions_obtained":[{"floor":1,"key":"Energy Potion"},{"floor":3,"key":"Explosive Potion"},{"floor":8,"key":"PowerPotion"},{"floor":11,"key":"Swift Potion"},{"floor":19,"key":"SkillPotion"},{"floor":20,"key":"Swift Potion"},{"floor":33,"key":"Poison Potion"},{"floor":38,"key":"Fruit Juice"},{"floor":38,"key":"AttackPotion"}],"is_trial":false,"path_per_floor":["M","$","M","?","?","E","R","E","T","R","M","?","M","?","R","B",null,"M","M","M","M","M","E","M","R","T","M","?","R","M","?","R","B",null,"M","?","?","?","?","R","M","M","T"],"character_chosen":"DEFECT","items_purchased":["Hologram"],"campfire_rested":3,"item_purchase_floors":[2],"current_hp_per_floor":[75,75,75,75,80,80,80,56,56,56,56,56,56,56,80,63,80,65,57,57,53,34,19,24,48,48,51,51,51,51,51,75,13,80,67,67,57,57,57,57,48,54,54,0],"gold":656,"neow_bonus":"THREE_ENEMY_KILL","is_prod":false,"is_daily":false,"chose_seed":false,"campfire_upgraded":4,"win_rate":0.0,"timestamp":1532705403,"path_taken":["M","$","M","?","?","E","R","E","T","R","?","?","M","?","R","BOSS","M","?","M","M","M","E","?","R","T","M","?","R","M","?","R","BOSS","M","?","?","?","?","R","M","M","T","?"],"build_version":"2018-07-26","purchased_purges":0,"victory":false,"max_hp_per_floor":[75,75,75,75,80,80,80,80,80,80,80,80,80,80,80,80,80,80,80,80,80,80,80,80,80,80,80,80,80,80,80,80,80,80,80,80,80,80,80,80,85,85,85,85],"card_choices":[{"not_picked":["Darkness","Compile Driver"],"picked":"Ball Lightning","floor":1},{"not_picked":["Force Field","Coolheaded"],"picked":"Auto Shields","floor":3},{"not_picked":["Steam Power","Glacier"],"picked":"Steam","floor":6},{"not_picked":["Storm","Compile Driver"],"picked":"Conserve Battery","floor":8},{"not_picked":["Hologram","Steam"],"picked":"Ball Lightning","floor":11},{"not_picked":["Heatsinks","BootSequence"],"picked":"Hologram","floor":13},{"not_picked":["Creative AI","Echo Form"],"picked":"Reboot","floor":16},{"not_picked":["Sweeping Beam","Compile Driver+1"],"picked":"Conserve Battery","floor":18},{"not_picked":["Gash","Cold Snap"],"picked":"Beam Cell","floor":19},{"not_picked":["Doom and Gloom","Steam","Streamline"],"picked":"SKIP","floor":20},{"not_picked":["Steam","Scrape"],"picked":"Melter","floor":21},{"not_picked":["Undo","Compile Driver"],"picked":"Lockon+1","floor":22},{"not_picked":["Consume","Ball Lightning"],"picked":"Stack+1","floor":23},{"not_picked":["Auto Shields","Compile Driver"],"picked":"Electrodynamics","floor":24},{"not_picked":["Beam Cell","Leap"],"picked":"Conserve Battery","floor":27},{"not_picked":["Blizzard","Leap"],"picked":"Double Energy+1","floor":30},{"not_picked":["Amplify","All For One"],"picked":"Fission","floor":33},{"not_picked":["Aggregate+1","Ball Lightning+1"],"picked":"Chaos+1","floor":35},{"not_picked":["Cold Snap","Hologram"],"picked":"Genetic Algorithm+1","floor":41},{"not_picked":["Melter","Cold Snap","Stack"],"picked":"SKIP","floor":42}],"player_experience":59062,"relics_obtained":[{"floor":6,"key":"Vajra"},{"floor":8,"key":"Nunchaku"},{"floor":9,"key":"Letter Opener"},{"floor":23,"key":"Meat on the Bone"},{"floor":26,"key":"Frozen Egg 2"},{"floor":43,"key":"Mummified Hand"}],"event_choices":[{"event_name":"Liars Game","player_choice":"disagreed","floor":4,"damage_taken":0},{"event_name":"Big Fish","player_choice":"Donut","floor":5,"damage_taken":0},{"event_name":"Golden Wing","player_choice":"Ignored","floor":12,"damage_taken":0},{"event_name":"WeMeetAgain","player_choice":"Card","floor":14,"damage_taken":0},{"event_name":"Back to Basics","player_choice":"Elegance","floor":28,"damage_taken":0},{"event_name":"Bonfire Elementals","player_choice":"BASIC","floor":31,"damage_taken":0},{"event_name":"Mysterious Sphere","player_choice":"Ignore","floor":36,"damage_taken":0},{"event_name":"Winding Halls","player_choice":"Embrace Madness","floor":37,"damage_taken":0},{"event_name":"The Lab","player_choice":"Got Potions","floor":38,"damage_taken":0},{"event_name":"Accursed Blacksmith","player_choice":"Forge","floor":39,"damage_taken":0}],"is_beta":false,"boss_relics":[{"not_picked":["Velvet Choker","Runic Dome"],"picked":"Empty Cage"},{"not_picked":["Eternal Feather","Coffee Dripper"],"picked":"Pandora\u0027s Box"}],"items_purged_floors":[],"is_endless":false,"potions_floor_spawned":[1,3,8,11,19,20,21,23,27,33],"killed_by":"Maw","ascension_level":0}