{"gold_per_floor":[116,116,41,116,116,116,128,138,191,191,206,206,221,67,67,67],"floor_reached":16,"playtime":692,"items_purged":["Dualcast"],"score":90,"play_id":"8d633d1c-6066-4211-b8b4-b5e43cbce584","local_time":"20180727164108","is_ascension_mode":false,"campfire_choices":[{"data":"Static Discharge","floor":6,"key":"SMITH"},{"data":"Redo","floor":12,"key":"SMITH"},{"data":"Self Repair","floor":15,"key":"SMITH"}],"neow_cost":"NONE","seed_source_timestamp":1207421315576466,"circlet_count":0,"master_deck":["Strike_B","Strike_B","Strike_B","Defend_B","Defend_B","Defend_B","Defend_B","Zap+1","Capacitor+1","Stack","Go for the Eyes","Redo+1","Go for the Eyes","Self Repair+1","Glacier"],"relics":["Cracked Core","Tiny Chest"],"potions_floor_usage":[16,16],"damage_taken":[{"damage":2,"enemies":"Small Slimes","floor":1,"turns":4},{"damage":2,"enemies":"Cultist","floor":7,"turns":5},{"damage":4,"enemies":"Jaw Worm","floor":8,"turns":3},{"damage":2,"enemies":"Looter","floor":11,"turns":5},{"damage":1,"enemies":"Red Slaver","floor":13,"turns":4},{"damage":74,"enemies":"Hexaghost","floor":16,"turns":16}],"seed_played":"-2868405486253894895","potions_obtained":[{"floor":7,"key":"Weak Potion"},{"floor":11,"key":"SkillPotion"},{"floor":13,"key":"SneckoOil"}],"is_trial":false,"path_per_floor":["M","?","$","?","?","R","M","M","T","?","M","R","M","$","R"],"character_chosen":"DEFECT","items_purchased":["Self Repair","Glacier"],"campfire_rested":0,"item_purchase_floors":[14,14],"current_hp_per_floor":[73,73,73,62,62,62,60,56,56,75,73,73,72,72,72,0],"gold":67,"neow_bonus":"UPGRADE_CARD","is_prod":false,"is_daily":false,"chose_seed":false,"campfire_upgraded":3,"win_rate":0.0,"timestamp":1532702468,"path_taken":["M","?","$","?","?","R","M","M","T","?","?","R","M","$","R","BOSS"],"build_version":"2018-07-26","purchased_purges":1,"victory":false,"max_hp_per_floor":[75,75,75,75,75,75,75,75,75,75,75,75,75,75,75,75],"card_choices":[{"not_picked":["Rebound","White Noise"],"picked":"Capacitor","floor":1},{"not_picked":["Redo","Compile Driver"],"picked":"Stack","floor":7},{"not_picked":["Streamline","Coolheaded"],"picked":"Go for the Eyes","floor":8},{"not_picked":["Tempest","Steam Power"],"picked":"Redo","floor":11},{"not_picked":["Cold Snap","Compile Driver"],"picked":"Go for the Eyes","floor":13}],"player_experience":57608,"relics_obtained":[{"floor":9,"key":"Tiny Chest"}],"event_choices":[{"event_name":"Living Wall","player_choice":"Grow","floor":2,"damage_taken":0},{"event_name":"World of Goop","player_choice":"Gather Gold","floor":4,"damage_taken":0},{"event_name":"Transmorgrifier","player_choice":"Transform","floor":5,"damage_taken":0},{"event_name":"Bonfire Elementals","player_choice":"UNCOMMON","floor":10,"damage_taken":0}],"is_beta":false,"boss_relics":[],"items_purged_floors":[3],"is_endless":false,"potions_floor_spawned":[7,11,13],"killed_by":"Hexaghost","ascension_level":0}