{"gold_per_floor":[362,26,46,46,61,390,408,408,480,412,412,423,437,467,467,563,563,583,583,583,603,617,646,646,679,724,724,744,773,773,800,800,900,900,920,932,985,999,1014,1014,594,619,619,631,631,660,671,671,671,671],"floor_reached":51,"playtime":5243,"items_purged":["Strike_B","Strike_B","Defend_B"],"score":888,"play_id":"b2dc7200-d5da-4813-b6aa-74e2b67accf1","local_time":"20190228232208","is_ascension_mode":true,"campfire_choices":[{"data":"Storm","floor":8,"key":"SMITH"},{"data":"Defragment","floor":11,"key":"SMITH"},{"data":"Conserve Battery","floor":15,"key":"SMITH"},{"floor":24,"key":"REST"},{"data":"Go for the Eyes","floor":27,"key":"SMITH"},{"floor":30,"key":"REST"},{"data":"Conserve Battery","floor":32,"key":"SMITH"},{"floor":40,"key":"REST"},{"floor":45,"key":"DIG"},{"floor":49,"key":"DIG"}],"neow_cost":"TEN_PERCENT_HP_LOSS","seed_source_timestamp":342953972964600,"circlet_count":0,"master_deck":["Defend_B","Defend_B","Zap","Dualcast","Conserve Battery+1","Ball Lightning+1","Machine Learning","Cold Snap+1","Ball Lightning","Storm+1","Hello World","Defragment+1","Skim","Machine Learning","Biased Cognition+1","Self Repair+1","Chaos+1","Conserve Battery+1","Glacier+1","Go for the Eyes+1","Glacier+1","Electrodynamics","Steam","Defragment+1","Capacitor","Self Repair","Loop","Auto Shields"],"relics":["Cracked Core","Membership Card","Old Coin","Vajra","Astrolabe","Nilry\u0027s Codex","Regal Pillow","WingedGreaves","Ancient Tea Set","The Courier","Molten Egg 2","Nuclear Battery","Shovel","OrangePellets","Whetstone","FossilizedHelix","Shuriken","Orichalcum","Unceasing Top","Boot","Anchor"],"potions_floor_usage":[16,22,25,31,33,39,46],"damage_taken":[{"damage":0,"enemies":"2 Louse","floor":1,"turns":2},{"damage":0,"enemies":"Cultist","floor":3,"turns":3},{"damage":0,"enemies":"Small Slimes","floor":5,"turns":2},{"damage":13,"enemies":"3 Sentries","floor":6,"turns":7},{"damage":5,"enemies":"Exordium Wildlife","floor":7,"turns":2},{"damage":10,"enemies":"Looter","floor":12,"turns":2},{"damage":0,"enemies":"2 Fungi Beasts","floor":13,"turns":3},{"damage":0,"enemies":"Gremlin Nob","floor":14,"turns":3},{"damage":4,"enemies":"The Guardian","floor":16,"turns":8},{"damage":0,"enemies":"Spheric Guardian","floor":18,"turns":2},{"damage":10,"enemies":"Chosen","floor":21,"turns":4},{"damage":6,"enemies":"3 Cultists","floor":22,"turns":4},{"damage":28,"enemies":"Gremlin Leader","floor":23,"turns":5},{"damage":24,"enemies":"Book of Stabbing","floor":25,"turns":6},{"damage":0,"enemies":"Cultist and Chosen","floor":28,"turns":3},{"damage":35,"enemies":"Slavers","floor":29,"turns":4},{"damage":1,"enemies":"Gremlin Leader","floor":31,"turns":5},{"damage":11,"enemies":"Champ","floor":33,"turns":11},{"damage":0,"enemies":"Orb Walker","floor":35,"turns":4},{"damage":5,"enemies":"3 Darklings","floor":36,"turns":2},{"damage":56,"enemies":"2 Orb Walkers","floor":37,"turns":5},{"damage":21,"enemies":"Jaw Worm Horde","floor":38,"turns":5},{"damage":0,"enemies":"Transient","floor":39,"turns":5},{"damage":0,"enemies":"Nemesis","floor":42,"turns":5},{"damage":0,"enemies":"Sphere and 2 Shapes","floor":44,"turns":2},{"damage":0,"enemies":"Reptomancer","floor":46,"turns":5},{"damage":0,"enemies":"Jaw Worm Horde","floor":47,"turns":3},{"damage":29,"enemies":"Awakened One","floor":50,"turns":11}],"seed_played":"1103686259364456734","potions_obtained":[{"floor":6,"key":"FocusPotion"},{"floor":7,"key":"Explosive Potion"},{"floor":12,"key":"Energy Potion"},{"floor":18,"key":"Strength Potion"},{"floor":23,"key":"SkillPotion"},{"floor":29,"key":"LiquidBronze"},{"floor":33,"key":"SteroidPotion"},{"floor":37,"key":"Ancient Potion"},{"floor":38,"key":"Energy Potion"},{"floor":47,"key":"Strength Potion"}],"is_trial":false,"path_per_floor":["M","$","M","?","M","E","M","R","T","$","R","M","M","E","R","B",null,"M","?","?","M","M","E","R","E","T","R","M","E","R","E","R","B",null,"M","M","?","M","M","R","$","E","T","M","R","E","M","?","R","B",null],"character_chosen":"DEFECT","items_purchased":["Membership Card","Ball Lightning","Machine Learning","Defragment","OrangePellets","Whetstone","FossilizedHelix","Capacitor","Self Repair","Loop"],"campfire_rested":3,"item_purchase_floors":[2,2,2,10,41,41,41,41,41,41],"current_hp_per_floor":[68,68,68,62,62,49,44,44,44,44,44,34,34,34,34,30,68,68,52,40,40,34,16,52,38,38,38,48,23,59,68,68,67,73,73,68,22,11,21,57,57,67,67,73,73,73,73,73,73,71],"gold":671,"neow_bonus":"TWO_FIFTY_GOLD","is_prod":false,"is_daily":false,"chose_seed":false,"campfire_upgraded":5,"win_rate":0,"timestamp":1551414128,"path_taken":["M","$","M","?","M","E","M","R","T","?","R","M","?","E","R","BOSS","M","?","?","M","M","E","R","E","T","R","M","E","R","E","R","BOSS","M","M","?","M","M","R","$","E","T","M","R","E","M","?","R","BOSS"],"build_version":"2019-01-23","purchased_purges":3,"victory":true,"max_hp_per_floor":[68,68,68,68,68,68,68,68,68,68,68,68,68,68,68,68,68,68,68,73,73,73,73,73,73,73,73,73,73,73,73,73,73,73,73,73,73,73,73,73,73,73,73,73,73,73,73,73,73,73],"card_choices":[{"not_picked":["Turbo","Beam Cell"],"picked":"Conserve Battery","floor":1},{"not_picked":["Stack","Sweeping Beam"],"picked":"Cold Snap","floor":3},{"not_picked":["Static Discharge","Redo"],"picked":"Ball Lightning","floor":5},{"not_picked":["Cold Snap","Barrage"],"picked":"Storm","floor":6},{"not_picked":["Steam","Gash"],"picked":"Hello World","floor":7},{"not_picked":["Turbo","Gash","Hologram"],"picked":"SKIP","floor":12},{"not_picked":["Steam Power","Compile Driver","Streamline"],"picked":"SKIP","floor":13},{"not_picked":["Stack","Redo"],"picked":"Skim","floor":14},{"not_picked":["Fission","Seek"],"picked":"Machine Learning","floor":16},{"not_picked":["Fusion+1","Turbo","Lockon"],"picked":"SKIP","floor":18},{"not_picked":["Redo","Stack+1"],"picked":"Conserve Battery","floor":21},{"not_picked":["Beam Cell+1","Coolheaded"],"picked":"Glacier+1","floor":22},{"not_picked":["Self Repair","Doom and Gloom+1"],"picked":"Go for the Eyes","floor":23},{"not_picked":["Undo+1","Consume"],"picked":"Glacier+1","floor":25},{"not_picked":["Ball Lightning","Stack","Doom and Gloom"],"picked":"SKIP","floor":28},{"not_picked":["Turbo","Compile Driver","Rainbow"],"picked":"SKIP","floor":29},{"not_picked":["Compile Driver","Steam","Sweeping Beam+1"],"picked":"SKIP","floor":31},{"not_picked":["Reboot","Amplify"],"picked":"Electrodynamics","floor":33},{"not_picked":["Cold Snap+1","Rebound+1","Turbo+1"],"picked":"SKIP","floor":35},{"not_picked":["Streamline+1","Hello World"],"picked":"Steam","floor":36},{"not_picked":["Genetic Algorithm+1","Recycle"],"picked":"Defragment+1","floor":38},{"not_picked":["Streamline+1","Recycle","Conserve Battery"],"picked":"SKIP","floor":39},{"not_picked":["Redo","Creative AI","Static Discharge"],"picked":"SKIP","floor":42},{"not_picked":["Cold Snap+1","Streamline+1"],"picked":"Auto Shields","floor":44},{"not_picked":["Skim","Leap","Melter+1"],"picked":"SKIP","floor":46},{"not_picked":["Compile Driver+1","Steam Power","Reinforced Body"],"picked":"SKIP","floor":47}],"player_experience":238778,"relics_obtained":[{"floor":6,"key":"Old Coin"},{"floor":14,"key":"Vajra"},{"floor":19,"key":"Nilry\u0027s Codex"},{"floor":23,"key":"Regal Pillow"},{"floor":25,"key":"WingedGreaves"},{"floor":26,"key":"Ancient Tea Set"},{"floor":29,"key":"The Courier"},{"floor":31,"key":"Molten Egg 2"},{"floor":37,"key":"Shovel"},{"floor":42,"key":"Shuriken"},{"floor":43,"key":"Orichalcum"},{"floor":45,"key":"Unceasing Top"},{"floor":46,"key":"Boot"},{"floor":49,"key":"Anchor"}],"event_choices":[{"damage_healed":0,"gold_gain":0,"player_choice":"Damaged","damage_taken":6,"max_hp_gain":0,"max_hp_loss":0,"event_name":"Wheel of Change","floor":4,"gold_loss":0},{"damage_healed":0,"gold_gain":0,"player_choice":"Obtained Book","damage_taken":16,"max_hp_gain":0,"max_hp_loss":0,"event_name":"Cursed Tome","floor":19,"gold_loss":0},{"damage_healed":0,"gold_gain":0,"player_choice":"Shed Blood","damage_taken":17,"max_hp_gain":5,"max_hp_loss":0,"event_name":"Forgotten Altar","floor":20,"gold_loss":0},{"damage_healed":0,"gold_gain":0,"player_choice":"Fight","damage_taken":0,"max_hp_gain":0,"max_hp_loss":0,"event_name":"Mysterious Sphere","floor":37,"gold_loss":0},{"damage_healed":0,"gold_gain":0,"player_choice":"Ignored","damage_taken":0,"max_hp_gain":0,"max_hp_loss":0,"event_name":"Tomb of Lord Red Mask","floor":48,"gold_loss":0}],"is_beta":false,"boss_relics":[{"not_picked":["Cursed Key","Runic Pyramid"],"picked":"Astrolabe"},{"not_picked":["Black Star","Tiny House"],"picked":"Nuclear Battery"}],"items_purged_floors":[2,10,41],"is_endless":false,"potions_floor_spawned":[6,7,12,13,18,23,29,33,37,38,47],"ascension_level":1}