{"gold_per_floor":[116,116,116,116,132,160,160,174,174,124,124,137,157,168,168,273,273,287,287],"floor_reached":19,"playtime":762,"items_purged":["Dualcast"],"score":194,"play_id":"f01318fe-383c-4e8c-bbf3-a47dc8914e5b","local_time":"20180727165404","is_ascension_mode":false,"campfire_choices":[{"data":"Defragment","floor":11,"key":"SMITH"},{"data":"Hologram","floor":15,"key":"SMITH"}],"neow_cost":"NONE","seed_source_timestamp":1208126466780541,"circlet_count":0,"master_deck":["Strike_B","Strike_B","Defend_B","Defend_B","Defend_B","Defend_B","Zap+1","Leap","Defragment+1","Conserve Battery","Hologram+1","Sweeping Beam","Echo Form","Aggregate","Fission","Hologram+1"],"relics":["Cracked Core","NeowsBlessing","Smiling Mask","Boot","Dodecahedron","Empty Cage"],"potions_floor_usage":[16],"damage_taken":[{"damage":0,"enemies":"2 Louse","floor":1,"turns":1},{"damage":0,"enemies":"Small Slimes","floor":5,"turns":1},{"damage":0,"enemies":"Lagavulin","floor":6,"turns":1},{"damage":0,"enemies":"Jaw Worm","floor":8,"turns":4},{"damage":3,"enemies":"Looter","floor":12,"turns":3},{"damage":11,"enemies":"Exordium Wildlife","floor":13,"turns":5},{"damage":4,"enemies":"Exordium Thugs","floor":14,"turns":5},{"damage":22,"enemies":"The Guardian","floor":16,"turns":8},{"damage":32,"enemies":"Chosen","floor":18,"turns":9},{"damage":54,"floor":19,"turns":3}],"seed_played":"-8292287714971758287","potions_obtained":[{"floor":1,"key":"SpeedPotion"},{"floor":12,"key":"Weak Potion"},{"floor":14,"key":"Energy Potion"}],"is_trial":false,"path_per_floor":["M","?","?","?","M","E","?","M","T","$","R","M","M","M","R","B",null,"M"],"character_chosen":"DEFECT","items_purchased":[],"campfire_rested":0,"item_purchase_floors":[],"current_hp_per_floor":[75,72,77,77,77,77,77,77,77,77,77,74,63,59,59,37,80,48,0],"gold":287,"neow_bonus":"THREE_ENEMY_KILL","is_prod":false,"is_daily":false,"chose_seed":false,"campfire_upgraded":2,"win_rate":0.0,"timestamp":1532703244,"path_taken":["M","?","?","?","M","E","?","M","T","?","R","M","M","M","R","BOSS","M","?"],"build_version":"2018-07-26","purchased_purges":1,"victory":false,"max_hp_per_floor":[75,75,80,80,80,80,80,80,80,80,80,80,80,80,80,80,80,80,80],"card_choices":[{"not_picked":["Skim","Lockon"],"picked":"Leap","floor":1},{"not_picked":["Self Repair","Chill"],"picked":"Defragment","floor":5},{"not_picked":["Force Field","Sweeping Beam"],"picked":"Conserve Battery","floor":6},{"not_picked":["BootSequence","Coolheaded"],"picked":"Hologram","floor":8},{"not_picked":["Gash","Streamline"],"picked":"Sweeping Beam","floor":12},{"not_picked":["BootSequence","Gash"],"picked":"Echo Form","floor":13},{"not_picked":["Leap","Redo"],"picked":"Aggregate","floor":14},{"not_picked":["Multi-Cast","Thunder Strike"],"picked":"Fission","floor":16},{"not_picked":["Go for the Eyes","Leap"],"picked":"Hologram+1","floor":18}],"player_experience":58300,"relics_obtained":[{"floor":6,"key":"Boot"},{"floor":9,"key":"Dodecahedron"}],"event_choices":[{"event_name":"Scrap Ooze","player_choice":"success","floor":2,"damage_taken":3},{"event_name":"Big Fish","player_choice":"Donut","floor":3,"damage_taken":0},{"event_name":"Shining Light","player_choice":"Ignored","floor":4,"damage_taken":0},{"event_name":"Living Wall","player_choice":"Grow","floor":7,"damage_taken":0},{"event_name":"Masked Bandits","player_choice":"Fought over 287 gold","floor":19,"damage_taken":0}],"is_beta":false,"boss_relics":[{"not_picked":["Philosopher\u0027s Stone","Astrolabe"],"picked":"Empty Cage"}],"items_purged_floors":[10],"is_endless":false,"potions_floor_spawned":[1,12,14],"ascension_level":0}