{"gold_per_floor":[112,129,148,166,166,166,201,72,146,96,96,115,20,39,39,143,143,156,168,184,201,217,217,252,252,305,61,76,107,127,161,161,257,257,272,292,292,292,308,308,530,559,559,23,38,55,55,74,74,74],"floor_reached":51,"playtime":3004,"items_purged":["Strike_R"],"score":723,"play_id":"cac3d6c1-3095-4d85-8efb-b3c5276151a8","local_time":"20181017174337","is_ascension_mode":false,"campfire_choices":[{"data":"Pummel","floor":6,"key":"SMITH"},{"data":"Armaments","floor":11,"key":"SMITH"},{"floor":15,"key":"REST"},{"floor":23,"key":"REST"},{"floor":25,"key":"REST"},{"floor":32,"key":"REST"},{"floor":40,"key":"REST"},{"floor":47,"key":"REST"},{"floor":49,"key":"REST"}],"neow_cost":"NONE","seed_source_timestamp":14870047857905,"circlet_count":0,"master_deck":["Strike_R","Strike_R","Strike_R","Defend_R","Defend_R+1","Defend_R","Defend_R","Bash+1","Cleave+1","Iron Wave","Shrug It Off","Pummel+1","Warcry","Inflame","Armaments+1","Sword Boomerang","Thunderclap","Demon Form","Rage+1","Reaper","Flex+1","Blind","Whirlwind","Headbutt+1","Exhume+1","Shrug It Off+1","Pummel+1"],"relics":["Burning Blood","Potion Belt","Unceasing Top","Kunai","Fusion Hammer","Pen Nib","Tiny Chest","Anchor","Red Mask","PreservedInsect","Busted Crown","Blue Candle","Pear","War Paint","DollysMirror","Blood Vial"],"potions_floor_usage":[19,21,33,33,50,50,50,50,50],"damage_taken":[{"damage":5,"enemies":"Jaw Worm","floor":1,"turns":6},{"damage":2,"enemies":"Small Slimes","floor":2,"turns":4},{"damage":4,"enemies":"2 Louse","floor":3,"turns":3},{"damage":18,"enemies":"Exordium Thugs","floor":4,"turns":4},{"damage":21,"enemies":"3 Sentries","floor":7,"turns":8},{"damage":2,"enemies":"3 Louse","floor":12,"turns":3},{"damage":4,"enemies":"Exordium Wildlife","floor":14,"turns":5},{"damage":26,"enemies":"The Guardian","floor":16,"turns":13},{"damage":13,"enemies":"Shell Parasite","floor":18,"turns":5},{"damage":14,"enemies":"Spheric Guardian","floor":19,"turns":6},{"damage":20,"enemies":"Snake Plant","floor":20,"turns":5},{"damage":19,"enemies":"Snecko","floor":21,"turns":5},{"damage":17,"enemies":"Shelled Parasite and Fungi","floor":22,"turns":6},{"damage":64,"enemies":"Slavers","floor":24,"turns":6},{"damage":7,"enemies":"Chosen and Byrds","floor":28,"turns":6},{"damage":30,"enemies":"Masked Bandits","floor":29,"turns":4},{"damage":4,"enemies":"Centurion and Healer","floor":30,"turns":6},{"damage":41,"enemies":"Book of Stabbing","floor":31,"turns":6},{"damage":59,"enemies":"Collector","floor":33,"turns":9},{"damage":27,"enemies":"3 Darklings","floor":35,"turns":3},{"damage":25,"enemies":"3 Shapes","floor":36,"turns":6},{"damage":0,"enemies":"Transient","floor":39,"turns":5},{"damage":75,"enemies":"Nemesis","floor":42,"turns":9},{"damage":43,"enemies":"Spire Growth","floor":45,"turns":5},{"damage":2,"enemies":"3 Darklings","floor":46,"turns":5},{"damage":14,"enemies":"Reptomancer","floor":48,"turns":5},{"damage":59,"enemies":"Time Eater","floor":50,"turns":9}],"seed_played":"-744731546258205041","potions_obtained":[{"floor":3,"key":"Weak Potion"},{"floor":7,"key":"SkillPotion"},{"floor":14,"key":"Block Potion"},{"floor":16,"key":"SpeedPotion"},{"floor":21,"key":"BloodPotion"},{"floor":22,"key":"Weak Potion"},{"floor":24,"key":"Energy Potion"},{"floor":28,"key":"Strength Potion"},{"floor":35,"key":"Weak Potion"},{"floor":36,"key":"EssenceOfSteel"}],"is_trial":false,"path_per_floor":["M","M","M","M","?","R","E","$","T","?","R","M","$","M","R","B",null,"M","M","M","M","M","R","E","R","T","$","M","?","M","E","R","B",null,"M","M","?","T","M","R","?","E","T","$","M","M","R","M","R","B"],"character_chosen":"IRONCLAD","items_purchased":["Inflame","Armaments","Sword Boomerang","Thunderclap","Anchor","Blind","FearPotion","SteroidPotion","DollysMirror","Blood Vial"],"campfire_rested":7,"item_purchase_floors":[8,8,13,13,27,27,44,44,44,44],"current_hp_per_floor":[80,80,80,68,52,52,37,37,37,37,37,41,41,43,67,47,80,73,65,51,38,30,54,14,38,38,38,45,45,59,30,54,40,80,80,66,66,66,76,80,80,47,47,47,12,22,49,50,77,32],"gold":74,"neow_bonus":"RANDOM_COMMON_RELIC","is_prod":false,"is_daily":false,"chose_seed":false,"campfire_upgraded":2,"win_rate":0,"timestamp":1539791017,"path_taken":["M","M","M","M","?","R","E","?","T","?","R","M","?","?","R","BOSS","M","M","M","M","M","R","E","R","T","$","M","?","M","E","R","BOSS","M","M","?","?","M","R","?","E","T","$","?","M","R","M","R","BOSS"],"build_version":"2018-10-11","purchased_purges":1,"victory":true,"max_hp_per_floor":[80,80,80,80,80,80,80,80,80,80,80,80,80,80,80,80,80,80,80,80,80,80,80,80,80,80,80,80,80,80,80,80,80,80,80,80,80,80,80,80,80,90,90,90,90,90,90,90,90,90],"card_choices":[{"not_picked":["Fire Breathing","Wild Strike"],"picked":"Cleave","floor":1},{"not_picked":["Clothesline","Fire Breathing"],"picked":"Iron Wave","floor":2},{"not_picked":["Headbutt","Rampage"],"picked":"Shrug It Off","floor":3},{"not_picked":["Flex","Combust"],"picked":"Pummel","floor":4},{"not_picked":["Perfected Strike","Juggernaut"],"picked":"Warcry","floor":7},{"not_picked":["Uppercut","Shockwave","Clash"],"picked":"SKIP","floor":12},{"not_picked":["Anger","Body Slam","Cleave"],"picked":"SKIP","floor":14},{"not_picked":["Immolate","Reaper"],"picked":"Demon Form","floor":16},{"not_picked":["Carnage+1","Wild Strike","Headbutt"],"picked":"SKIP","floor":18},{"not_picked":["Metallicize","Iron Wave"],"picked":"Rage+1","floor":19},{"not_picked":["Searing Blow","Rampage","Body Slam+1"],"picked":"SKIP","floor":20},{"not_picked":["Intimidate","Feel No Pain+1"],"picked":"Reaper","floor":21},{"not_picked":["Thunderclap","Wild Strike","Dual Wield"],"picked":"SKIP","floor":22},{"not_picked":["Anger+1","Shockwave"],"picked":"Flex+1","floor":24},{"not_picked":["Headbutt","Rampage"],"picked":"Whirlwind","floor":28},{"not_picked":["Searing Blow","Headbutt","Feel No Pain+1"],"picked":"SKIP","floor":30},{"not_picked":["Dropkick+1","Thunderclap"],"picked":"Headbutt+1","floor":31},{"not_picked":["Juggernaut","Impervious"],"picked":"Exhume","floor":33},{"not_picked":[],"picked":"Shrug It Off+1","floor":35},{"not_picked":["Havoc+1"],"picked":"SKIP","floor":36},{"not_picked":["Perfected Strike"],"picked":"SKIP","floor":39},{"not_picked":["Feel No Pain+1"],"picked":"SKIP","floor":42},{"not_picked":["Clash"],"picked":"SKIP","floor":45},{"not_picked":["Perfected Strike+1"],"picked":"SKIP","floor":46},{"not_picked":["Carnage"],"picked":"SKIP","floor":48}],"player_experience":182770,"relics_obtained":[{"floor":7,"key":"Unceasing Top"},{"floor":9,"key":"Kunai"},{"floor":24,"key":"Pen Nib"},{"floor":26,"key":"Tiny Chest"},{"floor":29,"key":"Red Mask"},{"floor":31,"key":"PreservedInsect"},{"floor":38,"key":"Blue Candle"},{"floor":42,"key":"Pear"},{"floor":43,"key":"War Paint"}],"event_choices":[{"event_name":"Shining Light","player_choice":"Entered Light","floor":5,"damage_taken":0},{"event_name":"World of Goop","player_choice":"Left","floor":10,"damage_taken":0},{"event_name":"Masked Bandits","player_choice":"Fought Bandits","floor":29,"damage_taken":0},{"event_name":"Falling","player_choice":"Removed Attack","floor":37,"damage_taken":0},{"event_name":"Tomb of Lord Red Mask","player_choice":"Wore Mask","floor":41,"damage_taken":0}],"is_beta":false,"boss_relics":[{"not_picked":["Snecko Eye","Orrery"],"picked":"Fusion Hammer"},{"not_picked":["Calling Bell","Runic Cube"],"picked":"Busted Crown"}],"items_purged_floors":[44],"is_endless":false,"potions_floor_spawned":[3,7,14,16,21,22,24,28,35,36,46],"ascension_level":0}