{"gold_per_floor":[364,384,61,61,61,61,94,94,94,94,105,123,136,136,136,240,240,260,277,277,277,27,27,55,55,101,101,120,150,164,9,9,110,110,122,122,122,135,152,152,177,277,277,294,0,0,0,13,13,13],"floor_reached":50,"playtime":3432,"items_purged":["Strike_B","All For One"],"score":610,"play_id":"1b2c145e-73ea-4865-a068-d3e52714a5da","local_time":"20181122193906","is_ascension_mode":true,"campfire_choices":[{"data":"Zap","floor":6,"key":"SMITH"},{"floor":8,"key":"REST"},{"data":"Loop","floor":10,"key":"SMITH"},{"data":"Hologram","floor":15,"key":"SMITH"},{"data":"Consume","floor":23,"key":"SMITH"},{"floor":27,"key":"REST"},{"floor":32,"key":"REST"},{"floor":40,"key":"REST"},{"floor":47,"key":"REST"},{"floor":49,"key":"REST"}],"neow_cost":"TEN_PERCENT_HP_LOSS","seed_source_timestamp":22219594448110,"circlet_count":0,"master_deck":["Strike_B","Defend_B","Defend_B","Defend_B","Defend_B","Zap+1","Dualcast","Hologram+1","Sweeping Beam","Loop+1","Hologram","Ball Lightning","BootSequence","Conserve Battery","Core Surge","Consume+1","BootSequence","Ball Lightning","Cold Snap+1","Chaos+1","Coolheaded","Echo Form","Creative AI","Rebound+1","Loop+1","Leap+1","Chill+1"],"relics":["Cracked Core","ClockworkSouvenir","Omamori","Symbiotic Virus","Mummified Hand","Sozu","Happy Flower","Emotion Chip","Strawberry","Boot","Fusion Hammer","Smiling Mask","Incense Burner","Frozen Egg 2","Red Mask"],"potions_floor_usage":[24,24],"damage_taken":[{"damage":5,"enemies":"Small Slimes","floor":1,"turns":4},{"damage":0,"enemies":"2 Louse","floor":2,"turns":1},{"damage":17,"enemies":"Lagavulin","floor":7,"turns":6},{"damage":5,"enemies":"Jaw Worm","floor":11,"turns":4},{"damage":0,"enemies":"Blue Slaver","floor":12,"turns":4},{"damage":0,"enemies":"2 Fungi Beasts","floor":13,"turns":3},{"damage":24,"enemies":"The Guardian","floor":16,"turns":9},{"damage":4,"enemies":"3 Byrds","floor":18,"turns":4},{"damage":11,"enemies":"2 Thieves","floor":19,"turns":3},{"damage":16,"enemies":"Slavers","floor":24,"turns":4},{"damage":14,"enemies":"Snake Plant","floor":28,"turns":3},{"damage":8,"enemies":"Gremlin Leader","floor":29,"turns":6},{"damage":0,"enemies":"Shelled Parasite and Fungi","floor":30,"turns":5},{"damage":34,"enemies":"Collector","floor":33,"turns":9},{"damage":10,"enemies":"3 Shapes","floor":35,"turns":4},{"damage":10,"enemies":"3 Darklings","floor":38,"turns":9},{"damage":33,"enemies":"Maw","floor":39,"turns":8},{"damage":4,"enemies":"Reptomancer","floor":41,"turns":5},{"damage":7,"enemies":"Mind Bloom Boss Battle","floor":42,"turns":7},{"damage":4,"enemies":"Spire Growth","floor":44,"turns":6},{"damage":4,"enemies":"Sphere and 2 Shapes","floor":48,"turns":6},{"damage":79,"enemies":"Donu and Deca","floor":50,"turns":7}],"seed_played":"-1746723400499906032","potions_obtained":[{"floor":7,"key":"FairyPotion"},{"floor":13,"key":"Fire Potion"},{"floor":16,"key":"GamblersBrew"}],"is_trial":false,"path_per_floor":["M","M","$","?","?","R","E","R","T","R","M","M","M","$","R","B",null,"M","M","?","?","$","R","E","?","T","R","M","E","M","$","R","B",null,"M","?","?","M","M","R","E","?","T","M","?","?","R","M","R","B"],"character_chosen":"DEFECT","items_purchased":["Loop","ClockworkSouvenir","Happy Flower","Echo Form"],"campfire_rested":6,"item_purchase_floors":[3,3,22,31],"current_hp_per_floor":[63,63,63,63,51,51,34,54,54,54,49,49,49,49,49,25,68,64,53,53,41,41,41,25,25,32,56,42,34,34,34,58,24,80,70,70,70,60,27,49,45,38,38,34,34,27,49,45,67,0],"gold":13,"neow_bonus":"TWO_FIFTY_GOLD","is_prod":false,"is_daily":false,"chose_seed":false,"campfire_upgraded":4,"win_rate":0,"timestamp":1542911946,"path_taken":["M","M","$","?","?","R","E","R","T","R","M","M","?","$","R","BOSS","M","M","?","?","$","R","E","?","T","R","M","E","?","?","R","BOSS","M","?","?","M","M","R","E","?","T","M","?","?","R","M","R","BOSS"],"build_version":"2018-11-15","purchased_purges":2,"victory":false,"max_hp_per_floor":[68,68,68,68,68,68,68,68,68,68,68,68,68,68,68,68,68,68,68,68,73,73,73,73,73,80,80,80,80,80,80,80,80,80,80,76,76,76,76,76,76,76,76,76,76,76,76,76,76,76],"card_choices":[{"not_picked":["Sweeping Beam","Turbo"],"picked":"Hologram","floor":1},{"not_picked":["Barrage","Gash"],"picked":"Sweeping Beam","floor":2},{"not_picked":["Gash","Rip and Tear"],"picked":"Hologram","floor":7},{"not_picked":["Self Repair","Blizzard"],"picked":"Ball Lightning","floor":11},{"not_picked":["Tempest","Compile Driver"],"picked":"BootSequence","floor":12},{"not_picked":["Ball Lightning","Barrage"],"picked":"Conserve Battery","floor":13},{"not_picked":["Reboot","Machine Learning"],"picked":"Core Surge","floor":16},{"not_picked":["Redo","Streamline"],"picked":"Consume","floor":18},{"not_picked":["Beam Cell","Sunder","Loop"],"picked":"SKIP","floor":19},{"not_picked":["Rebound","Sweeping Beam"],"picked":"Ball Lightning","floor":24},{"not_picked":["Go for the Eyes","Conserve Battery"],"picked":"Cold Snap+1","floor":28},{"not_picked":["Genetic Algorithm+1","Barrage+1"],"picked":"Chaos+1","floor":29},{"not_picked":["Stack","Melter"],"picked":"Coolheaded","floor":30},{"not_picked":["Reboot","Buffer"],"picked":"Creative AI","floor":33},{"not_picked":["Hello World","Leap"],"picked":"Rebound+1","floor":35},{"not_picked":["BootSequence","Compile Driver","Scrape+1"],"picked":"SKIP","floor":38},{"not_picked":["Lockon+1","Turbo"],"picked":"Loop+1","floor":39},{"not_picked":["Sweeping Beam","Barrage+1","Scrape+1"],"picked":"SKIP","floor":41},{"not_picked":["Stack+1","Aggregate"],"picked":"Leap+1","floor":42},{"not_picked":["Self Repair+1","Cold Snap"],"picked":"Chill+1","floor":44},{"not_picked":["Steam","Redo+1","Sweeping Beam"],"picked":"SKIP","floor":48}],"player_experience":260235,"relics_obtained":[{"floor":7,"key":"Symbiotic Virus"},{"floor":9,"key":"Mummified Hand"},{"floor":24,"key":"Emotion Chip"},{"floor":26,"key":"Strawberry"},{"floor":29,"key":"Boot"},{"floor":41,"key":"Smiling Mask"},{"floor":42,"key":"Incense Burner"},{"floor":43,"key":"Frozen Egg 2"}],"event_choices":[{"damage_healed":0,"gold_gain":0,"player_choice":"Ignored","damage_taken":0,"max_hp_gain":0,"max_hp_loss":0,"event_name":"Golden Idol","floor":4,"gold_loss":0},{"damage_healed":0,"gold_gain":0,"player_choice":"Success","damage_taken":12,"relics_obtained":["Omamori"],"max_hp_gain":0,"max_hp_loss":0,"event_name":"Scrap Ooze","floor":5,"gold_loss":0},{"damage_healed":0,"gold_gain":0,"cards_transformed":["Strike_B","Strike_B"],"player_choice":"Became Test Subject","damage_taken":0,"max_hp_gain":0,"max_hp_loss":0,"event_name":"Drug Dealer","floor":20,"gold_loss":0,"cards_obtained":["All For One","BootSequence"]},{"damage_healed":0,"gold_gain":0,"player_choice":"Shed Blood","damage_taken":17,"max_hp_gain":5,"max_hp_loss":0,"event_name":"Forgotten Altar","floor":21,"gold_loss":0},{"damage_healed":0,"gold_gain":0,"player_choice":"Bought 0 Potions","damage_taken":0,"max_hp_gain":0,"max_hp_loss":0,"event_name":"The Woman in Blue","floor":25,"gold_loss":0},{"damage_healed":0,"gold_gain":0,"player_choice":"Max HP","damage_taken":0,"max_hp_gain":0,"max_hp_loss":4,"event_name":"Winding Halls","floor":36,"gold_loss":0},{"damage_healed":0,"gold_gain":0,"player_choice":"Memory 1","damage_taken":0,"max_hp_gain":0,"max_hp_loss":0,"event_name":"SensoryStone","floor":37,"gold_loss":0},{"damage_healed":0,"gold_gain":0,"player_choice":"Fight","damage_taken":0,"max_hp_gain":0,"max_hp_loss":0,"event_name":"MindBloom","floor":42,"gold_loss":0},{"damage_healed":0,"gold_gain":0,"player_choice":"Paid","damage_taken":0,"relics_obtained":["Red Mask"],"max_hp_gain":0,"max_hp_loss":0,"event_name":"Tomb of Lord Red Mask","floor":45,"gold_loss":294},{"damage_healed":0,"gold_gain":0,"player_choice":"Damaged","damage_taken":7,"max_hp_gain":0,"max_hp_loss":0,"event_name":"Wheel of Change","floor":46,"gold_loss":0}],"is_beta":false,"boss_relics":[{"not_picked":["Tiny House","Runic Pyramid"],"picked":"Sozu"},{"not_picked":["Eternal Feather","Black Star"],"picked":"Fusion Hammer"}],"items_purged_floors":[3,22],"is_endless":false,"potions_floor_spawned":[7,13,16,24,29,30,33,38,39,42,48],"killed_by":"Donu and Deca","ascension_level":4}