{"gold_per_floor":[111,122,122,122,3,3,22,54,130,130,147,173,173,192,192,291,291,307,326,342,342,360,387,387,407,407,39,39,57,57,76,76,76],"floor_reached":33,"playtime":1262,"items_purged":["Clumsy"],"score":391,"play_id":"9b0ace86-2c6e-488d-833d-0bfe75bb8d09","local_time":"20190223150154","is_ascension_mode":true,"campfire_choices":[{"data":"Hemokinesis","floor":6,"key":"SMITH"},{"data":"Cleave","floor":10,"key":"SMITH"},{"floor":13,"key":"REST"},{"data":"Pummel","floor":15,"key":"SMITH"},{"data":"Armaments","floor":24,"key":"SMITH"},{"data":"True Grit","floor":28,"key":"SMITH"},{"floor":32,"key":"REST"}],"neow_cost":"NONE","seed_source_timestamp":507457512381371,"circlet_count":0,"master_deck":["Strike_R+1","Strike_R","Strike_R","Strike_R","Defend_R","Defend_R","Defend_R","Defend_R","Bash+1","Perfected Strike","Hemokinesis+1","Spot Weakness","Metallicize","Cleave+1","Battle Trance","Headbutt","Pummel+1","Bludgeon+1","Ghostly Armor+1","Seeing Red","Pommel Strike","Armaments+1","Shrug It Off","True Grit+1","Inflame"],"relics":["Burning Blood","Boot","Mummified Hand","Pen Nib","Cursed Key","Whetstone","Juzu Bracelet","PrismaticShard","Enchiridion"],"potions_floor_usage":[8,12,20,23,23,31,31,31,33],"damage_taken":[{"damage":3,"enemies":"2 Louse","floor":1,"turns":3},{"damage":7,"enemies":"Jaw Worm","floor":2,"turns":3},{"damage":2,"enemies":"Cultist","floor":7,"turns":3},{"damage":31,"enemies":"Lagavulin","floor":8,"turns":7},{"damage":30,"enemies":"Large Slime","floor":11,"turns":5},{"damage":23,"enemies":"3 Sentries","floor":12,"turns":5},{"damage":15,"enemies":"Lots of Slimes","floor":14,"turns":4},{"damage":4,"enemies":"Slime Boss","floor":16,"turns":6},{"damage":2,"enemies":"Chosen","floor":18,"turns":3},{"damage":5,"enemies":"3 Byrds","floor":19,"turns":3},{"damage":28,"enemies":"Centurion and Healer","floor":20,"turns":6},{"damage":2,"enemies":"Cultist and Chosen","floor":22,"turns":4},{"damage":21,"enemies":"Gremlin Leader","floor":23,"turns":5},{"damage":19,"enemies":"Snecko","floor":25,"turns":5},{"damage":2,"enemies":"3 Cultists","floor":29,"turns":3},{"damage":12,"enemies":"Shelled Parasite and Fungi","floor":31,"turns":4},{"damage":66,"enemies":"Champ","floor":33,"turns":7}],"seed_played":"3635087314211037817","potions_obtained":[{"floor":2,"key":"Regen Potion"},{"floor":7,"key":"Dexterity Potion"},{"floor":19,"key":"Block Potion"},{"floor":21,"key":"Dexterity Potion"},{"floor":21,"key":"EssenceOfSteel"},{"floor":21,"key":"SteroidPotion"},{"floor":25,"key":"Regen Potion"},{"floor":29,"key":"Swift Potion"},{"floor":31,"key":"BloodPotion"}],"is_trial":false,"path_per_floor":["M","M","?","?","$","R","M","E","T","R","M","E","R","M","R","B",null,"M","M","M","?","M","E","R","M","T","$","R","M","?","M","R","B"],"character_chosen":"IRONCLAD","items_purchased":["Metallicize","Cleave","PrismaticShard","True Grit","Inflame"],"campfire_rested":2,"item_purchase_floors":[5,5,27,27,27],"current_hp_per_floor":[83,82,82,82,82,82,86,70,70,70,46,29,55,46,46,48,78,82,83,61,61,65,50,50,37,37,37,37,41,25,28,54,0],"gold":76,"neow_bonus":"TEN_PERCENT_HP_BONUS","is_prod":false,"is_daily":false,"chose_seed":false,"campfire_upgraded":5,"win_rate":0,"timestamp":1550930514,"path_taken":["M","M","?","?","$","R","M","E","T","R","M","E","R","M","R","BOSS","M","M","?","?","M","E","R","M","T","$","R","M","?","M","R","BOSS"],"build_version":"2019-01-23","purchased_purges":1,"victory":false,"max_hp_per_floor":[88,88,88,88,88,88,88,88,88,88,88,88,88,88,88,88,88,88,88,88,88,88,88,88,88,88,88,88,88,88,88,88,88],"card_choices":[{"not_picked":["Warcry","Anger"],"picked":"Perfected Strike","floor":1},{"not_picked":["Feel No Pain","Rupture"],"picked":"Hemokinesis","floor":2},{"not_picked":["Thunderclap","True Grit","Flex"],"picked":"SKIP","floor":7},{"not_picked":["Burning Pact","Sentinel"],"picked":"Battle Trance","floor":8},{"not_picked":["Wild Strike","True Grit","Heavy Blade"],"picked":"SKIP","floor":11},{"not_picked":["Havoc","Iron Wave"],"picked":"Headbutt","floor":12},{"not_picked":["Havoc","Entrench"],"picked":"Pummel","floor":14},{"not_picked":["Exhume","Barricade"],"picked":"Bludgeon","floor":16},{"not_picked":["Anger","Sword Boomerang","Heavy Blade"],"picked":"SKIP","floor":18},{"not_picked":["Burning Pact","Iron Wave"],"picked":"Ghostly Armor+1","floor":19},{"not_picked":["Sword Boomerang","Havoc"],"picked":"Seeing Red","floor":20},{"not_picked":["Second Wind","Brutality"],"picked":"Pommel Strike","floor":22},{"not_picked":["Dark Embrace","Uppercut"],"picked":"Armaments","floor":23},{"not_picked":["Heavy Blade","Thunderclap"],"picked":"Shrug It Off","floor":25},{"not_picked":["Chill","Compile Driver","Redo"],"picked":"SKIP","floor":29},{"not_picked":["Quick Slash","Capacitor","Outmaneuver"],"picked":"SKIP","floor":31}],"player_experience":743780,"relics_obtained":[{"floor":8,"key":"Boot"},{"floor":9,"key":"Mummified Hand"},{"floor":12,"key":"Pen Nib"},{"floor":23,"key":"Whetstone"},{"floor":26,"key":"Juzu Bracelet"},{"floor":30,"key":"Enchiridion"}],"event_choices":[{"damage_healed":0,"gold_gain":0,"player_choice":"Grow","damage_taken":0,"max_hp_gain":0,"max_hp_loss":0,"event_name":"Living Wall","floor":3,"gold_loss":0,"cards_upgraded":["Bash"]},{"damage_healed":0,"gold_gain":0,"cards_transformed":["Strike_R"],"player_choice":"Transformed","damage_taken":0,"max_hp_gain":0,"max_hp_loss":0,"event_name":"Transmorgrifier","floor":4,"gold_loss":0,"cards_obtained":["Spot Weakness"]},{"damage_healed":0,"gold_gain":0,"player_choice":"Got Potions","damage_taken":0,"max_hp_gain":0,"max_hp_loss":0,"event_name":"Lab","floor":21,"gold_loss":0},{"damage_healed":0,"gold_gain":0,"player_choice":"Obtained Book","damage_taken":16,"max_hp_gain":0,"max_hp_loss":0,"event_name":"Cursed Tome","floor":30,"gold_loss":0}],"is_beta":false,"boss_relics":[{"not_picked":["Coffee Dripper","Velvet Choker"],"picked":"Cursed Key"}],"items_purged_floors":[27],"is_endless":false,"potions_floor_spawned":[2,7,19,25,29,31],"killed_by":"Champ","ascension_level":8}