{"gold_per_floor":[113,113,38,54,70,99,112,138,138,138,138,167,182,37,37,37],"floor_reached":16,"playtime":774,"items_purged":["Normality"],"score":168,"play_id":"ea658cff-1f5c-40c9-96f6-56d083c798f5","local_time":"20190115110109","is_ascension_mode":true,"campfire_choices":[{"data":"Zap","floor":10,"key":"SMITH"},{"floor":15,"key":"REST"}],"neow_cost":"CURSE","seed_source_timestamp":20287874202554,"circlet_count":0,"master_deck":["Strike_B","Strike_B","Strike_B","Strike_B+1","Defend_B","Defend_B","Defend_B+1","Defend_B","Zap+1","Dualcast","Auto Shields","FTL","Melter","Go for the Eyes","Conserve Battery","Rip and Tear"],"relics":["Cracked Core","Calipers","Gambling Chip","Cables","Dodecahedron","Bag of Marbles","PreservedInsect"],"potions_floor_usage":[6,8,12,16],"damage_taken":[{"damage":5,"enemies":"2 Louse","floor":1,"turns":3},{"damage":0,"enemies":"Small Slimes","floor":4,"turns":4},{"damage":0,"enemies":"Cultist","floor":5,"turns":3},{"damage":23,"enemies":"3 Sentries","floor":6,"turns":8},{"damage":0,"enemies":"2 Fungi Beasts","floor":7,"turns":3},{"damage":2,"enemies":"Gremlin Nob","floor":8,"turns":3},{"damage":19,"enemies":"Lagavulin","floor":12,"turns":4},{"damage":0,"enemies":"Blue Slaver","floor":13,"turns":2},{"damage":26,"enemies":"The Guardian","floor":16,"turns":8}],"seed_played":"2238423000533695446","potions_obtained":[{"floor":1,"key":"Poison Potion"},{"floor":4,"key":"Block Potion"},{"floor":6,"key":"SkillPotion"},{"floor":7,"key":"Ancient Potion"},{"floor":13,"key":"LiquidBronze"}],"is_trial":false,"path_per_floor":["M","?","$","M","M","E","M","E","T","R","?","E","M","$","R","B"],"character_chosen":"DEFECT","items_purchased":["PreservedInsect"],"campfire_rested":1,"item_purchase_floors":[14],"current_hp_per_floor":[63,48,48,48,48,25,25,23,23,23,23,4,4,4,26,0],"gold":37,"neow_bonus":"ONE_RARE_RELIC","is_prod":false,"is_daily":false,"chose_seed":false,"campfire_upgraded":1,"win_rate":0,"timestamp":1547571669,"path_taken":["M","?","$","M","M","E","M","E","T","R","?","E","M","$","R","BOSS"],"build_version":"2019-01-10","purchased_purges":1,"victory":false,"max_hp_per_floor":[75,75,75,75,75,75,75,75,75,75,75,75,75,75,75,75],"card_choices":[{"not_picked":["Streamline","Hologram"],"picked":"Auto Shields","floor":1},{"not_picked":["Loop","Rebound"],"picked":"FTL","floor":4},{"not_picked":["Beam Cell","Heatsinks"],"picked":"Melter","floor":5},{"not_picked":["Rebound","Creative AI"],"picked":"Go for the Eyes","floor":6},{"not_picked":["Redo","Lockon"],"picked":"Conserve Battery","floor":7},{"not_picked":["Leap","Compile Driver","Redo"],"picked":"SKIP","floor":8},{"not_picked":["Lockon","Hyperbeam"],"picked":"Rip and Tear","floor":12},{"not_picked":["Barrage","Aggregate","Doom and Gloom"],"picked":"SKIP","floor":13}],"player_experience":617661,"relics_obtained":[{"floor":6,"key":"Gambling Chip"},{"floor":8,"key":"Cables"},{"floor":9,"key":"Dodecahedron"},{"floor":12,"key":"Bag of Marbles"}],"event_choices":[{"damage_healed":0,"gold_gain":0,"player_choice":"Entered Light","damage_taken":15,"max_hp_gain":0,"max_hp_loss":0,"event_name":"Shining Light","floor":2,"gold_loss":0,"cards_upgraded":["Defend_B","Strike_B"]},{"damage_healed":0,"gold_gain":0,"player_choice":"Ignored","damage_taken":0,"max_hp_gain":0,"max_hp_loss":0,"event_name":"Liars Game","floor":11,"gold_loss":0}],"is_beta":false,"boss_relics":[],"items_purged_floors":[3],"is_endless":false,"potions_floor_spawned":[1,4,6,7,13],"killed_by":"The Guardian","ascension_level":8}