{"path_per_floor":["M","M","?","?","M","R","E","R","T","M","M","M","$","?","R"],"character_chosen":"THE_SILENT","items_purchased":["Dagger Throw","Panache","Bandage Up","Swift Potion"],"gold_per_floor":[118,129,129,379,392,392,424,424,450,470,487,507,50,50,50,50],"floor_reached":16,"campfire_rested":3,"playtime":1543,"current_hp_per_floor":[41,24,12,12,10,35,21,46,46,45,40,32,32,25,50,3],"items_purged":["Strike_G"],"gold":50,"score":107,"play_id":"95a5993e-f5da-44f7-8e02-6670a3356c21","local_time":"20180408004257","is_prod":false,"is_daily":false,"is_ascension_mode":true,"campfire_upgraded":0,"timestamp":1523162577,"path_taken":["M","M","?","?","M","R","E","R","T","?","M","M","$","?","R","BOSS"],"build_version":"2018-04-05v2","purchased_purges":1,"victory":false,"master_deck":["Defend_G","Defend_G","Defend_G","Defend_G","Defend_G","Strike_G","Strike_G","Strike_G","Survivor","Neutralize","Reflex","Flechettes","Regret","Underhanded Strike","Underhanded Strike","Calculated Gamble","Deflect","Eviscerate","Dagger Throw","Panache","Bandage Up"],"max_hp_per_floor":[84,84,84,84,84,84,84,84,84,84,84,84,84,84,84,84],"relics":["Ring of the Snake","Blue Candle","Kunai","Orichalcum"],"card_choices":[{"not_picked":["Finisher","Envenom"],"picked":"Reflex","floor":1},{"not_picked":["Quick Slash","Well Laid Plans"],"picked":"Flechettes","floor":2},{"not_picked":["Catalyst","Skewer"],"picked":"Underhanded Strike","floor":5},{"not_picked":["Crippling Poison","Blur"],"picked":"Underhanded Strike","floor":7},{"not_picked":["Well Laid Plans","Dagger Throw"],"picked":"Calculated Gamble","floor":10},{"not_picked":["Dash","PiercingWail"],"picked":"Deflect","floor":11},{"not_picked":["Escape Plan","PiercingWail"],"picked":"Eviscerate","floor":12}],"player_experience":220143,"potions_floor_usage":[7,16,16],"damage_taken":[{"damage":1,"enemies":"Cultist","floor":1,"turns":4},{"damage":17,"enemies":"Jaw Worm","floor":2,"turns":5},{"damage":2,"enemies":"Small Slimes","floor":5,"turns":3},{"damage":14,"enemies":"3 Sentries","floor":7,"turns":10},{"damage":1,"enemies":"Looter","floor":10,"turns":3},{"damage":5,"enemies":"Exordium Thugs","floor":11,"turns":4},{"damage":8,"enemies":"3 Louse","floor":12,"turns":5},{"damage":51,"enemies":"The Guardian","floor":16,"turns":12}],"event_choices":[{"event_name":"Scrap Ooze","player_choice":"success","floor":3,"damage_taken":12},{"event_name":"Golden Shrine","player_choice":"Desecrate","floor":4,"damage_taken":0},{"event_name":"Golden Wing","player_choice":"Card Removal","floor":14,"damage_taken":0}],"boss_relics":[],"potions_floor_spawned":[2,5],"seed_played":"8315645450759022568","killed_by":"The Guardian","ascension_level":1,"is_trial":false}