{"gold_per_floor":[119,131,199,199,37,69,94,114,114,142,142,417,417,33,33,128,128,145,145,145,145,76,76,76,76,76,76,103,103,134,134,134,234,234,249,209,309,319,374,404,404,404,485,820,820,780,169,169,169,169],"floor_reached":51,"playtime":2993,"items_purged":["Regret","Regret"],"score":1289,"play_id":"f1abd482-3cd7-4f6f-825a-59948cd58836","local_time":"20181105035550","is_ascension_mode":true,"campfire_choices":[{"floor":15,"key":"REST"},{"floor":23,"key":"REST"},{"data":"Corruption","floor":25,"key":"SMITH"},{"data":"RitualDagger","floor":27,"key":"SMITH"},{"data":"Feel No Pain","floor":32,"key":"SMITH"},{"data":"Corruption","floor":41,"key":"SMITH"},{"data":"Demon Form","floor":42,"key":"SMITH"},{"data":"Shrug It Off","floor":49,"key":"SMITH"}],"neow_cost":"NONE","seed_source_timestamp":42798146801361,"circlet_count":0,"master_deck":["Strike_R+1","Strike_R","Strike_R","Strike_R","Strike_R","Defend_R","Defend_R","Defend_R+1","Defend_R+1","Bash","Clash","Combust+1","Corruption+1","Clash","Sentinel","Wild Strike","Battle Trance","Shrug It Off","Rupture","Demon Form+1","Cleave","Evolve","RitualDagger+1","Entrench+1","Feel No Pain+1","Exhume","Havoc","Armaments+1","Corruption+1","Seeing Red+1","Shrug It Off+1"],"relics":["Black Blood","NeowsBlessing","Mummified Hand","Bag of Preparation","Boot","Pantograph","Juzu Bracelet","Torii","PreservedInsect","Dead Branch","Strawberry","Happy Flower","Runic Pyramid","Charon\u0027s Ashes","Gambling Chip","WingedGreaves","Sundial","Old Coin","Ornamental Fan","Self Forming Clay","FaceOfCleric"],"potions_floor_usage":[16,16,28,29,29,50,50],"damage_taken":[{"damage":0,"enemies":"Jaw Worm","floor":1,"turns":1},{"damage":0,"enemies":"Cultist","floor":2,"turns":1},{"damage":0,"enemies":"Gremlin Nob","floor":6,"turns":1},{"damage":4,"enemies":"2 Louse","floor":8,"turns":4},{"damage":35,"enemies":"3 Sentries","floor":10,"turns":6},{"damage":43,"enemies":"Hexaghost","floor":16,"turns":9},{"damage":25,"enemies":"Shell Parasite","floor":18,"turns":4},{"damage":15,"enemies":"Slavers","floor":28,"turns":2},{"damage":11,"enemies":"Colosseum Slavers","floor":29,"turns":4},{"damage":16,"enemies":"Book of Stabbing","floor":30,"turns":3},{"damage":7,"enemies":"Collector","floor":33,"turns":5},{"damage":19,"enemies":"3 Darklings","floor":35,"turns":4},{"damage":15,"enemies":"Mind Bloom Boss Battle","floor":37,"turns":3},{"damage":10,"enemies":"Orb Walker","floor":38,"turns":3},{"damage":9,"enemies":"2 Orb Walkers","floor":39,"turns":2},{"damage":1,"enemies":"Giant Head","floor":40,"turns":3},{"damage":2,"enemies":"Nemesis","floor":44,"turns":3},{"damage":44,"enemies":"Time Eater","floor":50,"turns":8}],"seed_played":"3804920891788872947","potions_obtained":[{"floor":2,"key":"Weak Potion"},{"floor":10,"key":"Dexterity Potion"},{"floor":16,"key":"SteroidPotion"},{"floor":19,"key":"Fire Potion"},{"floor":19,"key":"Explosive Potion"},{"floor":19,"key":"BloodPotion"},{"floor":28,"key":"SpeedPotion"},{"floor":30,"key":"AttackPotion"},{"floor":40,"key":"SteroidPotion"},{"floor":46,"key":"FairyPotion"},{"floor":46,"key":"Weak Potion"}],"is_trial":false,"path_per_floor":["M","M","?","?","$","E","T","M","T","E","?","?","?","$","R","B",null,"M","?","?","?","$","R","?","R","T","R","E","?","E","?","R","B",null,"M","?","?","M","?","E","R","R","T","E","?","?","$","?","R","B"],"character_chosen":"IRONCLAD","items_purchased":["Corruption","Clash","Shrug It Off","Rupture","PreservedInsect","Evolve","Ornamental Fan","Self Forming Clay","SpeedPotion","Shrug It Off"],"campfire_rested":2,"item_purchase_floors":[5,5,14,14,14,22,47,47,47,47],"current_hp_per_floor":[78,80,80,80,80,80,80,80,80,51,35,35,17,17,41,29,67,52,52,52,37,37,62,56,56,56,56,58,57,51,81,81,92,92,83,83,87,87,88,92,92,92,92,92,92,92,92,92,92,59],"gold":169,"neow_bonus":"THREE_ENEMY_KILL","is_prod":false,"is_daily":false,"chose_seed":false,"campfire_upgraded":6,"win_rate":0,"timestamp":1541386550,"path_taken":["M","M","?","?","$","E","?","M","T","E","?","?","?","$","R","BOSS","M","?","?","?","$","R","?","R","T","R","E","?","E","?","R","BOSS","M","?","?","M","?","E","R","R","T","E","?","?","$","?","R","BOSS"],"build_version":"2018-10-25v2","purchased_purges":2,"victory":true,"max_hp_per_floor":[80,80,80,80,80,80,80,80,80,80,80,80,80,80,80,80,80,80,80,80,85,85,85,85,85,85,85,92,92,92,92,92,92,92,92,92,92,92,92,92,92,92,92,92,92,92,92,92,92,93],"card_choices":[{"not_picked":["Warcry","Metallicize"],"picked":"Clash","floor":1},{"not_picked":["Twin Strike","Fire Breathing"],"picked":"Combust","floor":2},{"not_picked":["Armaments","True Grit"],"picked":"Sentinel","floor":6},{"not_picked":["Body Slam","Corruption"],"picked":"Wild Strike","floor":8},{"not_picked":["Pommel Strike","Heavy Blade"],"picked":"Battle Trance","floor":10},{"not_picked":["Impervious","Feed"],"picked":"Demon Form","floor":16},{"not_picked":["Spot Weakness","Havoc"],"picked":"Cleave","floor":18},{"not_picked":["Heavy Blade","Twin Strike"],"picked":"Entrench+1","floor":28},{"not_picked":["Inflame","Heavy Blade+1"],"picked":"Feel No Pain","floor":30},{"not_picked":["Bludgeon","Berserk"],"picked":"Exhume","floor":33},{"not_picked":["Perfected Strike+1","Battle Trance+1"],"picked":"Havoc","floor":35},{"not_picked":["Iron Wave+1","Headbutt+1"],"picked":"Armaments+1","floor":37},{"not_picked":["Havoc","Thunderclap","Heavy Blade+1"],"picked":"SKIP","floor":38},{"not_picked":["Cleave+1","Wild Strike"],"picked":"Corruption","floor":40},{"not_picked":["Infernal Blade","Headbutt"],"picked":"Seeing Red+1","floor":44}],"player_experience":231838,"relics_obtained":[{"floor":6,"key":"Bag of Preparation"},{"floor":7,"key":"Boot"},{"floor":9,"key":"Pantograph"},{"floor":10,"key":"Juzu Bracelet"},{"floor":26,"key":"Dead Branch"},{"floor":28,"key":"Strawberry"},{"floor":30,"key":"Happy Flower"},{"floor":37,"key":"Charon\u0027s Ashes"},{"floor":39,"key":"Gambling Chip"},{"floor":40,"key":"WingedGreaves"},{"floor":43,"key":"Sundial"},{"floor":44,"key":"Old Coin"}],"event_choices":[{"damage_healed":0,"gold_gain":68,"player_choice":"Gained Gold","damage_taken":0,"max_hp_gain":0,"max_hp_loss":0,"event_name":"Golden Wing","floor":3,"gold_loss":0},{"damage_healed":0,"gold_gain":0,"player_choice":"Box","damage_taken":0,"relics_obtained":["Mummified Hand"],"max_hp_gain":0,"max_hp_loss":0,"event_name":"Big Fish","floor":4,"gold_loss":0,"cards_obtained":["Regret"]},{"damage_healed":0,"gold_gain":0,"player_choice":"Entered Light","damage_taken":16,"max_hp_gain":0,"max_hp_loss":0,"event_name":"Shining Light","floor":11,"gold_loss":0,"cards_upgraded":["Defend_R","Defend_R"]},{"damage_healed":0,"gold_gain":275,"player_choice":"Desecrate","damage_taken":0,"max_hp_gain":0,"max_hp_loss":0,"event_name":"Golden Shrine","floor":12,"gold_loss":0,"cards_obtained":["Regret"]},{"damage_healed":0,"gold_gain":0,"player_choice":"Success","damage_taken":18,"relics_obtained":["Torii"],"max_hp_gain":0,"max_hp_loss":0,"event_name":"Scrap Ooze","floor":13,"gold_loss":0},{"damage_healed":0,"gold_gain":0,"player_choice":"Got Potions","damage_taken":0,"max_hp_gain":0,"max_hp_loss":0,"event_name":"The Lab","floor":19,"gold_loss":0},{"damage_healed":0,"gold_gain":0,"player_choice":"Ignored","damage_taken":0,"max_hp_gain":0,"max_hp_loss":0,"event_name":"The Mausoleum","floor":20,"gold_loss":0},{"damage_healed":0,"gold_gain":0,"player_choice":"Shed Blood","damage_taken":20,"max_hp_gain":5,"max_hp_loss":0,"event_name":"Forgotten Altar","floor":21,"gold_loss":0},{"damage_healed":0,"gold_gain":0,"player_choice":"Joined the Cult","damage_taken":6,"max_hp_gain":0,"max_hp_loss":0,"event_name":"Nest","floor":24,"gold_loss":0,"cards_obtained":["RitualDagger"]},{"damage_healed":0,"gold_gain":0,"player_choice":"Fight","damage_taken":0,"max_hp_gain":0,"max_hp_loss":0,"event_name":"Colosseum","floor":29,"gold_loss":0},{"damage_healed":0,"gold_gain":0,"player_choice":"Fled From Nobs","damage_taken":0,"max_hp_gain":0,"max_hp_loss":0,"event_name":"Colosseum","floor":29,"gold_loss":0},{"damage_healed":30,"gold_gain":0,"player_choice":"Heal","damage_taken":0,"max_hp_gain":0,"max_hp_loss":0,"event_name":"The Library","floor":31,"gold_loss":0},{"damage_healed":0,"gold_gain":0,"player_choice":"Upgraded Two","damage_taken":0,"max_hp_gain":0,"max_hp_loss":0,"event_name":"Designer","floor":36,"gold_loss":40,"cards_upgraded":["Combust","Strike_R"]},{"damage_healed":0,"gold_gain":0,"player_choice":"Fight","damage_taken":0,"max_hp_gain":0,"max_hp_loss":0,"event_name":"MindBloom","floor":37,"gold_loss":0},{"damage_healed":0,"gold_gain":0,"player_choice":"Fight","damage_taken":0,"max_hp_gain":0,"max_hp_loss":0,"event_name":"Mysterious Sphere","floor":39,"gold_loss":0},{"damage_healed":0,"gold_gain":0,"player_choice":"Ignored","damage_taken":0,"max_hp_gain":0,"max_hp_loss":0,"event_name":"Tomb of Lord Red Mask","floor":45,"gold_loss":0},{"damage_healed":0,"gold_gain":0,"player_choice":"Bought 3 Potions","damage_taken":0,"max_hp_gain":0,"max_hp_loss":0,"event_name":"The Woman in Blue","floor":46,"gold_loss":0},{"damage_healed":0,"gold_gain":0,"player_choice":"Trade","damage_taken":0,"relics_obtained":["FaceOfCleric"],"max_hp_gain":0,"max_hp_loss":0,"event_name":"FaceTrader","floor":48,"gold_loss":0}],"is_beta":false,"boss_relics":[{"not_picked":["Fusion Hammer","Astrolabe"],"picked":"Black Blood"},{"not_picked":["White Beast Statue","Eternal Feather"],"picked":"Runic Pyramid"}],"items_purged_floors":[5,14],"is_endless":false,"potions_floor_spawned":[2,10,16,28,30,40],"ascension_level":9}