{"gold_per_floor":[116,191,202,217,217,244,244,255,255,288,308,322,341,373,373,470,470,490,490],"floor_reached":19,"playtime":3649,"items_purged":[],"score":220,"play_id":"73643569-bdc3-40f7-af23-2dcf3d5952f9","local_time":"20190227003528","is_ascension_mode":true,"campfire_choices":[{"floor":7,"key":"REST"},{"floor":15,"key":"REST"}],"neow_cost":"NONE","seed_source_timestamp":0,"circlet_count":0,"master_deck":["Strike_R","Strike_R","Strike_R","Strike_R","Defend_R","Defend_R","Defend_R","Defend_R","Bash","Juggernaut","Ghostly Armor","Thunderclap","Armaments","True Grit","Iron Wave","Shrug It Off","Inflame","Wild Strike","Dual Wield","Fiend Fire","Intimidate","Juggernaut","Wild Strike"],"special_seed":0,"relics":["Burning Blood","Question Card","Self Forming Clay","Oddly Smooth Stone","Paper Frog","Runic Pyramid"],"potions_floor_usage":[14,16,16],"damage_taken":[{"damage":6,"enemies":"Cultist","floor":1,"turns":4},{"damage":7,"enemies":"Small Slimes","floor":3,"turns":4},{"damage":7,"enemies":"Jaw Worm","floor":4,"turns":3},{"damage":48,"enemies":"Lagavulin","floor":6,"turns":8},{"damage":6,"enemies":"Blue Slaver","floor":8,"turns":4},{"damage":10,"enemies":"3 Sentries","floor":10,"turns":8},{"damage":3,"enemies":"Exordium Wildlife","floor":11,"turns":6},{"damage":0,"enemies":"Gremlin Gang","floor":12,"turns":5},{"damage":5,"enemies":"Looter","floor":13,"turns":3},{"damage":30,"enemies":"Lagavulin","floor":14,"turns":6},{"damage":22,"enemies":"Slime Boss","floor":16,"turns":11},{"damage":9,"enemies":"Shell Parasite","floor":18,"turns":4},{"damage":31,"enemies":"Colosseum Slavers","floor":19,"turns":7},{"damage":57,"enemies":"Colosseum Nobs","floor":19,"turns":5}],"seed_played":"-6975860541561590805","potions_obtained":[{"floor":1,"key":"LiquidBronze"},{"floor":8,"key":"PowerPotion"},{"floor":10,"key":"GamblersBrew"},{"floor":14,"key":"LiquidBronze"}],"is_trial":false,"path_per_floor":["M","?","M","M","?","E","R","M","T","E","M","M","M","E","R","B",null,"M","?"],"character_chosen":"IRONCLAD","items_purchased":[],"campfire_rested":2,"item_purchase_floors":[],"current_hp_per_floor":[80,69,68,67,67,25,49,49,49,45,48,54,55,31,55,39,80,77,0],"gold":490,"neow_bonus":"ONE_RANDOM_RARE_CARD","is_prod":false,"is_daily":false,"chose_seed":false,"campfire_upgraded":0,"win_rate":0,"timestamp":1551245728,"path_taken":["M","?","M","M","?","E","R","M","T","E","M","?","M","E","R","BOSS","M","?"],"build_version":"2019-01-23","purchased_purges":0,"victory":false,"max_hp_per_floor":[80,80,80,80,80,80,80,80,80,80,80,80,80,80,80,80,80,80,80],"card_choices":[{"not_picked":["Evolve","True Grit"],"picked":"Ghostly Armor","floor":1},{"not_picked":["Hemokinesis","Warcry"],"picked":"Thunderclap","floor":3},{"not_picked":["Iron Wave","Perfected Strike"],"picked":"Armaments","floor":4},{"not_picked":["Armaments","Fire Breathing"],"picked":"Iron Wave","floor":6},{"not_picked":["Twin Strike","Feel No Pain","True Grit"],"picked":"Shrug It Off","floor":8},{"not_picked":["Flex","True Grit","Dropkick"],"picked":"Inflame","floor":10},{"not_picked":["Flex","Armaments","Corruption"],"picked":"Wild Strike","floor":11},{"not_picked":["Reckless Charge","Clash","Whirlwind"],"picked":"Dual Wield","floor":12},{"not_picked":["Twin Strike","True Grit","Rupture"],"picked":"Fiend Fire","floor":13},{"not_picked":["Thunderclap","Flex","Heavy Blade"],"picked":"Intimidate","floor":14},{"not_picked":["Reaper","Feed","Offering"],"picked":"Juggernaut","floor":16},{"not_picked":["Uppercut+1","Perfected Strike","Headbutt"],"picked":"Wild Strike","floor":18}],"player_experience":483058,"relics_obtained":[{"floor":6,"key":"Question Card"},{"floor":9,"key":"Self Forming Clay"},{"floor":10,"key":"Oddly Smooth Stone"},{"floor":14,"key":"Paper Frog"}],"event_choices":[{"damage_healed":0,"gold_gain":75,"player_choice":"Gather Gold","damage_taken":11,"max_hp_gain":0,"max_hp_loss":0,"event_name":"World of Goop","floor":2,"gold_loss":0},{"damage_healed":0,"gold_gain":0,"cards_transformed":["Strike_R"],"player_choice":"Transformed","damage_taken":0,"max_hp_gain":0,"max_hp_loss":0,"event_name":"Transmorgrifier","floor":5,"gold_loss":0,"cards_obtained":["True Grit"]},{"damage_healed":0,"gold_gain":0,"player_choice":"Fight","damage_taken":0,"max_hp_gain":0,"max_hp_loss":0,"event_name":"Colosseum","floor":19,"gold_loss":0},{"damage_healed":0,"gold_gain":0,"player_choice":"Fought Nobs","damage_taken":0,"max_hp_gain":0,"max_hp_loss":0,"event_name":"Colosseum","floor":19,"gold_loss":0}],"is_beta":false,"boss_relics":[{"not_picked":["Velvet Choker","Orrery"],"picked":"Runic Pyramid"}],"items_purged_floors":[],"is_endless":false,"potions_floor_spawned":[1,8,10,14],"killed_by":"Colosseum Nobs","ascension_level":3}