{"gold_per_floor":[118,193,69,81,13,13,26,26,26,42,42,61,61,73,73,174,174,155,155,15,114,39,39,39],"floor_reached":24,"playtime":1088,"items_purged":["Strike_R"],"score":184,"play_id":"bc46f454-9493-484f-85be-5c754456f6a2","local_time":"20181123190300","is_ascension_mode":false,"campfire_choices":[{"floor":6,"key":"RECALL"},{"data":"Metallicize","floor":8,"key":"SMITH"},{"data":"True Grit","floor":13,"key":"SMITH"},{"data":"Sentinel","floor":15,"key":"SMITH"},{"data":"Body Slam","floor":23,"key":"SMITH"}],"neow_cost":"NONE","seed_source_timestamp":500451474391406,"circlet_count":0,"master_deck":["Strike_R","Defend_R","Defend_R","Defend_R","Defend_R","Bash+1","Iron Wave","Armaments","Burning Pact","Metallicize+1","Twin Strike","Cleave","True Grit+1","Sentinel+1","Offering","Shrug It Off","Body Slam+1","Evolve","Shrug It Off","Flex","Ghostly Armor","Shrug It Off","Barricade"],"relics":["Burning Blood","Orichalcum","Orrery"],"potions_floor_usage":[16,16,16],"damage_taken":[{"damage":15,"enemies":"Small Slimes","floor":1,"turns":4},{"damage":1,"enemies":"Cultist","floor":4,"turns":4},{"damage":11,"enemies":"Jaw Worm","floor":7,"turns":5},{"damage":4,"enemies":"2 Fungi Beasts","floor":10,"turns":6},{"damage":3,"enemies":"3 Louse","floor":12,"turns":5},{"damage":3,"enemies":"Red Slaver","floor":14,"turns":5},{"damage":72,"enemies":"Hexaghost","floor":16,"turns":20},{"damage":13,"enemies":"2 Thieves","floor":18,"turns":4},{"damage":82,"enemies":"Slavers","floor":24,"turns":5}],"seed_played":"-633567440704278224","potions_obtained":[{"floor":7,"key":"Energy Potion"},{"floor":10,"key":"AttackPotion"},{"floor":12,"key":"Swift Potion"},{"floor":16,"key":"Ancient Potion"}],"is_trial":false,"path_per_floor":["M","?","$","M","$","R","M","R","T","M","?","M","R","M","R","B",null,"M","?","$","?","?","R","E"],"character_chosen":"IRONCLAD","items_purchased":["Armaments","Metallicize","Barricade"],"campfire_rested":0,"item_purchase_floors":[3,5,20],"current_hp_per_floor":[71,60,60,65,65,65,60,60,60,62,80,80,80,80,80,14,80,73,73,73,73,73,73,0],"gold":39,"neow_bonus":"UPGRADE_CARD","is_prod":false,"is_daily":false,"chose_seed":false,"campfire_upgraded":4,"win_rate":0,"timestamp":1542996180,"path_taken":["M","?","$","M","$","R","M","R","T","M","?","M","R","?","R","BOSS","M","?","$","?","?","R","E"],"build_version":"2018-11-15","purchased_purges":1,"victory":false,"max_hp_per_floor":[80,80,80,80,80,80,80,80,80,80,80,80,80,80,80,80,80,80,80,80,80,80,80,80],"card_choices":[{"not_picked":["Heavy Blade","Clothesline"],"picked":"Iron Wave","floor":1},{"not_picked":["Clash","Combust"],"picked":"Burning Pact","floor":4},{"not_picked":["Searing Blow","Heavy Blade"],"picked":"Twin Strike","floor":7},{"not_picked":["Sword Boomerang","Perfected Strike"],"picked":"Cleave","floor":10},{"not_picked":["Double Tap","Heavy Blade"],"picked":"True Grit","floor":12},{"not_picked":["Cleave","Fire Breathing"],"picked":"Sentinel","floor":14},{"not_picked":["Brutality","Immolate"],"picked":"Offering","floor":16},{"not_picked":["Cleave","Twin Strike"],"picked":"Shrug It Off","floor":17},{"not_picked":["Sword Boomerang","Bloodletting"],"picked":"Body Slam","floor":17},{"not_picked":["Searing Blow","Disarm"],"picked":"Evolve","floor":17},{"not_picked":["Carnage","Sentinel"],"picked":"Shrug It Off","floor":17},{"not_picked":["Sentinel","Warcry"],"picked":"Flex","floor":17},{"not_picked":["Sword Boomerang","Clash","Bludgeon"],"picked":"SKIP","floor":18}],"player_experience":336345,"relics_obtained":[{"floor":9,"key":"Orichalcum"}],"event_choices":[{"damage_healed":0,"gold_gain":75,"player_choice":"Gather Gold","damage_taken":11,"max_hp_gain":0,"max_hp_loss":0,"event_name":"World of Goop","floor":2,"gold_loss":0},{"damage_healed":18,"gold_gain":0,"player_choice":"Full Heal","damage_taken":0,"max_hp_gain":0,"max_hp_loss":0,"event_name":"Wheel of Change","floor":11,"gold_loss":0},{"damage_healed":0,"gold_gain":0,"cards_transformed":["Strike_R","Strike_R"],"player_choice":"Became Test Subject","damage_taken":0,"max_hp_gain":0,"max_hp_loss":0,"event_name":"Drug Dealer","floor":19,"gold_loss":0,"cards_obtained":["Ghostly Armor","Shrug It Off"]},{"damage_healed":0,"gold_gain":99,"player_choice":"Stole From Cult","damage_taken":0,"max_hp_gain":0,"max_hp_loss":0,"event_name":"Nest","floor":21,"gold_loss":0},{"cards_removed":["Strike_R"],"damage_healed":0,"gold_gain":0,"player_choice":"Gave Gold","damage_taken":0,"max_hp_gain":0,"max_hp_loss":0,"event_name":"Beggar","floor":22,"gold_loss":75}],"is_beta":false,"boss_relics":[{"not_picked":["Lizard Tail","Eternal Feather"],"picked":"Orrery"}],"items_purged_floors":[3],"is_endless":false,"potions_floor_spawned":[7,10,12,16],"killed_by":"Slavers","ascension_level":0}