{"gold_per_floor":[117,2,22,22,39,39,74,74,99,119,119,139,90,110,110,207,207,207],"floor_reached":18,"playtime":745,"items_purged":["Strike_G"],"score":203,"play_id":"3b295ebc-185b-4004-8aed-a095e2786f72","local_time":"20181221193845","is_ascension_mode":true,"campfire_choices":[{"data":"Neutralize","floor":6,"key":"SMITH"},{"data":"Noxious Fumes","floor":8,"key":"SMITH"},{"data":"Well Laid Plans","floor":11,"key":"SMITH"},{"data":"Footwork","floor":15,"key":"SMITH"}],"neow_cost":"NONE","seed_source_timestamp":2844941290227,"circlet_count":0,"master_deck":["Defend_G","Defend_G","Defend_G","Defend_G","Defend_G","Strike_G+1","Strike_G+1","Strike_G","Strike_G","Survivor","Neutralize+1","Backflip","Noxious Fumes+1","Poisoned Stab","Flying Knee","Well Laid Plans+1","Deflect","Footwork+1","Flying Knee","Adrenaline"],"relics":["Ring of the Snake","Ancient Tea Set","Potion Belt","Fusion Hammer"],"potions_floor_usage":[7,12,16],"damage_taken":[{"damage":1,"enemies":"Small Slimes","floor":1,"turns":5},{"damage":3,"enemies":"Jaw Worm","floor":3,"turns":5},{"damage":0,"enemies":"2 Louse","floor":5,"turns":2},{"damage":17,"enemies":"3 Sentries","floor":7,"turns":8},{"damage":0,"enemies":"2 Fungi Beasts","floor":10,"turns":3},{"damage":0,"enemies":"Large Slime","floor":12,"turns":5},{"damage":10,"enemies":"3 Louse","floor":14,"turns":3},{"damage":16,"enemies":"Slime Boss","floor":16,"turns":13},{"damage":0,"enemies":"Shell Parasite","floor":18,"turns":1}],"seed_played":"3123866030637593968","potions_obtained":[{"floor":3,"key":"Weak Potion"},{"floor":5,"key":"Energy Potion"},{"floor":12,"key":"SteroidPotion"},{"floor":14,"key":"AttackPotion"}],"is_trial":false,"path_per_floor":["M","$","M","?","M","R","E","R","T","M","R","M","?","M","R","B",null,"M"],"character_chosen":"THE_SILENT","items_purchased":["Noxious Fumes"],"campfire_rested":0,"item_purchase_floors":[2],"current_hp_per_floor":[69,69,66,52,52,52,35,35,35,35,35,35,35,25,25,9,55,55],"gold":207,"neow_bonus":"RANDOM_COMMON_RELIC","is_prod":false,"is_daily":false,"chose_seed":false,"campfire_upgraded":4,"win_rate":0,"timestamp":1545417525,"path_taken":["M","$","M","?","M","R","E","R","T","M","R","M","?","M","R","BOSS","M"],"build_version":"2018-12-20","purchased_purges":1,"victory":false,"max_hp_per_floor":[70,70,70,70,70,70,70,70,70,70,70,70,70,70,70,70,70,70],"card_choices":[{"not_picked":["Blade Dance","Predator"],"picked":"Backflip","floor":1},{"not_picked":["Flechettes","Calculated Gamble"],"picked":"Poisoned Stab","floor":3},{"not_picked":["Skewer","Acrobatics"],"picked":"Flying Knee","floor":5},{"not_picked":["Crippling Poison","Deadly Poison"],"picked":"Well Laid Plans","floor":7},{"not_picked":["Quick Slash","Acrobatics"],"picked":"Deflect","floor":10},{"not_picked":["Endless Agony","Die Die Die"],"picked":"Footwork","floor":12},{"not_picked":["Poisoned Stab","Well Laid Plans"],"picked":"Flying Knee","floor":14},{"not_picked":["Corpse Explosion","A Thousand Cuts"],"picked":"Adrenaline","floor":16}],"player_experience":431649,"relics_obtained":[{"floor":7,"key":"Potion Belt"}],"event_choices":[{"damage_healed":0,"gold_gain":0,"player_choice":"Entered Light","damage_taken":14,"max_hp_gain":0,"max_hp_loss":0,"event_name":"Shining Light","floor":4,"gold_loss":0,"cards_upgraded":["Strike_G","Strike_G"]},{"damage_healed":0,"gold_gain":0,"player_choice":"Left Gold","damage_taken":0,"max_hp_gain":0,"max_hp_loss":0,"event_name":"World of Goop","floor":13,"gold_loss":49}],"is_beta":false,"boss_relics":[{"not_picked":["Ectoplasm","Empty Cage"],"picked":"Fusion Hammer"}],"items_purged_floors":[2],"is_endless":false,"potions_floor_spawned":[3,5,12,14],"killed_by":"Shell Parasite","ascension_level":5}