{"gold_per_floor":[119,119,8,283,307,53,53,53,77,98,98,121,159,179,179,305,305,320,59,59,59,79,110,110,110,110,123,48,48,68,29,29,157,157,173,173,187,187,202,220,235,38,38,38,62,86,130,154,154,154],"floor_reached":51,"playtime":2977,"items_purged":["Parasite","Regret"],"score":772,"play_id":"a54a4bd7-a79e-4ba3-a5d0-67ba1fdee53e","local_time":"20190303195403","is_ascension_mode":false,"campfire_choices":[{"data":"Slimebound:MassFeed","floor":7,"key":"SMITH"},{"data":"Slimebound:Chomp","floor":11,"key":"SMITH"},{"floor":15,"key":"REST"},{"floor":24,"key":"REST"},{"data":"Slimebound:SlimeBarrage","floor":32,"key":"SMITH"},{"data":"Apotheosis","floor":44,"key":"SMITH"},{"data":"Slimebound:SuperSplit","floor":49,"key":"SMITH"}],"neow_cost":"CURSE","seed_source_timestamp":16136600975739,"circlet_count":0,"master_deck":["Slimebound:Strike_Slimebound","Slimebound:Strike_Slimebound","Slimebound:Strike_Slimebound+1","Slimebound:Defend_Slimebound","Slimebound:Defend_Slimebound","Slimebound:Defend_Slimebound","Slimebound:Defend_Slimebound","Slimebound:Split","Slimebound:CorrosiveSpit","Slimebound:MassFeed+1","Slimebound:FinishingTackle+1","Slimebound:Chomp+1","Slimebound:ProtectTheBoss","Slimebound:SplitLeeching","Slimebound:SuperSplit+1","Slimebound:FormABlockade","Slimebound:ProtectTheBoss","Slimebound:PrepareCrush","Slimebound:ProtectTheBoss","Slimebound:LeadByExample","Ghostly","Ghostly","Ghostly","Ghostly","Ghostly","Slimebound:SlimeBarrage+1","Slimebound:SplitBruiser+1","Slimebound:LeadByExample","Slimebound:DivideAndConquer+1","Apotheosis+1"],"relics":["Slimebound:AbsorbEndCombat","Golden Idol","Centennial Puzzle","Blue Candle","Regal Pillow","Whetstone","Busted Crown","Slimebound:AggressiveSlimeRelic","Lantern","Letter Opener","Bag of Marbles","Singing Bowl","White Beast Statue","StoneCalendar","Dream Catcher","Art of War"],"potions_floor_usage":[23,23,50,50,50],"damage_taken":[{"damage":12,"enemies":"Jaw Worm","floor":1,"turns":6},{"damage":12,"enemies":"Cultist","floor":5,"turns":4},{"damage":4,"enemies":"2 Louse","floor":10,"turns":3},{"damage":10,"enemies":"Large Slime","floor":12,"turns":5},{"damage":38,"enemies":"3 Sentries","floor":13,"turns":10},{"damage":11,"enemies":"Exordium Thugs","floor":14,"turns":6},{"damage":32,"enemies":"The Guardian","floor":16,"turns":10},{"damage":28,"enemies":"Spheric Guardian","floor":18,"turns":4},{"damage":42,"enemies":"3 Byrds","floor":22,"turns":5},{"damage":72,"enemies":"Book of Stabbing","floor":23,"turns":6},{"damage":13,"enemies":"Centurion and Healer","floor":27,"turns":9},{"damage":10,"enemies":"Snecko","floor":30,"turns":6},{"damage":20,"enemies":"Champ","floor":33,"turns":12},{"damage":12,"enemies":"3 Shapes","floor":35,"turns":7},{"damage":14,"enemies":"3 Darklings","floor":37,"turns":6},{"damage":14,"enemies":"Jaw Worm Horde","floor":39,"turns":5},{"damage":17,"enemies":"Writhing Mass","floor":40,"turns":6},{"damage":12,"enemies":"4 Shapes","floor":41,"turns":4},{"damage":10,"enemies":"Spire Growth","floor":46,"turns":5},{"damage":22,"enemies":"Reptomancer","floor":47,"turns":9},{"damage":24,"enemies":"Maw","floor":48,"turns":7},{"damage":45,"enemies":"Donu and Deca","floor":50,"turns":10}],"seed_played":"2848406330980985568","potions_obtained":[{"floor":5,"key":"Swift Potion"},{"floor":14,"key":"PowerPotion"},{"floor":16,"key":"Explosive Potion"},{"floor":30,"key":"AttackPotion"},{"floor":33,"key":"Block Potion"},{"floor":35,"key":"EssenceOfSteel"},{"floor":41,"key":"Slimebound:SlimyTonguePotion"}],"is_trial":false,"path_per_floor":["?","?","M","T","?","?","M","?","?","T","M","?","?","T"],"character_chosen":"SLIMEBOUND","items_purchased":["Slimebound:Chomp","Centennial Puzzle","Slimebound:AggressiveSlimeRelic","Slimebound:FormABlockade","Slimebound:ProtectTheBoss","Slimebound:LeadByExample","Apotheosis"],"campfire_rested":2,"item_purchase_floors":[3,6,19,19,19,31,42],"current_hp_per_floor":[63,48,48,48,48,48,48,48,48,54,54,54,24,17,55,36,83,73,73,73,73,58,21,62,43,43,43,43,43,47,47,47,53,53,55,55,55,57,67,69,75,75,75,75,75,77,79,81,81,71],"gold":154,"neow_bonus":"THREE_RARE_CARDS","is_prod":false,"is_daily":false,"chose_seed":false,"campfire_upgraded":5,"win_rate":0.0,"timestamp":1551639243,"path_taken":["M","?","$","?","?","$","R","?","T","M","R","M","E","M","R","BOSS","M","$","?","?","?","E","R","?","T","M","?","?","?","$","R","BOSS","M","?","M","?","M","M","M","$","T","R","?","M","E","M","R","BOSS"],"build_version":"2019-01-23","purchased_purges":2,"victory":true,"max_hp_per_floor":[63,63,60,60,63,63,63,63,63,71,71,79,79,79,79,83,83,83,83,83,83,87,87,87,43,43,43,43,43,47,47,47,53,53,55,55,55,57,67,69,75,75,75,75,75,77,79,81,81,81],"card_choices":[{"not_picked":["Slimebound:DuplicatedForm","Slimebound:OozeBath"],"picked":"Slimebound:MassFeed","floor":0},{"not_picked":["Slimebound:ComboTackle","Slimebound:RollThrough"],"picked":"Slimebound:FinishingTackle","floor":1},{"not_picked":["Slimebound:RejuvenatingLick","Slimebound:MegaLick"],"picked":"Slimebound:ProtectTheBoss","floor":5},{"not_picked":["Slimebound:Repurpose","Slimebound:PressTheAttack","Slimebound:DivideAndConquer"],"picked":"SKIP","floor":10},{"not_picked":["Slimebound:Prepare","Slimebound:Chomp","Slimebound:PressTheAttack"],"picked":"SKIP","floor":12},{"not_picked":["Slimebound:ItLooksTasty","Slimebound:ViciousTackle"],"picked":"Slimebound:ProtectTheBoss","floor":13},{"not_picked":["Slimebound:SamplingLick","Slimebound:AcidGelatin"],"picked":"Slimebound:SplitLeeching","floor":14},{"not_picked":["Slimebound:PrepareCrush","Slimebound:Teamwork"],"picked":"Slimebound:SuperSplit","floor":16},{"not_picked":["Slimebound:DivideAndConquer"],"picked":"SKIP","floor":18},{"not_picked":[],"picked":"Slimebound:LeadByExample","floor":22},{"not_picked":["Slimebound:RainOfGoop+1"],"picked":"SKIP","floor":23},{"not_picked":[],"picked":"Slimebound:SlimeBarrage","floor":27},{"not_picked":[],"picked":"Slimebound:SplitBruiser+1","floor":30},{"not_picked":["Slimebound:CheckThePlaybook"],"picked":"Singing Bowl","floor":33},{"not_picked":["Slimebound:LeechEnergy"],"picked":"Singing Bowl","floor":35},{"not_picked":[],"picked":"Slimebound:DivideAndConquer+1","floor":37},{"not_picked":["Impatience"],"picked":"Singing Bowl","floor":38},{"not_picked":["Slimebound:PoisonLick"],"picked":"Singing Bowl","floor":39},{"not_picked":["Slimebound:FirmFortitude+1"],"picked":"Singing Bowl","floor":40},{"not_picked":["Slimebound:GrowthPunch"],"picked":"Singing Bowl","floor":41},{"not_picked":["Slimebound:MegaLick+1"],"picked":"Singing Bowl","floor":46},{"not_picked":["Slimebound:LeechEnergy"],"picked":"Singing Bowl","floor":47},{"not_picked":["Slimebound:RejuvenatingLick"],"picked":"Singing Bowl","floor":48}],"player_experience":357129,"relics_obtained":[{"floor":8,"key":"Blue Candle"},{"floor":9,"key":"Regal Pillow"},{"floor":13,"key":"Whetstone"},{"floor":23,"key":"Letter Opener"},{"floor":26,"key":"Bag of Marbles"},{"floor":29,"key":"Singing Bowl"},{"floor":43,"key":"StoneCalendar"},{"floor":45,"key":"Dream Catcher"},{"floor":47,"key":"Art of War"}],"event_choices":[{"damage_healed":0,"gold_gain":0,"player_choice":"Take Damage","damage_taken":15,"relics_obtained":["Golden Idol"],"max_hp_gain":0,"max_hp_loss":0,"event_name":"Golden Idol","floor":2,"gold_loss":0},{"damage_healed":0,"gold_gain":275,"player_choice":"Desecrate","damage_taken":0,"max_hp_gain":0,"max_hp_loss":0,"event_name":"Golden Shrine","floor":4,"gold_loss":0,"cards_obtained":["Regret"]},{"damage_healed":0,"gold_gain":0,"player_choice":"Opened","damage_taken":0,"relics_obtained":["Lantern"],"max_hp_gain":0,"max_hp_loss":0,"event_name":"The Mausoleum","floor":20,"gold_loss":0},{"damage_healed":0,"gold_gain":0,"player_choice":"2 cards matched","damage_taken":0,"max_hp_gain":0,"max_hp_loss":0,"event_name":"Match and Keep!","floor":21,"gold_loss":0,"cards_obtained":["Slimebound:PrepareCrush","Slimebound:ProtectTheBoss"]},{"damage_healed":0,"gold_gain":0,"player_choice":"Became a Ghost","damage_taken":0,"max_hp_gain":0,"max_hp_loss":44,"event_name":"Ghosts","floor":25,"gold_loss":0,"cards_obtained":["Ghostly","Ghostly","Ghostly","Ghostly","Ghostly"]},{"cards_removed":["Slimebound:Strike_Slimebound"],"damage_healed":0,"gold_gain":0,"player_choice":"Gave Gold","damage_taken":0,"max_hp_gain":0,"max_hp_loss":0,"event_name":"Beggar","floor":28,"gold_loss":75},{"cards_removed":["Slimebound:ProtectTheBoss"],"damage_healed":0,"gold_gain":0,"player_choice":"Removed Skill","damage_taken":0,"max_hp_gain":0,"max_hp_loss":0,"event_name":"Falling","floor":36,"gold_loss":0},{"damage_healed":0,"gold_gain":0,"player_choice":"Memory 1","damage_taken":0,"max_hp_gain":0,"max_hp_loss":0,"event_name":"SensoryStone","floor":38,"gold_loss":0}],"is_beta":false,"boss_relics":[{"not_picked":["Black Star","Lizard Tail"],"picked":"Busted Crown"},{"not_picked":["Snecko Eye","Eternal Feather"],"picked":"White Beast Statue"}],"items_purged_floors":[3,6],"is_endless":false,"potions_floor_spawned":[5,14,16,18,30,33,35,37,39,40,41,46,47,48],"ascension_level":0}