{"path_per_floor":["M","M","?","?","M","R","E","M","T","R","?","$","E","M","R"],"character_chosen":"THE_SILENT","items_purchased":["All Out Attack"],"gold_per_floor":[109,122,177,177,197,197,227,242,242,242,242,90,120,137,137,137],"floor_reached":16,"campfire_rested":3,"playtime":2104,"current_hp_per_floor":[62,61,61,49,44,65,22,22,22,43,43,43,7,1,22,4],"items_purged":["Strike_G"],"gold":137,"score":116,"play_id":"fe4bbc61-ad40-4518-9932-2c4e99703bef","local_time":"20180422033434","is_prod":false,"is_daily":false,"chose_seed":false,"is_ascension_mode":true,"campfire_upgraded":0,"timestamp":1524382474,"path_taken":["M","M","?","?","M","R","E","M","T","R","?","$","E","M","R","BOSS"],"build_version":"2018-04-19","seed_source_timestamp":0,"purchased_purges":1,"victory":false,"master_deck":["Defend_G","Defend_G","Defend_G","Defend_G","Defend_G","Strike_G","Strike_G","Strike_G","Survivor","Neutralize","Venomology","Setup","Masterful Stab","Underhanded Strike","All Out Attack","Calculated Gamble","All Out Attack+1","Concentrate","Slice+1"],"max_hp_per_floor":[70,70,70,70,70,70,70,70,70,70,70,70,70,70,70,70],"relics":["Ring of the Snake","Blue Candle","Anchor","Molten Egg 2","Dead Branch"],"card_choices":[{"not_picked":["Quick Slash","Calculated Gamble"],"picked":"Setup","floor":1},{"not_picked":["Backflip","Underhanded Strike"],"picked":"Masterful Stab","floor":2},{"not_picked":["Prepared","Crippling Poison"],"picked":"Underhanded Strike","floor":5},{"not_picked":["Crippling Poison","Catalyst"],"picked":"All Out Attack","floor":7},{"not_picked":["Prepared","Malaise"],"picked":"Calculated Gamble","floor":8},{"not_picked":["Quick Slash","Footwork"],"picked":"Concentrate","floor":13},{"not_picked":["Dagger Throw","Deadly Poison"],"picked":"Slice","floor":14}],"player_experience":275164,"potions_floor_usage":[2,7,7,13,13,14,14,16],"damage_taken":[{"damage":8,"enemies":"Jaw Worm","floor":1,"turns":7},{"damage":1,"enemies":"2 Louse","floor":2,"turns":3},{"damage":5,"enemies":"Small Slimes","floor":5,"turns":5},{"damage":58,"enemies":"3 Sentries","floor":7,"turns":15},{"damage":0,"enemies":"3 Louse","floor":8,"turns":2},{"damage":36,"enemies":"Gremlin Nob","floor":13,"turns":5},{"damage":6,"enemies":"Exordium Wildlife","floor":14,"turns":3},{"damage":18,"enemies":"Slime Boss","floor":16,"turns":9}],"event_choices":[{"event_name":"Golden Wing","player_choice":"Gained Gold","floor":3,"damage_taken":0},{"event_name":"Scrap Ooze","player_choice":"success","floor":4,"damage_taken":12},{"event_name":"Living Wall","player_choice":"Forget","floor":11,"damage_taken":0}],"boss_relics":[],"potions_floor_spawned":[1,2,7,13],"seed_played":"-6698637404618700576","killed_by":"Slime Boss","ascension_level":1,"is_trial":false}