{"gold_per_floor":[19,19,33,108,118,118,146,166,189,203,203,234,6,18,18,122,122,138,138,238,120,35,35,35,35,112,143,143,175,185,195,195,292,292,311,311,363,377,22,55,55,73,125,140,140,156,176,196,196,196],"floor_reached":50,"playtime":5883,"items_purged":["Strike_G","Strike_G"],"score":573,"play_id":"d7e4d8ad-ce81-4804-9260-054f8cff60d1","local_time":"20190304154406","is_ascension_mode":true,"campfire_choices":[{"data":"Infinite Blades","floor":6.0,"key":"SMITH"},{"floor":11,"key":"REST"},{"floor":15,"key":"REST"},{"floor":23,"key":"REST"},{"data":"A Thousand Cuts","floor":25,"key":"SMITH"},{"data":"Terror","floor":28,"key":"SMITH"},{"floor":32,"key":"REST"},{"data":"Infinite Blades","floor":41,"key":"SMITH"},{"floor":49,"key":"REST"}],"neow_cost":"NO_GOLD","seed_source_timestamp":0,"circlet_count":0,"master_deck":["Defend_G","Defend_G","Defend_G","Defend_G+1","Defend_G","Strike_G","Strike_G","Survivor","Neutralize","Deflect","Slice","Infinite Blades+1","Blur","Dodge and Roll","Blade Dance","Panache","Blur","A Thousand Cuts+1","Cloak And Dagger","Dodge and Roll+1","Terror+1","Infinite Blades+1","Storm of Steel","Cloak And Dagger","Well Laid Plans","Phantasmal Killer","Acrobatics+1","Blade Dance+1","Deflect","Cloak And Dagger","Backstab","Burst"],"special_seed":0,"relics":["Ring of the Snake","StoneCalendar","PreservedInsect","Bronze Scales","Smiling Mask","WristBlade","Nunchaku","Kunai","Sundial","Question Card","War Paint","Strawberry","Busted Crown","Mango","Oddly Smooth Stone","Tough Bandages","Art of War"],"potions_floor_usage":[10,20,20,20,31,42,48,48],"damage_taken":[{"damage":3.0,"enemies":"Small Slimes","floor":1.0,"turns":4.0},{"damage":1.0,"enemies":"Jaw Worm","floor":3.0,"turns":6.0},{"damage":0.0,"enemies":"2 Louse","floor":5.0,"turns":2.0},{"damage":35.0,"enemies":"Gremlin Nob","floor":7.0,"turns":5.0},{"damage":4,"enemies":"Blue Slaver","floor":8,"turns":4},{"damage":6,"enemies":"Gremlin Gang","floor":10,"turns":6},{"damage":9,"enemies":"3 Sentries","floor":12,"turns":7},{"damage":8,"enemies":"Exordium Wildlife","floor":14,"turns":4},{"damage":2,"enemies":"Hexaghost","floor":16,"turns":10},{"damage":9,"enemies":"Chosen","floor":18,"turns":4},{"damage":7,"enemies":"Colosseum Slavers","floor":20,"turns":4},{"damage":18,"enemies":"Colosseum Nobs","floor":20,"turns":4},{"damage":22,"enemies":"Book of Stabbing","floor":27,"turns":4},{"damage":31,"enemies":"Slavers","floor":29,"turns":4},{"damage":0,"enemies":"Spheric Guardian","floor":30,"turns":3},{"damage":10,"enemies":"Chosen and Byrds","floor":31,"turns":5},{"damage":10,"enemies":"Champ","floor":33,"turns":9},{"damage":0,"enemies":"Orb Walker","floor":35,"turns":3},{"damage":18,"enemies":"2 Orb Walkers","floor":37,"turns":5},{"damage":6,"enemies":"3 Darklings","floor":38,"turns":4},{"damage":6,"enemies":"Reptomancer","floor":40,"turns":3},{"damage":8,"enemies":"Maw","floor":42,"turns":6},{"damage":0,"enemies":"Jaw Worm Horde","floor":44,"turns":4},{"damage":30,"enemies":"4 Shapes","floor":46,"turns":3},{"damage":10,"enemies":"Transient","floor":47,"turns":5},{"damage":10,"enemies":"Maw","floor":48,"turns":7},{"damage":37,"enemies":"Awakened One","floor":50,"turns":2}],"seed_played":"-7448123246813968152","potions_obtained":[{"floor":5.0,"key":"FearPotion"},{"floor":7.0,"key":"Poison Potion"},{"floor":14,"key":"Weak Potion"},{"floor":18,"key":"AttackPotion"},{"floor":29,"key":"Swift Potion"},{"floor":40,"key":"Fire Potion"},{"floor":42,"key":"Ancient Potion"},{"floor":46,"key":"Regen Potion"},{"floor":47,"key":"Energy Potion"},{"floor":48,"key":"GamblersBrew"}],"is_trial":false,"path_per_floor":["M","?","M","?","M","R","E","M","T","M","R","E","$","M","R","B",null,"M","?","?","$","?","R","$","R","T","E","R","E","M","M","R","B",null,"M","?","?","M","$","E","R","M","T","M","?","M","M","M","R","B"],"character_chosen":"THE_SILENT","items_purchased":["Panache","Block Potion","Infinite Blades","Oddly Smooth Stone","Deflect","Cloak And Dagger","Backstab"],"campfire_rested":5,"item_purchase_floors":[13,13,21,39,39,39,39],"current_hp_per_floor":[67,60,59,48,48,48,13,9,9,3,24,15,15,7,28,26,70,61,61,36,36,36,57,57,57,57,35,35,11,11,1,24,14,77,77,77,73,67,67,61,61,53,53,53,53,23,13,12,37,0],"gold":196,"neow_bonus":"ONE_RARE_RELIC","is_prod":false,"is_daily":false,"chose_seed":false,"campfire_upgraded":4,"win_rate":0,"timestamp":1551732246,"path_taken":["M","?","M","?","M","R","E","M","T","?","R","E","$","M","R","BOSS","M","?","?","$","?","R","?","R","T","E","R","E","M","?","R","BOSS","M","?","?","M","?","E","R","M","T","M","?","?","M","M","R","BOSS"],"build_version":"2019-01-23","purchased_purges":2,"victory":false,"max_hp_per_floor":[70,70,70,70,70,70,70,70,70,70,70,70,70,70,70,70,70,70,70,70,70,70,70,70,70,70,70,70,77,77,77,77,77,77,77,77,91,91,91,91,91,91,91,91,86,86,86,86,86,86],"card_choices":[{"not_picked":["Sucker Punch","Concentrate"],"picked":"Deflect","floor":1.0},{"not_picked":["Escape Plan","Bane"],"picked":"Slice","floor":3.0},{"not_picked":["Poisoned Stab","Noxious Fumes"],"picked":"Infinite Blades","floor":5.0},{"not_picked":["Predator","Dagger Throw"],"picked":"Blur","floor":7.0},{"not_picked":["Underhanded Strike","Catalyst","Calculated Gamble"],"picked":"SKIP","floor":8},{"not_picked":["Masterful Stab","Dagger Spray"],"picked":"Dodge and Roll","floor":10},{"not_picked":["Underhanded Strike","Dodge and Roll"],"picked":"Blade Dance","floor":12},{"not_picked":["Bouncing Flask","Reflex"],"picked":"Blur","floor":14},{"not_picked":["Glass Knife","Doppelganger"],"picked":"A Thousand Cuts","floor":16},{"not_picked":["Choke","Outmaneuver"],"picked":"Cloak And Dagger","floor":18},{"not_picked":["Dagger Spray","Acrobatics"],"picked":"Terror","floor":20},{"not_picked":["Backflip","Choke","Concentrate"],"picked":"Storm of Steel","floor":27},{"not_picked":["Predator","Storm of Steel","Setup","Dagger Throw"],"picked":"SKIP","floor":29},{"not_picked":["Heel Hook","Deflect","Calculated Gamble+1"],"picked":"Cloak And Dagger","floor":30},{"not_picked":["Endless Agony","Concentrate","Dodge and Roll+1"],"picked":"Well Laid Plans","floor":31},{"not_picked":["Die Die Die","Wraith Form v2","Unload"],"picked":"Phantasmal Killer","floor":33},{"not_picked":["Dagger Throw","Bane+1"],"picked":"SKIP","floor":35},{"not_picked":["Prepared"],"picked":"Acrobatics+1","floor":37},{"not_picked":["Dodge and Roll"],"picked":"Blade Dance+1","floor":38},{"not_picked":["Setup+1","Outmaneuver+1"],"picked":"SKIP","floor":40},{"not_picked":["Quick Slash","Crippling Poison"],"picked":"SKIP","floor":42},{"not_picked":["Prepared+1","Sucker Punch+1"],"picked":"SKIP","floor":44},{"not_picked":["Prepared+1","Sucker Punch+1"],"picked":"SKIP","floor":44},{"not_picked":["Predator","Quick Slash"],"picked":"SKIP","floor":46},{"not_picked":["Deadly Poison+1","Masterful Stab+1"],"picked":"SKIP","floor":47},{"not_picked":["Flying Knee"],"picked":"Burst","floor":48}],"player_experience":516760,"relics_obtained":[{"floor":7.0,"key":"PreservedInsect"},{"floor":9,"key":"Bronze Scales"},{"floor":12,"key":"Smiling Mask"},{"floor":20,"key":"Nunchaku"},{"floor":20,"key":"Kunai"},{"floor":26,"key":"Question Card"},{"floor":27,"key":"War Paint"},{"floor":29,"key":"Strawberry"},{"floor":37,"key":"Mango"},{"floor":40,"key":"Tough Bandages"},{"floor":43,"key":"Art of War"}],"event_choices":[{"cards_removed":["Strike_G"],"damage_healed":0.0,"max_hp_gain":0.0,"max_hp_loss":0.0,"gold_gain":0.0,"event_name":"Golden Wing","player_choice":"Card Removal","floor":2.0,"gold_loss":0.0,"damage_taken":7.0},{"damage_healed":0.0,"max_hp_gain":0.0,"max_hp_loss":0.0,"gold_gain":75.0,"event_name":"World of Goop","player_choice":"Gather Gold","floor":4.0,"gold_loss":0.0,"damage_taken":11.0},{"damage_healed":0,"gold_gain":0,"player_choice":"Read","damage_taken":0,"max_hp_gain":0,"max_hp_loss":0,"event_name":"The Library","floor":19,"gold_loss":0,"cards_obtained":["Dodge and Roll"]},{"damage_healed":0,"gold_gain":0,"player_choice":"Fight","damage_taken":0,"max_hp_gain":0,"max_hp_loss":0,"event_name":"Colosseum","floor":20,"gold_loss":0},{"damage_healed":0,"gold_gain":0,"player_choice":"Fought Nobs","damage_taken":0,"max_hp_gain":0,"max_hp_loss":0,"event_name":"Colosseum","floor":20,"gold_loss":0},{"damage_healed":0,"gold_gain":0,"player_choice":"Obtained Relic","damage_taken":0,"relics_obtained":["Sundial"],"max_hp_gain":0,"max_hp_loss":0,"event_name":"Addict","floor":22,"gold_loss":85},{"damage_healed":0,"gold_gain":0,"player_choice":"Ignored","damage_taken":0,"max_hp_gain":0,"max_hp_loss":0,"event_name":"Tomb of Lord Red Mask","floor":36,"gold_loss":0},{"damage_healed":0,"gold_gain":0,"player_choice":"Fight","damage_taken":0,"max_hp_gain":0,"max_hp_loss":0,"event_name":"Mysterious Sphere","floor":37,"gold_loss":0},{"damage_healed":0,"gold_gain":0,"player_choice":"Max HP","damage_taken":0,"max_hp_gain":0,"max_hp_loss":5,"event_name":"Winding Halls","floor":45,"gold_loss":0}],"is_beta":false,"boss_relics":[{"not_picked":["Runic Pyramid","Eternal Feather"],"picked":"WristBlade"},{"not_picked":["Orrery","Coffee Dripper"],"picked":"Busted Crown"}],"items_purged_floors":[21,39],"is_endless":false,"potions_floor_spawned":[5,7,14,18,29,40,42,46,47,48],"killed_by":"Awakened One","ascension_level":1}