{"gold_per_floor":[109,109,109,109,109,143,143,182,182,182,182,182,10,41,41,171,171,187,201,220,220,111,111,11,11],"floor_reached":25,"playtime":763,"items_purged":["Decay","Normality"],"score":320,"play_id":"22161a05-369d-40fe-9d3f-6855935da9c0","local_time":"20190224005207","is_ascension_mode":true,"campfire_choices":[{"floor":7,"key":"REST"},{"floor":10,"key":"REST"},{"data":"Carnage","floor":12,"key":"SMITH"},{"data":"Dark Embrace","floor":15,"key":"SMITH"},{"data":"Inflame","floor":23,"key":"SMITH"}],"neow_cost":"CURSE","seed_source_timestamp":543370096098584,"circlet_count":0,"master_deck":["AscendersBane","Strike_R","Strike_R","Strike_R","Defend_R+1","Defend_R","Defend_R+1","Defend_R","Bash+1","Metallicize","Reckless Charge","Hemokinesis","Shrug It Off","Carnage+1","Pummel","Dark Embrace+1","Impervious","Dropkick","Shrug It Off+1","Inflame+1"],"relics":["Burning Blood","Golden Idol","Pear","War Paint","Meat on the Bone","Singing Bowl","Lantern","Bronze Scales","Pantograph","Runic Cube"],"potions_floor_usage":[14,16,25,25,25],"damage_taken":[{"damage":20,"enemies":"Jaw Worm","floor":1,"turns":4},{"damage":29,"enemies":"Gremlin Nob","floor":6,"turns":5},{"damage":49,"enemies":"Lagavulin","floor":8,"turns":8},{"damage":22,"enemies":"3 Sentries","floor":14,"turns":8},{"damage":45,"enemies":"Slime Boss","floor":16,"turns":9},{"damage":12,"enemies":"Chosen","floor":18,"turns":4},{"damage":8,"enemies":"3 Byrds","floor":19,"turns":4},{"damage":21,"enemies":"Centurion and Healer","floor":20,"turns":8},{"damage":52,"enemies":"Book of Stabbing","floor":25,"turns":8}],"seed_played":"6144247573654700061","potions_obtained":[{"floor":16,"key":"Swift Potion"},{"floor":18,"key":"GamblersBrew"},{"floor":19,"key":"Dexterity Potion"}],"is_trial":false,"path_per_floor":["M","?","T","?","?","E","R","E","T","R","?","R","$","E","R","B",null,"M","M","M","?","$","R","$","E"],"character_chosen":"IRONCLAD","items_purchased":["Pummel","Strength Potion","Block Potion","Inflame"],"campfire_rested":2,"item_purchase_floors":[13,13,13,22],"current_hp_per_floor":[58,58,68,50,50,27,52,21,21,46,46,46,46,42,42,40,73,69,67,52,52,52,52,52,0],"gold":11,"neow_bonus":"TRANSFORM_TWO_CARDS","is_prod":false,"is_daily":false,"chose_seed":false,"campfire_upgraded":3,"win_rate":0,"timestamp":1550965927,"path_taken":["M","?","?","?","?","E","R","E","T","R","?","R","$","E","R","BOSS","M","M","M","?","$","R","?","E"],"build_version":"2019-01-23","purchased_purges":2,"victory":false,"max_hp_per_floor":[80,74,84,84,84,84,84,84,84,84,84,84,84,84,84,84,84,86,86,86,86,86,86,86,86],"card_choices":[{"not_picked":["True Grit","Rampage"],"picked":"Hemokinesis","floor":1},{"not_picked":["Havoc","Flex"],"picked":"Shrug It Off","floor":6},{"not_picked":["Blood for Blood","Disarm"],"picked":"Carnage","floor":8},{"not_picked":["Intimidate","Heavy Blade"],"picked":"Dark Embrace","floor":14},{"not_picked":["Double Tap","Berserk"],"picked":"Impervious","floor":16},{"not_picked":["Headbutt","Clash","Heavy Blade"],"picked":"Singing Bowl","floor":18},{"not_picked":["Heavy Blade","Shockwave"],"picked":"Dropkick","floor":19},{"not_picked":["Reckless Charge","Carnage"],"picked":"Shrug It Off+1","floor":20}],"player_experience":754744,"relics_obtained":[{"floor":3,"key":"Pear"},{"floor":6,"key":"Meat on the Bone"},{"floor":8,"key":"Singing Bowl"},{"floor":9,"key":"Lantern"},{"floor":14,"key":"Pantograph"}],"event_choices":[{"damage_healed":0,"gold_gain":0,"player_choice":"Lose Max HP","damage_taken":0,"relics_obtained":["Golden Idol"],"max_hp_gain":0,"max_hp_loss":6,"event_name":"Golden Idol","floor":2,"gold_loss":0},{"damage_healed":0,"gold_gain":0,"player_choice":"Success","damage_taken":18,"relics_obtained":["War Paint"],"max_hp_gain":0,"max_hp_loss":0,"event_name":"Scrap Ooze","floor":4,"gold_loss":0},{"damage_healed":0,"gold_gain":0,"player_choice":"Grow","damage_taken":0,"max_hp_gain":0,"max_hp_loss":0,"event_name":"Living Wall","floor":5,"gold_loss":0,"cards_upgraded":["Bash"]},{"damage_healed":0,"gold_gain":0,"player_choice":"Searched \u00271\u0027 times","damage_taken":0,"relics_obtained":["Bronze Scales"],"max_hp_gain":0,"max_hp_loss":0,"event_name":"Dead Adventurer","floor":11,"gold_loss":0},{"damage_healed":0,"gold_gain":0,"player_choice":"Cursed","damage_taken":0,"max_hp_gain":0,"max_hp_loss":0,"event_name":"Wheel of Change","floor":21,"gold_loss":0,"cards_obtained":["Decay"]}],"is_beta":false,"boss_relics":[{"not_picked":["Eternal Feather","Coffee Dripper"],"picked":"Runic Cube"}],"items_purged_floors":[22,24],"is_endless":false,"potions_floor_spawned":[16,18,19],"killed_by":"Book of Stabbing","ascension_level":10}