{"gold_per_floor":[213,69,88,15,30,30,30,57,57,57,57,91,102,121,121,219,219,237,336,350,377,396,396,414,430,430,456,456,472,504,504,504,609,609,622,634,856,873,103,103,46,56,56,81,107,7,42,53,53,53],"floor_reached":51,"playtime":2888,"items_purged":["Strike_G","Strike_G"],"score":1012,"play_id":"484ef612-4d0a-42e0-845a-97dfecd4cd1d","local_time":"20181102140024","is_ascension_mode":false,"campfire_choices":[{"data":"Neutralize","floor":6,"key":"SMITH"},{"data":"Footwork","floor":15,"key":"SMITH"},{"floor":23,"key":"REST"},{"floor":32,"key":"REST"},{"floor":40,"key":"REST"},{"floor":49,"key":"REST"}],"neow_cost":"NONE","seed_source_timestamp":1353463236073980,"circlet_count":0,"master_deck":["Defend_G","Defend_G","Defend_G","Defend_G","Strike_G","Strike_G","Strike_G","Survivor","Neutralize+1","Dagger Spray","Finisher","Blur","Footwork+1","Footwork","Noxious Fumes","Distraction","Envenom","Blade Dance","Accuracy","Distraction+1","Flying Knee","Infinite Blades","Infinite Blades","Riddle With Holes+1","Cloak And Dagger","Venomology","After Image","Blur","Backflip+1","Endless Agony+1","Cloak And Dagger","Noxious Fumes+1","Dagger Spray+1","Cloak And Dagger+1","Noxious Fumes+1","Cloak And Dagger+1","Parasite","Leg Sweep+1"],"relics":["Ring of the Snake","Turnip","Pantograph","FossilizedHelix","Shuriken","Ninja Scroll","Fusion Hammer","Red Mask","Pear","PreservedInsect","The Courier","Oddly Smooth Stone","Busted Crown","Lee\u0027s Waffle","Orichalcum","Matryoshka","Frozen Egg 2","Art of War","Blue Candle","WingedGreaves","Toxic Egg 2","Sundial"],"potions_floor_usage":[18,21,24,27,27,33,33,36,36,38,42,42,45,47,48,50,50,50],"damage_taken":[{"damage":1,"enemies":"Cultist","floor":1,"turns":5},{"damage":0,"enemies":"2 Louse","floor":3,"turns":2},{"damage":0,"enemies":"Jaw Worm","floor":5,"turns":6},{"damage":13,"enemies":"3 Sentries","floor":8,"turns":11},{"damage":4,"enemies":"Lagavulin","floor":12,"turns":13},{"damage":0,"enemies":"2 Fungi Beasts","floor":13,"turns":1},{"damage":0,"enemies":"3 Louse","floor":14,"turns":4},{"damage":0,"enemies":"The Guardian","floor":16,"turns":11},{"damage":0,"enemies":"Chosen","floor":18,"turns":4},{"damage":0,"enemies":"Spheric Guardian","floor":20,"turns":1},{"damage":18,"enemies":"Masked Bandits","floor":21,"turns":5},{"damage":1,"enemies":"Centurion and Healer","floor":22,"turns":5},{"damage":0,"enemies":"Shelled Parasite and Fungi","floor":24,"turns":6},{"damage":0,"enemies":"Sentry and Sphere","floor":25,"turns":5},{"damage":0,"enemies":"Gremlin Leader","floor":27,"turns":6},{"damage":9,"enemies":"3 Cultists","floor":29,"turns":4},{"damage":13,"enemies":"Slavers","floor":30,"turns":5},{"damage":31,"enemies":"Collector","floor":33,"turns":9},{"damage":0,"enemies":"Orb Walker","floor":35,"turns":4},{"damage":17,"enemies":"3 Darklings","floor":36,"turns":7},{"damage":0,"enemies":"4 Shapes","floor":38,"turns":7},{"damage":10,"enemies":"Spire Growth","floor":42,"turns":5},{"damage":0,"enemies":"Giant Head","floor":44,"turns":6},{"damage":42,"enemies":"Nemesis","floor":45,"turns":6},{"damage":0,"enemies":"Giant Head","floor":47,"turns":4},{"damage":4,"enemies":"Writhing Mass","floor":48,"turns":4},{"damage":42,"enemies":"Donu and Deca","floor":50,"turns":6}],"seed_played":"-5680625837769372646","potions_obtained":[{"floor":5,"key":"GamblersBrew"},{"floor":8,"key":"GhostInAJar"},{"floor":14,"key":"Fire Potion"},{"floor":18,"key":"Explosive Potion"},{"floor":22,"key":"Fire Potion"},{"floor":25,"key":"LiquidBronze"},{"floor":30,"key":"Regen Potion"},{"floor":33,"key":"Dexterity Potion"},{"floor":35,"key":"Explosive Potion"},{"floor":36,"key":"Block Potion"},{"floor":48,"key":"GhostInAJar"}],"is_trial":false,"path_per_floor":["M","$","M","$","M","R","?","E","T","$","?","E","M","M","R","B",null,"M","?","M","?","M","R","M","M","T","E","?","M","E","T","R","B",null,"M","M","?","M","$","R","$","M","T","E","E","$","E","M","R","B",null],"character_chosen":"THE_SILENT","items_purchased":["Finisher","Footwork","Lee\u0027s Waffle","Orichalcum","Matryoshka","Cloak And Dagger","Frozen Egg 2","Noxious Fumes+1","Cloak And Dagger+1","Noxious Fumes+1"],"campfire_rested":4,"item_purchase_floors":[2,4,39,39,39,39,39,41,46,46],"current_hp_per_floor":[69,69,69,69,69,69,69,56,56,56,49,45,45,45,45,70,70,70,70,70,52,51,70,70,70,80,80,80,71,58,58,80,59,80,80,63,63,63,87,87,87,77,77,77,35,35,35,31,57,40],"gold":53,"neow_bonus":"HUNDRED_GOLD","is_prod":false,"is_daily":false,"chose_seed":false,"campfire_upgraded":2,"win_rate":0,"timestamp":1541163624,"path_taken":["M","$","M","$","M","R","?","E","T","?","?","E","M","M","R","BOSS","M","?","M","?","M","R","M","M","T","E","?","M","E","?","R","BOSS","M","M","?","M","$","R","$","M","T","E","E","$","E","M","R","BOSS"],"build_version":"2018-11-01","purchased_purges":2,"victory":true,"max_hp_per_floor":[70,70,70,70,70,70,70,70,70,70,70,70,70,70,70,70,70,70,70,70,70,70,70,70,70,80,80,80,80,80,80,80,80,80,80,80,80,80,87,87,87,87,87,87,87,87,87,87,87,87],"card_choices":[{"not_picked":["Slice","Quick Slash"],"picked":"Dagger Spray","floor":1},{"not_picked":["Dagger Spray","Skewer"],"picked":"Blur","floor":3},{"not_picked":["Dodge and Roll","PiercingWail"],"picked":"Footwork","floor":5},{"not_picked":["PiercingWail","Infinite Blades","Quick Slash"],"picked":"SKIP","floor":8},{"not_picked":["Endless Agony","Phantasmal Killer","Caltrops"],"picked":"SKIP","floor":12},{"not_picked":["Flying Knee","Poisoned Stab"],"picked":"Noxious Fumes","floor":13},{"not_picked":["Riddle With Holes","Deadly Poison"],"picked":"Distraction","floor":14},{"not_picked":["Grand Finale","Die Die Die"],"picked":"Envenom","floor":16},{"not_picked":["Escape Plan","Caltrops"],"picked":"Blade Dance","floor":18},{"not_picked":["Poisoned Stab","Deadly Poison+1"],"picked":"Accuracy","floor":20},{"not_picked":["Choke","Caltrops"],"picked":"Distraction+1","floor":21},{"not_picked":["Poisoned Stab","Predator"],"picked":"Flying Knee","floor":22},{"not_picked":["Prepared","Acrobatics"],"picked":"Infinite Blades","floor":24},{"not_picked":["Dagger Spray","PiercingWail"],"picked":"Infinite Blades","floor":25},{"not_picked":["Concentrate","Dagger Spray+1"],"picked":"Riddle With Holes+1","floor":27},{"not_picked":["Leg Sweep","Reflex"],"picked":"Cloak And Dagger","floor":29},{"not_picked":["Slice","Riddle With Holes+1"],"picked":"Venomology","floor":30},{"not_picked":["Die Die Die","Venomology"],"picked":"After Image","floor":33},{"not_picked":[],"picked":"Blur","floor":35},{"not_picked":[],"picked":"Backflip+1","floor":36},{"not_picked":[],"picked":"Endless Agony+1","floor":38},{"not_picked":[],"picked":"Dagger Spray+1","floor":42},{"not_picked":["Dagger Throw"],"picked":"SKIP","floor":44},{"not_picked":["Night Terror"],"picked":"SKIP","floor":45},{"not_picked":[],"picked":"Cloak And Dagger+1","floor":47},{"not_picked":[],"picked":"Leg Sweep+1","floor":48}],"player_experience":250724,"relics_obtained":[{"floor":7,"key":"Turnip"},{"floor":8,"key":"Pantograph"},{"floor":9,"key":"FossilizedHelix"},{"floor":12,"key":"Ninja Scroll"},{"floor":21,"key":"Red Mask"},{"floor":26,"key":"Pear"},{"floor":27,"key":"PreservedInsect"},{"floor":30,"key":"The Courier"},{"floor":31,"key":"Oddly Smooth Stone"},{"floor":43,"key":"Art of War"},{"floor":43,"key":"Blue Candle"},{"floor":44,"key":"WingedGreaves"},{"floor":45,"key":"Toxic Egg 2"},{"floor":47,"key":"Sundial"}],"event_choices":[{"damage_healed":0,"gold_gain":0,"player_choice":"Relic","damage_taken":0,"max_hp_gain":0,"max_hp_loss":0,"event_name":"Wheel of Change","floor":7,"gold_loss":0},{"damage_healed":0,"gold_gain":0,"player_choice":"Success","damage_taken":7,"relics_obtained":["Shuriken"],"max_hp_gain":0,"max_hp_loss":0,"event_name":"Scrap Ooze","floor":11,"gold_loss":0},{"damage_healed":0,"gold_gain":99,"player_choice":"Stole From Cult","damage_taken":0,"max_hp_gain":0,"max_hp_loss":0,"event_name":"Nest","floor":19,"gold_loss":0},{"damage_healed":0,"gold_gain":0,"player_choice":"Fought Bandits","damage_taken":0,"max_hp_gain":0,"max_hp_loss":0,"event_name":"Masked Bandits","floor":21,"gold_loss":0},{"cards_removed":["Defend_G"],"damage_healed":0,"gold_gain":0,"player_choice":"Elegance","damage_taken":0,"max_hp_gain":0,"max_hp_loss":0,"event_name":"Back to Basics","floor":28,"gold_loss":0},{"damage_healed":0,"gold_gain":222,"player_choice":"Wore Mask","damage_taken":0,"max_hp_gain":0,"max_hp_loss":0,"event_name":"Tomb of Lord Red Mask","floor":37,"gold_loss":0}],"is_beta":false,"boss_relics":[{"not_picked":["Calling Bell","Velvet Choker"],"picked":"Fusion Hammer"},{"not_picked":["Astrolabe","Snecko Eye"],"picked":"Busted Crown"}],"items_purged_floors":[2,39],"is_endless":false,"potions_floor_spawned":[5,8,14,18,22,25,30,33,35,36,48],"ascension_level":0}