{"path_per_floor":["M","M","$","M","M","R","E","$","T","M","M","?","M","M","R","B",null,"M","M","?","$","M","E","R","M","T","M","R","$","M","M","R","B",null,"M","M","?","?"],"character_chosen":"THE_SILENT","items_purchased":["Vajra","Outmaneuver","Choke","Meat on the Bone"],"gold_per_floor":[360,371,100,119,136,136,169,69,93,103,113,143,161,175,175,273,273,285,303,303,13,27,60,60,72,72,92,92,92,106,126,126,221,251,269,287,287,336],"floor_reached":39,"campfire_rested":3,"playtime":4953,"current_hp_per_floor":[60,60,60,60,54,54,49,49,49,49,49,49,46,39,57,51,63,39,37,37,37,43,22,40,39,39,39,39,39,33,25,43,19,68,35,35,52,23],"items_purged":["Strike_G","Strike_G"],"gold":336,"score":384,"play_id":"32674a8c-6b85-4854-80e6-943538b7e24b","local_time":"20180305213500","is_prod":false,"is_daily":false,"is_ascension_mode":false,"campfire_upgraded":2,"timestamp":1520303700,"path_taken":["M","M","$","M","M","R","E","$","T","M","M","?","M","?","R","BOSS","M","M","?","$","M","E","R","M","T","M","R","$","?","M","R","BOSS","M","M","?","?","M"],"build_version":"2018-03-01-PROD1","purchased_purges":2,"victory":false,"master_deck":["Defend_G","Defend_G","Defend_G","Defend_G","Defend_G","Strike_G","Strike_G","Strike_G","Survivor","Neutralize","All Out Attack","Predator","Outmaneuver+1","Prepared","Leg Sweep","Backflip","A Thousand Cuts+1","Dash+1","Prepared","Reflex","A Thousand Cuts","Dagger Throw+1","Slice+1","After Image","Neutralize","Choke","Cloak And Dagger","Underhanded Strike+1","Dagger Throw","Slice+1","Quick Slash+1","Leg Sweep","Tools of the Trade","Prepared","Backflip+1","After Image","Escape Plan+1"],"max_hp_per_floor":[63,63,63,63,63,63,63,63,63,63,63,63,63,63,63,63,63,63,63,63,63,63,63,63,63,63,63,63,63,63,63,63,63,68,68,68,68,68],"relics":["Ring of the Snake","Vajra","Art of War","Anchor","Unceasing Top","Sozu","Meat on the Bone","Omamori","Gambling Chip","Tiny House","Ginger"],"card_choices":[{"not_picked":["Bane","Sucker Punch"],"picked":"All Out Attack"},{"not_picked":["Flying Knee","Deflect"],"picked":"Predator"},{"not_picked":["Malaise","Deadly Poison"],"picked":"Prepared"},{"not_picked":["Malaise","Dagger Throw"],"picked":"Leg Sweep"},{"not_picked":["Dagger Throw","Underhanded Strike"],"picked":"Backflip"},{"not_picked":["Bane","Distraction"],"picked":"A Thousand Cuts"},{"not_picked":["Prepared","Deflect"],"picked":"Dash"},{"not_picked":["Deadly Poison","Well Laid Plans"],"picked":"Prepared"},{"not_picked":["Sucker Punch","Quick Slash"],"picked":"Reflex"},{"not_picked":["Envenom","Storm of Steel"],"picked":"A Thousand Cuts"},{"not_picked":["Outmaneuver","Quick Slash"],"picked":"Dagger Throw"},{"not_picked":["Prepared","Corpse Explosion"],"picked":"Slice"},{"not_picked":["Backstab","Poisoned Stab"],"picked":"Cloak And Dagger"},{"not_picked":["PiercingWail","Envenom"],"picked":"Underhanded Strike"},{"not_picked":["Cloak And Dagger","Choke"],"picked":"Dagger Throw"},{"not_picked":["Acrobatics","Dagger Spray"],"picked":"Slice"},{"not_picked":["Accuracy","Bane"],"picked":"Quick Slash"},{"not_picked":["Skewer","Predator"],"picked":"Leg Sweep"},{"not_picked":["Die Die Die","Envenom"],"picked":"Tools of the Trade"},{"not_picked":["Deadly Poison","Deflect"],"picked":"Prepared"},{"not_picked":["Skewer","Quick Slash"],"picked":"Backflip"},{"not_picked":["Leg Sweep","Noxious Fumes"],"picked":"After Image"},{"not_picked":["Outmaneuver","Leg Sweep"],"picked":"Escape Plan"}],"player_experience":113997,"potions_floor_usage":[7,10,16,16,25,33],"damage_taken":[{"damage":3,"enemies":"Jaw Worm","floor":1,"turns":5},{"damage":0,"enemies":"2 Louse","floor":2,"turns":2},{"damage":0,"enemies":"Cultist","floor":4,"turns":2},{"damage":6,"enemies":"2 Fungi Beasts","floor":5,"turns":3},{"damage":5,"enemies":"Gremlin Nob","floor":7,"turns":5},{"damage":0,"enemies":"Lots of Slimes","floor":10,"turns":3},{"damage":0,"enemies":"Looter","floor":11,"turns":4},{"damage":3,"enemies":"Red Slaver","floor":13,"turns":2},{"damage":7,"enemies":"Blue Slaver","floor":14,"turns":3},{"damage":6,"enemies":"Hexaghost","floor":16,"turns":11},{"damage":24,"enemies":"Chosen","floor":18,"turns":8},{"damage":2,"enemies":"3 Byrds","floor":19,"turns":5},{"damage":6,"enemies":"Snake Plant","floor":22,"turns":4},{"damage":33,"enemies":"Slavers","floor":23,"turns":5},{"damage":1,"enemies":"Snecko","floor":25,"turns":7},{"damage":0,"enemies":"Centurion and Healer","floor":27,"turns":6},{"damage":6,"enemies":"Chosen and Byrds","floor":30,"turns":4},{"damage":20,"enemies":"Cultist and Chosen","floor":31,"turns":6},{"damage":36,"enemies":"Champ","floor":33,"turns":12},{"damage":33,"enemies":"3 Shapes","floor":35,"turns":4},{"damage":0,"enemies":"Orb Walker","floor":36,"turns":4},{"damage":41,"enemies":"Mysterious Sphere","floor":38,"turns":9},{"damage":24,"enemies":"3 Darklings","floor":39,"turns":3}],"event_choices":[{"event_name":"Dead Adventurer","player_choice":"Searched \u00273\u0027 times","floor":12,"damage_taken":0},{"event_name":"Match and Keep!","player_choice":"2 cards matched","floor":20,"damage_taken":0},{"event_name":"Winding Halls","player_choice":"Writhe","floor":37,"damage_taken":0},{"event_name":"Mysterious Sphere","player_choice":"Fight","floor":38,"damage_taken":0}],"boss_relics":[{"not_picked":["Astrolabe","Black Star"],"picked":"Sozu"},{"not_picked":["White Beast Statue","Runic Pyramid"],"picked":"Tiny House"}],"potions_floor_spawned":[1,5,10,13,14,16,18,23,25,33,38],"seed_played":"7858656037698740392","killed_by":"3 Darklings","ascension_level":0,"is_trial":false}