{"gold_per_floor":[118,39,39,39,39,39,68,84,84,4,24,58,58,58,58,58],"floor_reached":16,"playtime":928,"items_purged":["Defend_B"],"score":106,"play_id":"da15c301-db9c-4c0b-96da-88bdcd16e361","local_time":"20190223000729","is_ascension_mode":false,"campfire_choices":[{"data":"Loop","floor":6,"key":"SMITH"},{"floor":13,"key":"REST"},{"floor":15,"key":"REST"}],"neow_cost":"NONE","seed_source_timestamp":206050582894393,"circlet_count":0,"master_deck":["Strike_B","Strike_B+1","Strike_B","Strike_B","Defend_B","Defend_B","Defend_B","Zap","Dualcast","Meteor Strike+1","Loop+1","Fusion","BootSequence","Leap","Defragment","BootSequence"],"relics":["Cracked Core","Singing Bowl","PreservedInsect","The Courier","Question Card"],"potions_floor_usage":[12,12],"damage_taken":[{"damage":1,"enemies":"Jaw Worm","floor":1,"turns":4},{"damage":26,"enemies":"Lagavulin","floor":7,"turns":6},{"damage":2,"enemies":"Small Slimes","floor":8,"turns":4},{"damage":2,"enemies":"2 Louse","floor":11,"turns":3},{"damage":14,"enemies":"Gremlin Nob","floor":12,"turns":3},{"damage":58,"enemies":"Hexaghost","floor":16,"turns":9}],"seed_played":"-1858793969542976097","potions_obtained":[{"floor":7,"key":"Fire Potion"},{"floor":8,"key":"AttackPotion"}],"is_trial":false,"path_per_floor":["M","$","?","?","?","R","E","M","T","$","M","E","R","?","R","B"],"character_chosen":"DEFECT","items_purchased":["Loop","Leap"],"campfire_rested":2,"item_purchase_floors":[2,10],"current_hp_per_floor":[74,74,59,56,56,56,30,28,28,28,26,12,34,34,56,0],"gold":58,"neow_bonus":"ONE_RANDOM_RARE_CARD","is_prod":false,"is_daily":false,"chose_seed":false,"campfire_upgraded":1,"win_rate":0,"timestamp":1550898449,"path_taken":["M","$","?","?","?","R","E","M","T","$","M","E","R","?","R","BOSS"],"build_version":"2019-01-23","purchased_purges":1,"victory":false,"max_hp_per_floor":[75,75,75,75,75,75,75,75,75,75,75,75,75,75,75,75],"card_choices":[{"not_picked":["Gash","Undo","Barrage"],"picked":"SKIP","floor":1},{"not_picked":["Barrage","Darkness"],"picked":"Fusion","floor":7},{"not_picked":["Scrape","Steam"],"picked":"BootSequence","floor":8},{"not_picked":["Coolheaded","Tempest"],"picked":"Defragment","floor":11},{"not_picked":["All For One","Gash"],"picked":"BootSequence","floor":12}],"player_experience":180393,"relics_obtained":[{"floor":7,"key":"PreservedInsect"},{"floor":9,"key":"The Courier"},{"floor":12,"key":"Question Card"}],"event_choices":[{"damage_healed":0,"gold_gain":0,"player_choice":"Entered Light","damage_taken":15,"max_hp_gain":0,"max_hp_loss":0,"event_name":"Shining Light","floor":3,"gold_loss":0,"cards_upgraded":["Meteor Strike","Strike_B"]},{"damage_healed":0,"gold_gain":0,"player_choice":"Success","damage_taken":3,"relics_obtained":["Singing Bowl"],"max_hp_gain":0,"max_hp_loss":0,"event_name":"Scrap Ooze","floor":4,"gold_loss":0},{"damage_healed":0,"gold_gain":0,"player_choice":"Ignored","damage_taken":0,"max_hp_gain":0,"max_hp_loss":0,"event_name":"Golden Idol","floor":5,"gold_loss":0},{"damage_healed":0,"gold_gain":0,"player_choice":"Ignored","damage_taken":0,"max_hp_gain":0,"max_hp_loss":0,"event_name":"Liars Game","floor":14,"gold_loss":0}],"is_beta":false,"boss_relics":[],"items_purged_floors":[10],"is_endless":false,"potions_floor_spawned":[7,8],"killed_by":"Hexaghost","ascension_level":0}