{"gold_per_floor":[419,435,435,68,88,104,4,29,29,29,29,44,44,64,64,162,162,182,167,187,187,40,40,57,57,110,36,36,50,50,50,50,154,154,172,92,92,104,0,0,0,11,58,58,21,55,65,76,76,76],"floor_reached":51,"playtime":4578,"items_purged":["Regret","Shame"],"score":667,"play_id":"bd2f7351-eb14-4376-b942-32a8f3e2e32f","local_time":"20181006002156","is_ascension_mode":false,"campfire_choices":[{"data":"Zap","floor":11,"key":"SMITH"},{"floor":15,"key":"REST"},{"data":"Strike_B","floor":23,"key":"PURGE"},{"data":"Shame","floor":28,"key":"PURGE"},{"data":"Strike_B","floor":32,"key":"PURGE"},{"data":"Tempest","floor":40,"key":"PURGE"},{"data":"Defend_B","floor":44,"key":"PURGE"},{"data":"Strike_B","floor":49,"key":"PURGE"}],"neow_cost":"CURSE","seed_source_timestamp":27508929568540,"circlet_count":0,"master_deck":["Strike_B","Defend_B","Defend_B","Defend_B","Zap+1","Dualcast","Defragment+1","Conserve Battery+1","Cold Snap","Hologram+1","Chill","Gash","Biased Cognition+1","BootSequence","Ball Lightning","White Noise+1","FTL","Machine Learning+1","Tempest+1","Loop+1","Hologram+1","Leap","Heatsinks+1","FTL"],"relics":["Cracked Core","Old Coin","Frozen Egg 2","Thread and Needle","Odd Mushroom","Vajra","War Paint","Peace Pipe","Busted Crown","Question Card","StoneCalendar","Boot","Fusion Hammer","Red Mask","Potion Belt","Smiling Mask"],"potions_floor_usage":[16,19,33,42,46,46,50,50],"damage_taken":[{"damage":5,"enemies":"2 Louse","floor":1,"turns":3},{"damage":2,"enemies":"Small Slimes","floor":2,"turns":4},{"damage":0,"enemies":"Cultist","floor":5,"turns":3},{"damage":4,"enemies":"2 Fungi Beasts","floor":6,"turns":4},{"damage":14,"enemies":"The Mushroom Lair","floor":8,"turns":5},{"damage":0,"enemies":"Exordium Wildlife","floor":12,"turns":3},{"damage":0,"enemies":"Exordium Thugs","floor":14,"turns":4},{"damage":0,"enemies":"The Guardian","floor":16,"turns":11},{"damage":6,"enemies":"Shell Parasite","floor":18,"turns":6},{"damage":0,"enemies":"2 Thieves","floor":19,"turns":4},{"damage":0,"enemies":"Chosen and Byrds","floor":20,"turns":6},{"damage":7,"enemies":"Centurion and Healer","floor":24,"turns":6},{"damage":0,"enemies":"Shelled Parasite and Fungi","floor":29,"turns":4},{"damage":31,"enemies":"Collector","floor":33,"turns":8},{"damage":0,"enemies":"3 Darklings","floor":35,"turns":6},{"damage":0,"enemies":"3 Shapes","floor":38,"turns":3},{"damage":0,"enemies":"Maw","floor":42,"turns":7},{"damage":11,"enemies":"2 Orb Walkers","floor":46,"turns":4},{"damage":0,"enemies":"Reptomancer","floor":47,"turns":4},{"damage":0,"enemies":"Spire Growth","floor":48,"turns":3},{"damage":35,"enemies":"Awakened One","floor":50,"turns":12}],"seed_played":"2059379740491351669","potions_obtained":[{"floor":1,"key":"PowerPotion"},{"floor":6,"key":"Swift Potion"},{"floor":14,"key":"Block Potion"},{"floor":16,"key":"Ancient Potion"},{"floor":18,"key":"Ancient Potion"},{"floor":33,"key":"Block Potion"},{"floor":35,"key":"Swift Potion"},{"floor":42,"key":"AttackPotion"},{"floor":46,"key":"Strength Potion"},{"floor":48,"key":"SmokeBomb"}],"is_trial":false,"path_per_floor":["M","M","?","$","M","M","$","?","T","?","R","M","T","M","R","B",null,"M","M","M","?","$","R","M","?","T","$","R","M","?","?","R","B",null,"M","$","?","M","?","R","$","M","T","R","$","E","M","M","R","B"],"character_chosen":"DEFECT","items_purchased":["Thread and Needle","Defragment+1","Hologram","Ball Lightning","Tempest","Loop+1","Heatsinks+1"],"campfire_rested":1,"item_purchase_floors":[4,4,7,22,27,36,45],"current_hp_per_floor":[70,68,68,68,68,64,64,50,50,50,50,50,50,50,72,72,75,69,69,69,69,69,69,62,62,62,62,62,62,62,62,62,31,75,75,75,71,71,71,71,71,71,71,71,71,60,60,67,67,32],"gold":76,"neow_bonus":"ONE_RARE_RELIC","is_prod":false,"is_daily":false,"chose_seed":false,"campfire_upgraded":1,"win_rate":0,"timestamp":1538778116,"path_taken":["M","M","?","$","M","M","$","?","T","?","R","M","?","M","R","BOSS","M","M","M","?","$","R","M","?","T","$","R","M","?","?","R","BOSS","M","?","?","?","?","R","$","M","T","R","$","E","M","M","R","BOSS"],"build_version":"2018-09-20","purchased_purges":2,"victory":true,"max_hp_per_floor":[75,75,75,75,75,75,75,75,75,75,75,75,75,75,75,75,75,75,75,75,75,75,75,75,75,75,75,75,75,75,75,75,75,75,75,75,71,71,71,71,71,71,71,71,71,71,71,71,71,71],"card_choices":[{"not_picked":["Stack","Rip and Tear","Sweeping Beam"],"picked":"SKIP","floor":1},{"not_picked":["Stack","Streamline","Capacitor"],"picked":"SKIP","floor":2},{"not_picked":["Leap","Redo"],"picked":"Conserve Battery","floor":5},{"not_picked":["Go for the Eyes","Hologram"],"picked":"Cold Snap","floor":6},{"not_picked":["Double Energy","Conserve Battery"],"picked":"Chill","floor":8},{"not_picked":["Turbo","Melter"],"picked":"Gash","floor":12},{"not_picked":["Consume","Stack","Chaos"],"picked":"SKIP","floor":14},{"not_picked":["Fission","Machine Learning+1"],"picked":"Biased Cognition+1","floor":16},{"not_picked":["Compile Driver+1"],"picked":"SKIP","floor":18},{"not_picked":[],"picked":"BootSequence","floor":19},{"not_picked":["Streamline"],"picked":"SKIP","floor":20},{"not_picked":["Cold Snap","Streamline"],"picked":"SKIP","floor":24},{"not_picked":["Barrage+1"],"picked":"White Noise+1","floor":29},{"not_picked":["Electrodynamics+1"],"picked":"Machine Learning+1","floor":33},{"not_picked":["Turbo+1"],"picked":"Tempest+1","floor":35},{"not_picked":["Chill+1"],"picked":"Hologram+1","floor":38},{"not_picked":["Aggregate+1"],"picked":"Leap","floor":42},{"not_picked":["Hologram","Scrape"],"picked":"SKIP","floor":46},{"not_picked":["Compile Driver","Sweeping Beam"],"picked":"SKIP","floor":47},{"not_picked":["Turbo+1"],"picked":"FTL","floor":48}],"player_experience":102436,"relics_obtained":[{"floor":8,"key":"Odd Mushroom"},{"floor":9,"key":"Vajra"},{"floor":13,"key":"Peace Pipe"},{"floor":26,"key":"Boot"},{"floor":43,"key":"Potion Belt"},{"floor":46,"key":"Smiling Mask"}],"event_choices":[{"event_name":"Big Fish","player_choice":"Box","floor":3,"damage_taken":0},{"event_name":"Mushrooms","player_choice":"Fought Mushrooms","floor":8,"damage_taken":0},{"event_name":"WeMeetAgain","player_choice":"Potion","floor":10,"damage_taken":0},{"event_name":"The Mausoleum","player_choice":"Yes","floor":21,"damage_taken":0},{"event_name":"Addict","player_choice":"Stole Relic","floor":25,"damage_taken":0},{"event_name":"Beggar","player_choice":"Ignored","floor":30,"damage_taken":0},{"event_name":"The Library","player_choice":"Read","floor":31,"damage_taken":0},{"event_name":"Winding Halls","player_choice":"Max HP","floor":37,"damage_taken":0},{"event_name":"Tomb of Lord Red Mask","player_choice":"Paid","floor":39,"damage_taken":0}],"is_beta":false,"boss_relics":[{"not_picked":["Inserter","Snecko Eye"],"picked":"Busted Crown"},{"not_picked":["Astrolabe","Coffee Dripper"],"picked":"Fusion Hammer"}],"items_purged_floors":[7,22],"is_endless":false,"potions_floor_spawned":[1,6,14,16,18,33,35,42,46,48],"ascension_level":0}