{"gold_per_floor":[216,226,236,311,311,311,342,342,367,379,173,191,191,201,201,298,298,308,308,324,80,90,90,108,119,149,149,160,170,170,170,170,272,272,286,35,85,85,100,135,135,152,152,7,17,17,36,36,36,36],"floor_reached":51,"playtime":5228,"items_purged":[],"score":681,"play_id":"343002e2-1516-4b8a-a6c8-dc813a7b4777","local_time":"20190304151205","is_ascension_mode":false,"campfire_choices":[{"data":"Rage","floor":6,"key":"SMITH"},{"data":"Cleave","floor":13,"key":"SMITH"},{"floor":15,"key":"REST"},{"data":"Heavy Blade","floor":23,"key":"SMITH"},{"data":"Sword Boomerang","floor":27,"key":"SMITH"},{"floor":30,"key":"REST"},{"data":"Whirlwind","floor":32,"key":"SMITH"},{"data":"Bash","floor":41,"key":"SMITH"},{"data":"Bludgeon","floor":46,"key":"SMITH"},{"data":"Dual Wield","floor":49,"key":"SMITH"}],"neow_cost":"NONE","seed_source_timestamp":2764423937800,"circlet_count":0,"master_deck":["Strike_R","Strike_R","Strike_R","Strike_R","Defend_R","Defend_R","Bash+1","Iron Wave","Body Slam+1","Rage+1","Perfected Strike","Cleave+1","Perfected Strike","Flex","Demon Form","Heavy Blade+1","Cleave","Iron Wave+1","Anger","Sword Boomerang+1","Anger+1","Whirlwind+1","Bludgeon+1","Shrug It Off+1","Warcry+1","Dual Wield+1","Shockwave+1","Heavy Blade+1","Metallicize+1"],"relics":["Burning Blood","Strawberry","Red Skull","Brimstone","Runic Pyramid","Paper Frog","Tiny Chest","Philosopher\u0027s Stone","Bottled Flame","Blood Vial","Pantograph","Self Forming Clay","Bag of Marbles"],"potions_floor_usage":[7,7,18,22,33,33,33,42,45,50],"damage_taken":[{"damage":5,"enemies":"Small Slimes","floor":1,"turns":4},{"damage":1,"enemies":"Jaw Worm","floor":2,"turns":3},{"damage":1,"enemies":"2 Louse","floor":3,"turns":3},{"damage":35,"enemies":"Lagavulin","floor":7,"turns":9},{"damage":2,"enemies":"Blue Slaver","floor":10,"turns":3},{"damage":0,"enemies":"Lots of Slimes","floor":12,"turns":2},{"damage":0,"enemies":"Gremlin Gang","floor":14,"turns":2},{"damage":17,"enemies":"Slime Boss","floor":16,"turns":5},{"damage":2,"enemies":"Spheric Guardian","floor":18,"turns":3},{"damage":15,"enemies":"Shell Parasite","floor":20,"turns":4},{"damage":19,"enemies":"Snake Plant","floor":22,"turns":3},{"damage":3,"enemies":"3 Cultists","floor":24,"turns":3},{"damage":31,"enemies":"Shelled Parasite and Fungi","floor":25,"turns":3},{"damage":12,"enemies":"Chosen and Byrds","floor":28,"turns":3},{"damage":4,"enemies":"3 Cultists","floor":29,"turns":4},{"damage":24,"enemies":"Collector","floor":33,"turns":4},{"damage":19,"enemies":"3 Shapes","floor":35,"turns":3},{"damage":5,"enemies":"Orb Walker","floor":39,"turns":2},{"damage":0,"enemies":"Reptomancer","floor":40,"turns":3},{"damage":1,"enemies":"Transient","floor":42,"turns":5},{"damage":0,"enemies":"4 Shapes","floor":45,"turns":2},{"damage":18,"enemies":"Spire Growth","floor":47,"turns":3},{"damage":83,"enemies":"Awakened One","floor":50,"turns":6}],"seed_played":"-1618800475377277941","potions_obtained":[{"floor":1,"key":"EssenceOfSteel"},{"floor":2,"key":"SteroidPotion"},{"floor":7,"key":"AttackPotion"},{"floor":10,"key":"Poison Potion"},{"floor":20,"key":"Swift Potion"},{"floor":24,"key":"Explosive Potion"},{"floor":29,"key":"Energy Potion"},{"floor":31,"key":"FearPotion"},{"floor":31,"key":"Fruit Juice"},{"floor":33,"key":"PowerPotion"},{"floor":40,"key":"Fire Potion"},{"floor":45,"key":"FearPotion"}],"is_trial":false,"path_per_floor":["M","M","M","?","?","R","E","?","T","M","$","M","R","M","R","B",null,"M","?","M","$","M","R","M","M","T","R","M","M","R","?","R","B",null,"M","$","T","$","M","E","R","M","T","$","M","R","M","?","R","B",null],"character_chosen":"IRONCLAD","items_purchased":["Brimstone","Paper Frog","Bottled Flame","Bag of Marbles"],"campfire_rested":2,"item_purchase_floors":[11,21,36,44],"current_hp_per_floor":[80,80,80,69,69,69,47,40,40,44,44,50,50,56,82,71,87,87,87,78,78,65,65,68,43,43,43,37,39,65,65,65,52,92,79,79,79,79,82,90,90,92,92,92,92,92,80,80,80,15],"gold":36,"neow_bonus":"HUNDRED_GOLD","is_prod":false,"is_daily":false,"chose_seed":false,"campfire_upgraded":8,"win_rate":0,"timestamp":1551708725,"path_taken":["M","M","M","?","?","R","E","?","T","M","$","M","R","M","R","BOSS","M","?","M","$","?","R","M","M","T","R","?","M","R","?","R","BOSS","M","?","?","$","M","E","R","M","T","$","M","R","M","?","R","BOSS"],"build_version":"2019-01-23","purchased_purges":0,"victory":true,"max_hp_per_floor":[80,80,80,80,80,80,87,87,87,87,87,87,87,87,87,87,87,87,87,87,87,87,87,87,87,87,87,87,87,87,87,87,92,92,92,92,92,92,92,92,92,92,92,92,92,92,92,92,92,92],"card_choices":[{"not_picked":["Thunderclap","Dual Wield"],"picked":"Iron Wave","floor":1},{"not_picked":["Spot Weakness","Hemokinesis"],"picked":"Body Slam","floor":2},{"not_picked":["Fire Breathing","Power Through"],"picked":"Rage","floor":3},{"not_picked":["Dropkick","Clothesline"],"picked":"Perfected Strike","floor":7},{"not_picked":["Rage","Twin Strike"],"picked":"Cleave","floor":10},{"not_picked":["Wild Strike","Intimidate"],"picked":"Perfected Strike","floor":12},{"not_picked":["Warcry","Havoc"],"picked":"Flex","floor":14},{"not_picked":["Barricade","Offering"],"picked":"Demon Form","floor":16},{"not_picked":["Havoc","Shrug It Off"],"picked":"Heavy Blade","floor":18},{"not_picked":["Perfected Strike","Evolve"],"picked":"Cleave","floor":20},{"not_picked":["True Grit","Metallicize"],"picked":"Iron Wave+1","floor":22},{"not_picked":["Sever Soul","Cleave"],"picked":"Anger","floor":24},{"not_picked":["Body Slam","Pommel Strike+1"],"picked":"Sword Boomerang","floor":25},{"not_picked":["Impervious","Flex"],"picked":"Anger+1","floor":28},{"not_picked":["Cleave","Sever Soul+1"],"picked":"Whirlwind","floor":29},{"not_picked":["Brutality","Berserk"],"picked":"Bludgeon","floor":33},{"not_picked":["Ghostly Armor+1","Cleave"],"picked":"Shrug It Off+1","floor":35},{"not_picked":["True Grit","Iron Wave"],"picked":"Warcry+1","floor":39},{"not_picked":["Combust","Inflame"],"picked":"Dual Wield","floor":40},{"not_picked":["Body Slam+1","Sword Boomerang+1"],"picked":"Shockwave+1","floor":42},{"not_picked":["Intimidate+1","Anger"],"picked":"Heavy Blade+1","floor":45},{"not_picked":["Pommel Strike+1","Dropkick"],"picked":"Metallicize+1","floor":47}],"player_experience":91829,"relics_obtained":[{"floor":7,"key":"Strawberry"},{"floor":9,"key":"Red Skull"},{"floor":26,"key":"Tiny Chest"},{"floor":37,"key":"Blood Vial"},{"floor":40,"key":"Pantograph"},{"floor":43,"key":"Self Forming Clay"}],"event_choices":[{"damage_healed":0,"gold_gain":75,"player_choice":"Gather Gold","damage_taken":11,"max_hp_gain":0,"max_hp_loss":0,"event_name":"World of Goop","floor":4,"gold_loss":0},{"damage_healed":0,"gold_gain":0,"player_choice":"Grow","damage_taken":0,"max_hp_gain":0,"max_hp_loss":0,"event_name":"Living Wall","floor":5,"gold_loss":0,"cards_upgraded":["Body Slam"]},{"cards_removed":["Strike_R"],"damage_healed":0,"gold_gain":0,"player_choice":"Card Removal","damage_taken":7,"max_hp_gain":0,"max_hp_loss":0,"event_name":"Golden Wing","floor":8,"gold_loss":0},{"cards_removed":["Defend_R"],"damage_healed":0,"gold_gain":0,"player_choice":"Offered Basic","damage_taken":0,"max_hp_gain":0,"max_hp_loss":0,"event_name":"Bonfire Elementals","floor":19,"gold_loss":0},{"damage_healed":0,"gold_gain":0,"player_choice":"Got Potions","damage_taken":0,"max_hp_gain":0,"max_hp_loss":0,"event_name":"Lab","floor":31,"gold_loss":0},{"cards_removed":["Defend_R"],"damage_healed":0,"gold_gain":0,"player_choice":"Removed Skill","damage_taken":0,"max_hp_gain":0,"max_hp_loss":0,"event_name":"Falling","floor":48,"gold_loss":0}],"is_beta":false,"boss_relics":[{"not_picked":["Empty Cage","Runic Cube"],"picked":"Runic Pyramid"},{"not_picked":["Snecko Eye","Astrolabe"],"picked":"Philosopher\u0027s Stone"}],"items_purged_floors":[],"is_endless":false,"potions_floor_spawned":[1,2,7,10,20,24,29,33,40,45],"ascension_level":0}