{"gold_per_floor":[119,119,137,137,152,183,183,183,208,208,240,240,260,286,286,388,388,398,323,323,338,348,379,379,409,409,425,452,463,27,39,39,141,141,152,152,152,170,170,170,180,180,206,242,252,271,290,250,250,250,250,250,29,59,59],"floor_reached":55,"playtime":5446,"items_purged":["Defend_B"],"score":1123,"play_id":"5c4ae996-3df6-46a1-a416-58dc3e70f1dc","local_time":"20190106092231","is_ascension_mode":true,"campfire_choices":[{"data":"Defragment","floor":7,"key":"SMITH"},{"data":"Streamline","floor":10,"key":"SMITH"},{"data":"Go for the Eyes","floor":15,"key":"SMITH"},{"data":"Creative AI","floor":24,"key":"SMITH"},{"data":"Defragment","floor":32,"key":"SMITH"},{"data":"Machine Learning","floor":40,"key":"SMITH"},{"data":"Discovery","floor":42,"key":"SMITH"},{"floor":49,"key":"RECALL"},{"data":"Glacier","floor":52,"key":"SMITH"}],"neow_cost":"NONE","seed_source_timestamp":1250809468185213,"circlet_count":0,"master_deck":["Strike_B+1","Strike_B+1","Defend_B+1","Zap+1","Dualcast","Seek","Defragment+1","Coolheaded","BootSequence","Streamline+1","Cold Snap","Auto Shields","Go for the Eyes+1","Creative AI+1","Reprogram","White Noise","Defragment+1","FTL","Undo","Hologram","Machine Learning+1","Coolheaded+1","Chaos+1","Discovery+1","Panacea","Madness","Madness","Glacier+1","Chill","Redo+1","Self Repair+1","Undo+1"],"relics":["Cracked Core","War Paint","Happy Flower","PreservedInsect","DataDisk","Odd Mushroom","Coffee Dripper","Dream Catcher","Blood Vial","Prayer Wheel","Bottled Tornado","Orichalcum","Toolbox","Inserter","Mercury Hourglass","Oddly Smooth Stone","Letter Opener"],"potions_floor_usage":[6,11,22,25,25,25,38,45,54,55,55],"damage_taken":[{"damage":0,"enemies":"2 Louse","floor":1,"turns":2},{"damage":2,"enemies":"Jaw Worm","floor":3,"turns":4},{"damage":6,"enemies":"Small Slimes","floor":5,"turns":3},{"damage":17,"enemies":"Lagavulin","floor":6,"turns":8},{"damage":0,"enemies":"Gremlin Nob","floor":11,"turns":2},{"damage":0,"enemies":"2 Fungi Beasts","floor":13,"turns":2},{"damage":0,"enemies":"The Mushroom Lair","floor":14,"turns":4},{"damage":0,"enemies":"Hexaghost","floor":16,"turns":11},{"damage":0,"enemies":"3 Byrds","floor":18,"turns":5},{"damage":0,"enemies":"Shell Parasite","floor":21,"turns":4},{"damage":2,"enemies":"Snake Plant","floor":22,"turns":4},{"damage":3,"enemies":"Book of Stabbing","floor":23,"turns":4},{"damage":17,"enemies":"Slavers","floor":25,"turns":7},{"damage":8,"enemies":"3 Cultists","floor":27,"turns":6},{"damage":0,"enemies":"Book of Stabbing","floor":28,"turns":4},{"damage":16,"enemies":"Shelled Parasite and Fungi","floor":29,"turns":4},{"damage":5,"enemies":"Centurion and Healer","floor":31,"turns":7},{"damage":0,"enemies":"Champ","floor":33,"turns":8},{"damage":0,"enemies":"Orb Walker","floor":35,"turns":3},{"damage":17,"enemies":"3 Darklings","floor":38,"turns":6},{"damage":9,"enemies":"Transient","floor":41,"turns":5},{"damage":13,"enemies":"4 Shapes","floor":44,"turns":4},{"damage":14,"enemies":"Jaw Worm Horde","floor":45,"turns":7},{"damage":0,"enemies":"3 Darklings","floor":46,"turns":4},{"damage":0,"enemies":"Spire Growth","floor":47,"turns":5},{"damage":14,"enemies":"Time Eater","floor":50,"turns":11},{"damage":51,"enemies":"Shield and Spear","floor":54,"turns":10},{"damage":40,"enemies":"The Heart","floor":55,"turns":3}],"seed_played":"2067417377869067739","potions_obtained":[{"floor":1,"key":"AttackPotion"},{"floor":6,"key":"PowerPotion"},{"floor":14,"key":"Energy Potion"},{"floor":18,"key":"Energy Potion"},{"floor":20,"key":"Dexterity Potion"},{"floor":20,"key":"Swift Potion"},{"floor":21,"key":"Block Potion"},{"floor":22,"key":"Poison Potion"},{"floor":28,"key":"Explosive Potion"},{"floor":31,"key":"Explosive Potion"},{"floor":38,"key":"FairyPotion"},{"floor":44,"key":"SkillPotion"},{"floor":46,"key":"FearPotion"},{"floor":54,"key":"Explosive Potion"}],"is_trial":false,"path_per_floor":["M","?","M","?","M","E","R","?","T","R","E","?","M","?","R","B",null,"M","?","?","M","M","E","R","E","T","M","E","M","$","M","R","B",null,"M","?","?","M","?","R","M","R","T","M","M","M","M","?","R","B",null,"R","$","E","B"],"character_chosen":"DEFECT","items_purchased":["Orichalcum","Toolbox","FocusPotion","Oddly Smooth Stone"],"campfire_rested":0,"item_purchase_floors":[30,30,53,53],"current_hp_per_floor":[68,53,51,51,45,28,28,21,21,21,21,14,14,14,14,14,60,60,60,60,60,58,55,55,38,38,32,34,20,20,17,17,19,61,63,53,44,29,29,29,22,22,22,11,7,9,21,21,21,19,61,61,61,22,0],"gold":59,"neow_bonus":"TRANSFORM_CARD","is_prod":false,"is_daily":false,"chose_seed":false,"campfire_upgraded":8,"win_rate":0,"timestamp":1546788151,"path_taken":["M","?","M","?","M","E","R","?","T","R","E","?","M","?","R","BOSS","M","?","?","M","M","E","R","E","T","?","E","M","$","M","R","BOSS","M","?","?","M","?","R","M","R","T","M","M","M","?","?","R","BOSS","R","$","E","BOSS"],"build_version":"2019-01-03v4","purchased_purges":1,"victory":false,"max_hp_per_floor":[75,75,75,75,75,75,75,75,75,75,75,75,75,75,75,75,75,75,75,75,75,75,75,75,75,75,75,75,75,75,75,75,75,75,75,75,75,75,75,75,75,75,75,75,75,75,75,75,75,75,75,75,75,75,75],"card_choices":[{"not_picked":["Turbo","Stack"],"picked":"Defragment","floor":1},{"not_picked":["Compile Driver","Fusion"],"picked":"Coolheaded","floor":3},{"not_picked":["Aggregate","Consume"],"picked":"BootSequence","floor":5},{"not_picked":["Compile Driver","Leap"],"picked":"Streamline","floor":6},{"not_picked":["Stack","Storm"],"picked":"Cold Snap","floor":11},{"not_picked":["Conserve Battery","Streamline"],"picked":"Auto Shields","floor":13},{"not_picked":["Reprogram","Consume"],"picked":"Go for the Eyes","floor":14},{"not_picked":["Fission","Reboot"],"picked":"Creative AI","floor":16},{"not_picked":["Stack","Lockon","Go for the Eyes"],"picked":"SKIP","floor":18},{"not_picked":["Streamline","Reinforced Body"],"picked":"Reprogram","floor":21},{"not_picked":["Hologram","Compile Driver"],"picked":"White Noise","floor":22},{"not_picked":["Hello World","All For One","Gash+1"],"picked":"SKIP","floor":23},{"not_picked":["Darkness+1","Static Discharge","Conserve Battery"],"picked":"SKIP","floor":25},{"not_picked":["Doom and Gloom","Sunder"],"picked":"Defragment","floor":27},{"not_picked":["Turbo","Compile Driver+1","Lockon"],"picked":"SKIP","floor":27},{"not_picked":["Beam Cell","Streamline","Go for the Eyes+1"],"picked":"SKIP","floor":28},{"not_picked":["Hello World+1","Lockon"],"picked":"FTL","floor":29},{"not_picked":["Sweeping Beam","Genetic Algorithm"],"picked":"Undo","floor":29},{"not_picked":["Sweeping Beam","Beam Cell"],"picked":"Hologram","floor":31},{"not_picked":["Stack","Force Field","Beam Cell+1"],"picked":"SKIP","floor":31},{"not_picked":["All For One","Seek"],"picked":"Machine Learning","floor":33},{"not_picked":["Rebound","Cold Snap"],"picked":"Coolheaded+1","floor":35},{"not_picked":["BootSequence+1","Turbo+1"],"picked":"Chaos+1","floor":35},{"not_picked":["The Bomb","Blind"],"picked":"Discovery","floor":36},{"not_picked":["Trip","Impatience"],"picked":"Panacea","floor":36},{"not_picked":["Cold Snap+1","Rebound","Hologram+1"],"picked":"SKIP","floor":38},{"not_picked":["Go for the Eyes","Streamline","White Noise"],"picked":"SKIP","floor":38},{"not_picked":["Beam Cell","Hello World+1","Stack"],"picked":"SKIP","floor":41},{"not_picked":["Streamline","Rip and Tear+1","Rebound"],"picked":"SKIP","floor":41},{"not_picked":["Ball Lightning","Stack+1"],"picked":"Glacier","floor":44},{"not_picked":["Conserve Battery+1","Ball Lightning+1","Stack"],"picked":"SKIP","floor":44},{"not_picked":["Tempest+1","Go for the Eyes"],"picked":"Chill","floor":45},{"not_picked":["Sweeping Beam","Rebound+1","Genetic Algorithm"],"picked":"SKIP","floor":45},{"not_picked":["Leap","Sweeping Beam"],"picked":"Redo","floor":46},{"not_picked":["Skim+1","Electrodynamics"],"picked":"Self Repair+1","floor":46},{"not_picked":["Gash+1","Steam","Stack+1"],"picked":"SKIP","floor":47},{"not_picked":["Compile Driver+1","Ball Lightning+1","Rebound"],"picked":"SKIP","floor":47},{"not_picked":["Turbo","Fusion"],"picked":"Undo+1","floor":54}],"player_experience":502538,"relics_obtained":[{"floor":6,"key":"War Paint"},{"floor":9,"key":"PreservedInsect"},{"floor":11,"key":"DataDisk"},{"floor":14,"key":"Odd Mushroom"},{"floor":23,"key":"Dream Catcher"},{"floor":25,"key":"Blood Vial"},{"floor":26,"key":"Prayer Wheel"},{"floor":28,"key":"Bottled Tornado"},{"floor":54,"key":"Letter Opener"}],"event_choices":[{"damage_healed":0,"gold_gain":0,"player_choice":"Entered Light","damage_taken":15,"max_hp_gain":0,"max_hp_loss":0,"event_name":"Shining Light","floor":2,"gold_loss":0,"cards_upgraded":["Strike_B","Strike_B"]},{"cards_removed":["Defend_B"],"damage_healed":0,"gold_gain":0,"player_choice":"Forget","damage_taken":0,"max_hp_gain":0,"max_hp_loss":0,"event_name":"Living Wall","floor":4,"gold_loss":0},{"damage_healed":0,"gold_gain":0,"player_choice":"Success","damage_taken":7,"relics_obtained":["Happy Flower"],"max_hp_gain":0,"max_hp_loss":0,"event_name":"Scrap Ooze","floor":8,"gold_loss":0},{"cards_removed":["Strike_B"],"damage_healed":0,"gold_gain":0,"player_choice":"Card Removal","damage_taken":7,"max_hp_gain":0,"max_hp_loss":0,"event_name":"Golden Wing","floor":12,"gold_loss":0},{"damage_healed":0,"gold_gain":0,"player_choice":"Fought Mushrooms","damage_taken":0,"max_hp_gain":0,"max_hp_loss":0,"event_name":"Mushrooms","floor":14,"gold_loss":0},{"cards_removed":["Defend_B"],"damage_healed":0,"gold_gain":0,"player_choice":"Gave Gold","damage_taken":0,"max_hp_gain":0,"max_hp_loss":0,"event_name":"Beggar","floor":19,"gold_loss":75},{"damage_healed":0,"gold_gain":0,"player_choice":"Got Potions","damage_taken":0,"max_hp_gain":0,"max_hp_loss":0,"event_name":"Lab","floor":20,"gold_loss":0},{"damage_healed":0,"gold_gain":0,"player_choice":"Memory 3","damage_taken":10,"max_hp_gain":0,"max_hp_loss":0,"event_name":"SensoryStone","floor":36,"gold_loss":0},{"damage_healed":0,"gold_gain":0,"player_choice":"Embrace Madness","damage_taken":9,"max_hp_gain":0,"max_hp_loss":0,"event_name":"Winding Halls","floor":37,"gold_loss":0,"cards_obtained":["Madness","Madness"]},{"damage_healed":0,"gold_gain":0,"player_choice":"Gave Potion","damage_taken":0,"relics_obtained":["Mercury Hourglass"],"max_hp_gain":0,"max_hp_loss":0,"event_name":"WeMeetAgain","floor":39,"gold_loss":0},{"damage_healed":0,"gold_gain":0,"player_choice":"Upgrade","damage_taken":0,"max_hp_gain":0,"max_hp_loss":0,"event_name":"Designer","floor":48,"gold_loss":40,"cards_upgraded":["Redo"]}],"is_beta":false,"boss_relics":[{"not_picked":["Sozu","White Beast Statue"],"picked":"Coffee Dripper"},{"not_picked":["Eternal Feather","Runic Pyramid"],"picked":"Inserter"}],"items_purged_floors":[30],"is_endless":false,"potions_floor_spawned":[1,6,14,18,21,22,28,31,38,44,46,54],"killed_by":"The Heart","ascension_level":6}