{"path_per_floor":["M","M","M","M","M","R","E","R","T","E","M","R","?","M","R","B",null,"M","?","?","M","M","E","R","M","T"],"character_chosen":"IRONCLAD","items_purchased":[],"gold_per_floor":[13,27,44,58,74,74,101,101,128,163,181,181,181,201,201,321,321,344,344,344,359,384,422,422,443,443,443],"floor_reached":27,"campfire_rested":3,"playtime":2012,"current_hp_per_floor":[76,77,80,76,51,51,29,53,53,51,43,43,43,45,71,56,87,87,87,87,65,56,10,36,15,15,0],"items_purged":[],"gold":443,"score":259,"play_id":"ac99f936-ab01-4b43-ae3f-cefe06ab0ca9","local_time":"20180412022624","is_prod":false,"is_daily":false,"is_ascension_mode":true,"campfire_upgraded":2,"timestamp":1523514384,"path_taken":["M","M","M","M","?","R","E","R","T","E","M","R","?","M","R","BOSS","M","?","?","M","M","E","R","M","T","M"],"build_version":"2018-04-05v2","purchased_purges":0,"victory":false,"master_deck":["Strike_R","Strike_R","Defend_R","Defend_R","Defend_R","Defend_R","Bash","Searing Blow+2","Anger","Flex","Combust","Anger","Battle Trance","Fiend Fire","Armaments","Anger","Feed","Thunderclap","Sword Boomerang+1","Warcry","Havoc+1","Shrug It Off"],"max_hp_per_floor":[80,80,80,80,80,80,80,80,80,94,94,94,87,87,87,87,87,87,87,87,87,87,87,87,87,87,87],"relics":["Burning Blood","Ice Cream","Ancient Tea Set","Mango","Golden Idol","Runic Cube","Blood Vial","Letter Opener","Shovel"],"card_choices":[{"not_picked":["Flex","Havoc"],"picked":"Searing Blow","floor":1.0},{"not_picked":["Disarm","Combust"],"picked":"Anger","floor":2.0},{"not_picked":["True Grit","Heavy Blade"],"picked":"Flex","floor":3.0},{"not_picked":["Uppercut","Clothesline"],"picked":"Combust","floor":4.0},{"not_picked":["Havoc","Barricade"],"picked":"Anger","floor":5.0},{"not_picked":["Armaments","Thunderclap"],"picked":"Battle Trance","floor":7.0},{"not_picked":["Shrug It Off","Searing Blow"],"picked":"Fiend Fire","floor":10.0},{"not_picked":["Cleave","Fire Breathing"],"picked":"Armaments","floor":11.0},{"not_picked":["Carnage","Armaments"],"picked":"Anger","floor":14.0},{"not_picked":["Berserk","Immolate"],"picked":"Feed","floor":16.0},{"not_picked":["Carnage","Uppercut"],"picked":"Thunderclap","floor":18.0},{"not_picked":["Uppercut","Cleave"],"picked":"Sword Boomerang","floor":21.0},{"not_picked":["Anger","True Grit"],"picked":"Warcry","floor":22.0},{"not_picked":["Exhume","Cleave"],"picked":"Havoc","floor":23.0},{"not_picked":["Intimidate","Feel No Pain"],"picked":"Shrug It Off","floor":25.0}],"player_experience":221686,"potions_floor_usage":[27],"damage_taken":[{"damage":10.0,"enemies":"Cultist","floor":1.0,"turns":4.0},{"damage":5.0,"enemies":"2 Louse","floor":2.0,"turns":2.0},{"damage":0.0,"enemies":"Small Slimes","floor":3.0,"turns":3.0},{"damage":10.0,"enemies":"Exordium Wildlife","floor":4.0,"turns":3.0},{"damage":31.0,"enemies":"Exordium Thugs","floor":5.0,"turns":5.0},{"damage":28.0,"enemies":"Lagavulin","floor":7.0,"turns":5.0},{"damage":22.0,"enemies":"Gremlin Nob","floor":10.0,"turns":4.0},{"damage":14.0,"enemies":"3 Louse","floor":11.0,"turns":3.0},{"damage":4.0,"enemies":"2 Fungi Beasts","floor":14.0,"turns":3.0},{"damage":21.0,"enemies":"Slime Boss","floor":16.0,"turns":7.0},{"damage":2.0,"enemies":"Spheric Guardian","floor":18.0,"turns":3.0},{"damage":28.0,"enemies":"Shell Parasite","floor":21.0,"turns":5.0},{"damage":17.0,"enemies":"Snecko","floor":22.0,"turns":5.0},{"damage":63.0,"enemies":"Gremlin Leader","floor":23.0,"turns":5.0},{"damage":29.0,"enemies":"Slaver and Parasite","floor":25.0,"turns":4.0},{"damage":17,"enemies":"Centurion and Healer","floor":27,"turns":3}],"event_choices":[{"event_name":"Golden Idol","player_choice":"Lose Max HP","floor":13.0,"damage_taken":0.0},{"event_name":"Back to Basics","player_choice":"Elegance","floor":19.0,"damage_taken":0.0},{"event_name":"The Mausoleum","player_choice":"Yes","floor":20.0,"damage_taken":0.0}],"boss_relics":[],"potions_floor_spawned":[1,10,11,14,16,18,23,25],"seed_played":"-3541047523894585370","killed_by":"Centurion and Healer","ascension_level":1,"is_trial":false}