{"gold_per_floor":[118,129,129,146,158,190,112,112,135,152,170,136,136,148,148,252,252,272,47,57,72,272,272,272,187,240,266,266,190,208,224,224,319,319,339,350,350,24,38,38,38,54,54,54,54,67,81,97,97,97],"floor_reached":51,"playtime":3759,"items_purged":["Pain"],"score":628,"play_id":"6532ca50-e681-446a-9451-d730b7e061f5","local_time":"20180928180018","is_ascension_mode":false,"campfire_choices":[{"data":"Infernal Blade","floor":13,"key":"SMITH"},{"data":"Armaments","floor":15,"key":"SMITH"},{"data":"Whirlwind","floor":23,"key":"SMITH"},{"data":"Bash","floor":28,"key":"SMITH"},{"floor":32,"key":"REST"},{"data":"Heavy Blade","floor":40,"key":"SMITH"},{"data":"Limit Break","floor":45,"key":"SMITH"},{"floor":49,"key":"REST"}],"neow_cost":"TEN_PERCENT_HP_LOSS","seed_source_timestamp":5689810820509,"circlet_count":0,"master_deck":["Strike_R","Strike_R","Strike_R","Defend_R","Defend_R","Defend_R","Defend_R","Bash+1","Demon Form","Flame Barrier","Whirlwind+1","Cleave","Inflame","Flame Barrier","Infernal Blade+1","Armaments+1","Limit Break+1","Inflame","Flame Barrier","Heavy Blade+1","Offering","Reaper","Warcry+1","Cleave+1","Armaments+1"],"relics":["Burning Blood","Strawberry","Bronze Scales","Sozu","Vajra","Boot","Bag of Marbles","Lantern","Mark of Pain","WarpedTongs","Shuriken","Ginger","Champion Belt"],"potions_floor_usage":[10,10,50,50],"damage_taken":[{"damage":4,"enemies":"Cultist","floor":1,"turns":4},{"damage":3,"enemies":"Small Slimes","floor":2,"turns":4},{"damage":3,"enemies":"Jaw Worm","floor":4,"turns":6},{"damage":18,"enemies":"Lots of Slimes","floor":5,"turns":7},{"damage":31,"enemies":"Lagavulin","floor":6,"turns":6},{"damage":0,"enemies":"Large Slime","floor":10,"turns":4},{"damage":2,"enemies":"Blue Slaver","floor":11,"turns":4},{"damage":0,"enemies":"Lots of Slimes","floor":14,"turns":1},{"damage":47,"enemies":"The Guardian","floor":16,"turns":8},{"damage":23,"enemies":"2 Thieves","floor":18,"turns":4},{"damage":9,"enemies":"Shell Parasite","floor":20,"turns":5},{"damage":17,"enemies":"3 Cultists","floor":21,"turns":4},{"damage":1,"enemies":"Cultist and Chosen","floor":30,"turns":4},{"damage":35,"enemies":"Shelled Parasite and Fungi","floor":31,"turns":3},{"damage":26,"enemies":"Collector","floor":33,"turns":5},{"damage":6,"enemies":"3 Shapes","floor":35,"turns":5},{"damage":2,"enemies":"Orb Walker","floor":36,"turns":2},{"damage":6,"enemies":"Transient","floor":39,"turns":5},{"damage":6,"enemies":"Mind Bloom Boss Battle","floor":41,"turns":3},{"damage":31,"enemies":"4 Shapes","floor":42,"turns":2},{"damage":0,"enemies":"3 Darklings","floor":46,"turns":3},{"damage":10,"enemies":"Sphere and 2 Shapes","floor":47,"turns":3},{"damage":60,"enemies":"Reptomancer","floor":48,"turns":5},{"damage":64,"enemies":"Donu and Deca","floor":50,"turns":7}],"seed_played":"509014961487455522","potions_obtained":[{"floor":4,"key":"SkillPotion"},{"floor":5,"key":"Energy Potion"},{"floor":6,"key":"SteroidPotion"},{"floor":11,"key":"BloodPotion"}],"is_trial":false,"path_per_floor":["M","M","?","M","M","E","$","?","T","M","M","$","R","M","R","B",null,"M","$","M","M","?","R","?","?","T","T","R","$","M","M","R","B",null,"M","M","?","$","M","R","?","M","T","?","R","M","M","M","R","B"],"character_chosen":"IRONCLAD","items_purchased":["Inflame","Infernal Blade","Vajra","Inflame","Flame Barrier","Shuriken"],"campfire_rested":2,"item_purchase_floors":[7,12,19,19,29,38],"current_hp_per_floor":[72,72,65,68,56,38,38,38,38,44,48,48,48,54,54,13,79,62,62,59,48,48,48,48,48,48,48,48,48,53,24,47,27,79,79,79,79,79,79,79,79,60,60,60,60,79,75,34,57,24],"gold":97,"neow_bonus":"THREE_RARE_CARDS","is_prod":false,"is_daily":false,"chose_seed":false,"campfire_upgraded":6,"win_rate":0.0,"timestamp":1538150418,"path_taken":["M","?","?","M","?","E","$","?","T","M","M","?","R","M","R","BOSS","M","$","M","M","?","R","?","?","T","?","R","$","M","M","R","BOSS","M","M","?","$","M","R","?","M","T","?","R","M","?","M","R","BOSS"],"build_version":"2018-09-20","purchased_purges":1,"victory":true,"max_hp_per_floor":[72,72,72,72,72,79,79,79,79,79,79,79,79,79,79,79,79,79,79,79,79,79,79,79,79,79,79,79,79,79,79,79,79,79,79,79,79,79,79,79,79,79,79,79,79,79,79,79,79,79],"card_choices":[{"not_picked":["Juggernaut","Limit Break"],"picked":"Demon Form","floor":0},{"not_picked":["Twin Strike","Blood for Blood","Headbutt"],"picked":"SKIP","floor":1},{"not_picked":["Blood for Blood","Warcry"],"picked":"Flame Barrier","floor":2},{"not_picked":["Dropkick","Pummel","Thunderclap"],"picked":"SKIP","floor":4},{"not_picked":["Heavy Blade","Perfected Strike"],"picked":"Whirlwind","floor":5},{"not_picked":["Headbutt","Dark Embrace"],"picked":"Cleave","floor":6},{"not_picked":["Body Slam","Pummel"],"picked":"Flame Barrier","floor":10},{"not_picked":["Cleave","Iron Wave","Blood for Blood"],"picked":"SKIP","floor":11},{"not_picked":["True Grit","Twin Strike"],"picked":"Armaments","floor":14},{"not_picked":["Demon Form","Offering"],"picked":"Limit Break","floor":16},{"not_picked":["Clash","Dual Wield+1","Body Slam"],"picked":"SKIP","floor":18},{"not_picked":["Dual Wield+1","True Grit","Thunderclap"],"picked":"SKIP","floor":20},{"not_picked":["True Grit","Power Through","Searing Blow"],"picked":"SKIP","floor":21},{"not_picked":["Fire Breathing+1","Anger"],"picked":"Heavy Blade","floor":30},{"not_picked":["Sever Soul","Body Slam"],"picked":"Offering","floor":31},{"not_picked":["Double Tap","Berserk"],"picked":"Reaper","floor":33},{"not_picked":["Shrug It Off","Pommel Strike"],"picked":"Warcry+1","floor":35},{"not_picked":["Rampage+1","Warcry"],"picked":"Cleave+1","floor":36},{"not_picked":["Cleave","Disarm+1","Rage+1"],"picked":"SKIP","floor":39},{"not_picked":["Body Slam","Demon Form","Spot Weakness"],"picked":"SKIP","floor":42},{"not_picked":["Entrench","Clothesline"],"picked":"Armaments+1","floor":46},{"not_picked":["Seeing Red+1","Carnage","Dual Wield"],"picked":"SKIP","floor":47},{"not_picked":["Corruption","Sword Boomerang","Dropkick"],"picked":"SKIP","floor":48}],"player_experience":22640,"relics_obtained":[{"floor":6,"key":"Strawberry"},{"floor":9,"key":"Bronze Scales"},{"floor":26,"key":"Bag of Marbles"},{"floor":27,"key":"Lantern"},{"floor":41,"key":"Ginger"},{"floor":43,"key":"Champion Belt"}],"event_choices":[{"event_name":"Golden Wing","player_choice":"Card Removal","floor":3,"damage_taken":0},{"event_name":"Bonfire Elementals","player_choice":"BASIC","floor":8,"damage_taken":0},{"event_name":"Wheel of Change","player_choice":"Gold","floor":22,"damage_taken":0},{"event_name":"The Lab","player_choice":"Got Potions","floor":24,"damage_taken":0},{"event_name":"Addict","player_choice":"Obtained Relic","floor":25,"damage_taken":0},{"event_name":"Accursed Blacksmith","player_choice":"Rummage","floor":37,"damage_taken":0},{"event_name":"MindBloom","player_choice":"Fight","floor":41,"damage_taken":0},{"event_name":"SensoryStone","player_choice":"Memory 1","floor":44,"damage_taken":0}],"is_beta":false,"boss_relics":[{"not_picked":["Lizard Tail","Calling Bell"],"picked":"Sozu"},{"not_picked":["Empty Cage","White Beast Statue"],"picked":"Mark of Pain"}],"items_purged_floors":[38],"is_endless":false,"potions_floor_spawned":[4,5,6,11,18,30,36,42,47],"ascension_level":0}