{"gold_per_floor":[114,134,134,149,163,163,197,197,197,224,78,104,122,133,133,238,238,252,177,177,195,213,213,248,248,293,324,88,107,137,150,150,252,252,265,265,275,23,23,54,54,54],"floor_reached":42,"playtime":2831,"items_purged":["Strike_R"],"score":704,"play_id":"1068b89e-94a6-4628-a6e0-73817cfe5133","local_time":"20181101171621","is_ascension_mode":true,"campfire_choices":[{"data":"Armaments","floor":6,"key":"SMITH"},{"floor":8,"key":"REST"},{"data":"Bash","floor":15,"key":"SMITH"},{"data":"Feel No Pain","floor":23,"key":"SMITH"},{"data":"Corruption","floor":25,"key":"SMITH"},{"floor":32,"key":"REST"},{"data":"Feed","floor":41,"key":"SMITH"}],"neow_cost":"TEN_PERCENT_HP_LOSS","seed_source_timestamp":4888310645537,"circlet_count":0,"master_deck":["Strike_R","Strike_R","Strike_R","Defend_R","Defend_R","Defend_R","Defend_R","Bash+1","Cleave","Shrug It Off","Impervious","Armaments+1","Feel No Pain+1","Twin Strike","Corruption+1","Clothesline","Feed+1","Rampage","Sword Boomerang","Armaments+1","Apotheosis","Shrug It Off","True Grit+1","Exhume","Twin Strike+1","Whirlwind+1"],"relics":["Burning Blood","StoneCalendar","Omamori","Art of War","Odd Mushroom","Boot","Busted Crown","Meat on the Bone","MawBank","Dream Catcher","Sozu","Kunai","Bag of Marbles"],"potions_floor_usage":[16,16,16,22,24,33,33,40],"damage_taken":[{"damage":0,"enemies":"Small Slimes","floor":1,"turns":3},{"damage":1,"enemies":"2 Louse","floor":2,"turns":2},{"damage":13,"enemies":"Jaw Worm","floor":4,"turns":4},{"damage":16,"enemies":"Exordium Wildlife","floor":5,"turns":6},{"damage":32,"enemies":"3 Sentries","floor":7,"turns":7},{"damage":8,"enemies":"The Mushroom Lair","floor":10,"turns":5},{"damage":3,"enemies":"Lots of Slimes","floor":13,"turns":4},{"damage":0,"enemies":"Blue Slaver","floor":14,"turns":3},{"damage":33,"enemies":"The Guardian","floor":16,"turns":13},{"damage":10,"enemies":"Shell Parasite","floor":18,"turns":6},{"damage":1,"enemies":"3 Byrds","floor":21,"turns":7},{"damage":9,"enemies":"Snake Plant","floor":22,"turns":7},{"damage":40,"enemies":"Slavers","floor":24,"turns":7},{"damage":13,"enemies":"Snecko","floor":27,"turns":6},{"damage":19,"enemies":"3 Cultists","floor":29,"turns":7},{"damage":11,"enemies":"Book of Stabbing","floor":30,"turns":6},{"damage":26,"enemies":"Chosen and Byrds","floor":31,"turns":7},{"damage":46,"enemies":"Champ","floor":33,"turns":11},{"damage":11,"enemies":"3 Shapes","floor":35,"turns":7},{"damage":3,"enemies":"Orb Walker","floor":37,"turns":5},{"damage":55,"enemies":"2 Orb Walkers","floor":40,"turns":7},{"damage":69,"enemies":"Spire Growth","floor":42,"turns":6}],"seed_played":"3677193888712919436","potions_obtained":[{"floor":1,"key":"Weak Potion"},{"floor":2,"key":"FearPotion"},{"floor":14,"key":"LiquidBronze"},{"floor":16,"key":"Ancient Potion"},{"floor":21,"key":"Block Potion"},{"floor":22,"key":"Explosive Potion"},{"floor":30,"key":"Poison Potion"},{"floor":33,"key":"Energy Potion"}],"is_trial":false,"path_per_floor":["M","M","?","M","M","R","E","R","T","?","$","T","M","M","R","B",null,"M","?","?","M","M","R","E","R","T","M","$","M","E","M","R","B",null,"M","?","M","$","$","E","R"],"character_chosen":"IRONCLAD","items_purchased":["Corruption","Apotheosis","Shrug It Off","Kunai"],"campfire_rested":2,"item_purchase_floors":[11,28,28,38],"current_hp_per_floor":[72,72,72,65,55,55,29,50,50,48,48,48,51,57,57,30,62,62,62,62,70,67,67,36,36,36,44,44,47,54,46,72,44,78,77,77,84,84,84,47,47,0],"gold":54,"neow_bonus":"ONE_RARE_RELIC","is_prod":false,"is_daily":false,"chose_seed":false,"campfire_upgraded":5,"win_rate":0,"timestamp":1541088981,"path_taken":["M","M","?","M","M","R","E","R","T","?","?","?","M","M","R","BOSS","M","?","?","M","M","R","E","R","T","M","$","M","E","M","R","BOSS","M","?","?","?","$","E","R","M"],"build_version":"2018-10-11","purchased_purges":1,"victory":false,"max_hp_per_floor":[72,72,72,72,72,72,72,72,72,72,72,72,72,72,72,72,72,76,76,76,79,79,79,82,82,82,85,85,89,89,89,89,89,89,93,93,97,97,97,97,97,97],"card_choices":[{"not_picked":["Evolve","Sever Soul"],"picked":"Cleave","floor":1},{"not_picked":["Thunderclap","Pommel Strike"],"picked":"Shrug It Off","floor":2},{"not_picked":["Wild Strike","Pommel Strike"],"picked":"Impervious","floor":4},{"not_picked":["Infernal Blade","Cleave"],"picked":"Armaments","floor":5},{"not_picked":["Sword Boomerang","Shrug It Off"],"picked":"Feel No Pain","floor":7},{"not_picked":["Pommel Strike","Perfected Strike"],"picked":"Twin Strike","floor":10},{"not_picked":["Shrug It Off","Searing Blow"],"picked":"Clothesline","floor":13},{"not_picked":["Rage","Twin Strike","Cleave"],"picked":"SKIP","floor":14},{"not_picked":["Immolate","Berserk"],"picked":"Feed","floor":16},{"not_picked":["Dropkick"],"picked":"SKIP","floor":18},{"not_picked":[],"picked":"Rampage","floor":21},{"not_picked":["Rage"],"picked":"SKIP","floor":22},{"not_picked":[],"picked":"Sword Boomerang","floor":24},{"not_picked":[],"picked":"Armaments+1","floor":27},{"not_picked":["Anger+1"],"picked":"SKIP","floor":29},{"not_picked":["Rampage"],"picked":"SKIP","floor":30},{"not_picked":[],"picked":"True Grit+1","floor":31},{"not_picked":[],"picked":"Exhume","floor":33},{"not_picked":[],"picked":"Twin Strike+1","floor":35},{"not_picked":[],"picked":"Whirlwind+1","floor":37},{"not_picked":["Clash"],"picked":"SKIP","floor":40}],"player_experience":220201,"relics_obtained":[{"floor":7,"key":"Omamori"},{"floor":9,"key":"Art of War"},{"floor":10,"key":"Odd Mushroom"},{"floor":12,"key":"Boot"},{"floor":24,"key":"Meat on the Bone"},{"floor":26,"key":"MawBank"},{"floor":30,"key":"Dream Catcher"},{"floor":40,"key":"Bag of Marbles"}],"event_choices":[{"event_name":"Golden Idol","player_choice":"Ignored","floor":3,"damage_taken":0},{"event_name":"Mushrooms","player_choice":"Fought Mushrooms","floor":10,"damage_taken":0},{"event_name":"Beggar","player_choice":"Gave Gold","floor":19,"damage_taken":0},{"event_name":"The Mausoleum","player_choice":"No","floor":20,"damage_taken":0},{"event_name":"SensoryStone","player_choice":"Memory 1","floor":36,"damage_taken":0}],"is_beta":false,"boss_relics":[{"not_picked":["Pandora\u0027s Box","Astrolabe"],"picked":"Busted Crown"},{"not_picked":["White Beast Statue","Velvet Choker"],"picked":"Sozu"}],"items_purged_floors":[11],"is_endless":false,"potions_floor_spawned":[1,2,14,16,21,22,30,33,40],"killed_by":"Spire Growth","ascension_level":9}