{"gold_per_floor":[110,110,129,129,148,148,182,357,434,434,447,447,62,88,88,187,187,200,200,211,29,29,29,40,40,109,109,209,223,235,246,246,342,342,361,168,183,31,31,31,51,77,77,94,94,94,112,42,42,42],"floor_reached":51,"playtime":4624,"items_purged":["Defend_B","Doubt","Writhe"],"score":935,"play_id":"06d87bde-13dd-4989-b027-df8b304f6894","local_time":"20190301224725","is_ascension_mode":true,"campfire_choices":[{"data":"Darkness","floor":6,"key":"SMITH"},{"floor":10,"key":"REST"},{"data":"Gash","floor":15,"key":"SMITH"},{"data":"Buffer","floor":23,"key":"SMITH"},{"data":"Static Discharge","floor":25,"key":"SMITH"},{"data":"Electrodynamics","floor":27,"key":"SMITH"},{"floor":32,"key":"REST"},{"data":"Defragment","floor":40,"key":"SMITH"},{"data":"Dualcast","floor":45,"key":"SMITH"},{"floor":49,"key":"REST"}],"neow_cost":"NONE","seed_source_timestamp":275059937627202,"circlet_count":0,"master_deck":["Strike_B+1","Defend_B+1","Defend_B","Defend_B+1","Zap+1","Dualcast+1","Rebound","Darkness+1","Gash+1","Melter","Glacier","Electrodynamics+1","BootSequence","Buffer+1","Rebound","Cold Snap","Panacea","Storm","Thunder Strike+1","Static Discharge+1","Steam+1","Steam","Glacier","Buffer+1","Defragment+1","Capacitor+1","Leap+1","Consume+1","Ball Lightning","Defragment+1","Loop"],"relics":["Cracked Core","Centennial Puzzle","War Paint","Mercury Hourglass","Shuriken","DataDisk","Odd Mushroom","Busted Crown","Omamori","Sundial","Cursed Key","Whetstone","Regal Pillow","Ornamental Fan"],"potions_floor_usage":[16,16,16,42,42],"damage_taken":[{"damage":7,"enemies":"Jaw Worm","floor":1,"turns":3},{"damage":0,"enemies":"Small Slimes","floor":3,"turns":3},{"damage":0,"enemies":"Cultist","floor":5,"turns":4},{"damage":40,"enemies":"3 Sentries","floor":7,"turns":5},{"damage":0,"enemies":"Large Slime","floor":11,"turns":4},{"damage":12,"enemies":"The Mushroom Lair","floor":14,"turns":2},{"damage":6,"enemies":"Hexaghost","floor":16,"turns":8},{"damage":2,"enemies":"3 Byrds","floor":18,"turns":2},{"damage":0,"enemies":"Chosen","floor":20,"turns":4},{"damage":9,"enemies":"Sentry and Sphere","floor":24,"turns":4},{"damage":0,"enemies":"3 Cultists","floor":29,"turns":3},{"damage":10,"enemies":"Snecko","floor":30,"turns":4},{"damage":16,"enemies":"Snake Plant","floor":31,"turns":5},{"damage":27,"enemies":"Collector","floor":33,"turns":12},{"damage":0,"enemies":"Orb Walker","floor":35,"turns":4},{"damage":3,"enemies":"3 Darklings","floor":37,"turns":3},{"damage":11,"enemies":"4 Shapes","floor":41,"turns":2},{"damage":0,"enemies":"Giant Head","floor":42,"turns":10},{"damage":0,"enemies":"Maw","floor":44,"turns":7},{"damage":12,"enemies":"Jaw Worm Horde","floor":47,"turns":3},{"damage":26,"enemies":"Time Eater","floor":50,"turns":13}],"seed_played":"1344456549468471125","potions_obtained":[{"floor":3,"key":"Poison Potion"},{"floor":7,"key":"Fire Potion"},{"floor":14,"key":"Poison Potion"},{"floor":16,"key":"SteroidPotion"},{"floor":18,"key":"Strength Potion"},{"floor":20,"key":"Strength Potion"},{"floor":41,"key":"Block Potion"},{"floor":47,"key":"Dexterity Potion"}],"is_trial":false,"path_per_floor":["M","?","M","?","M","R","E","?","T","R","M","?","$","?","R","B",null,"M","?","M","$","?","R","M","R","T","R","?","M","M","M","R","B",null,"M","$","M","$","?","R","M","E","T","M","R","?","M","$","R","B",null],"character_chosen":"DEFECT","items_purchased":["DataDisk","Electrodynamics","Panacea","Defragment","Whetstone","Loop"],"campfire_rested":3,"item_purchase_floors":[13,13,21,36,38,48],"current_hp_per_floor":[61,61,61,61,61,61,21,21,21,43,43,31,31,19,19,13,60,58,58,58,58,58,58,49,49,49,49,49,49,39,23,45,18,61,61,61,58,58,58,58,47,47,47,47,47,47,35,35,72,46],"gold":42,"neow_bonus":"RANDOM_COMMON_RELIC","is_prod":false,"is_daily":false,"chose_seed":false,"campfire_upgraded":7,"win_rate":0,"timestamp":1551476845,"path_taken":["M","?","M","?","?","R","E","?","T","R","M","?","$","?","R","BOSS","M","?","M","$","?","R","M","R","T","R","?","M","M","?","R","BOSS","M","$","M","$","?","R","?","E","T","M","R","?","?","?","R","BOSS"],"build_version":"2019-01-23","purchased_purges":3,"victory":true,"max_hp_per_floor":[75,75,75,75,75,75,75,75,75,75,75,75,75,75,75,75,75,75,75,75,75,75,75,75,75,75,75,75,75,75,75,75,75,75,75,75,75,75,75,75,75,75,75,75,75,75,75,75,75,75],"card_choices":[{"not_picked":["Turbo","Hello World"],"picked":"Rebound","floor":1},{"not_picked":["Turbo","Reprogram"],"picked":"Darkness","floor":3},{"not_picked":["Capacitor","Consume"],"picked":"Gash","floor":5},{"not_picked":["Auto Shields","Conserve Battery"],"picked":"Melter","floor":7},{"not_picked":["Recycle","Undo"],"picked":"Glacier","floor":11},{"not_picked":["Loop","Cold Snap"],"picked":"BootSequence","floor":14},{"not_picked":["Meteor Strike","Multi-Cast"],"picked":"Buffer","floor":16},{"not_picked":[],"picked":"Rebound","floor":18},{"not_picked":[],"picked":"Cold Snap","floor":20},{"not_picked":[],"picked":"Static Discharge","floor":24},{"not_picked":[],"picked":"Steam+1","floor":29},{"not_picked":[],"picked":"Steam","floor":30},{"not_picked":[],"picked":"Glacier","floor":31},{"not_picked":[],"picked":"Buffer","floor":33},{"not_picked":["Stack"],"picked":"SKIP","floor":35},{"not_picked":[],"picked":"Capacitor+1","floor":37},{"not_picked":[],"picked":"Leap+1","floor":41},{"not_picked":[],"picked":"Consume+1","floor":42},{"not_picked":[],"picked":"Ball Lightning","floor":44},{"not_picked":["Storm"],"picked":"SKIP","floor":47}],"player_experience":812082,"relics_obtained":[{"floor":7,"key":"War Paint"},{"floor":9,"key":"Mercury Hourglass"},{"floor":14,"key":"Odd Mushroom"},{"floor":26,"key":"Sundial"},{"floor":42,"key":"Regal Pillow"},{"floor":43,"key":"Ornamental Fan"}],"event_choices":[{"damage_healed":0,"gold_gain":0,"player_choice":"Grow","damage_taken":0,"max_hp_gain":0,"max_hp_loss":0,"event_name":"Living Wall","floor":2,"gold_loss":0,"cards_upgraded":["Zap"]},{"cards_removed":["Strike_B"],"damage_healed":0,"gold_gain":0,"player_choice":"Purged","damage_taken":0,"max_hp_gain":0,"max_hp_loss":0,"event_name":"Purifier","floor":4,"gold_loss":0},{"damage_healed":0,"gold_gain":175,"player_choice":"AGREE","damage_taken":0,"max_hp_gain":0,"max_hp_loss":0,"event_name":"Liars Game","floor":8,"gold_loss":0,"cards_obtained":["Doubt"]},{"damage_healed":0,"gold_gain":0,"player_choice":"Success","damage_taken":12,"relics_obtained":["Shuriken"],"max_hp_gain":0,"max_hp_loss":0,"event_name":"Scrap Ooze","floor":12,"gold_loss":0},{"damage_healed":0,"gold_gain":0,"player_choice":"Fought Mushrooms","damage_taken":0,"max_hp_gain":0,"max_hp_loss":0,"event_name":"Mushrooms","floor":14,"gold_loss":0},{"damage_healed":0,"gold_gain":0,"player_choice":"Opened","damage_taken":0,"relics_obtained":["Omamori"],"max_hp_gain":0,"max_hp_loss":0,"event_name":"The Mausoleum","floor":19,"gold_loss":0,"cards_obtained":["Writhe"]},{"damage_healed":0,"gold_gain":0,"cards_transformed":["Strike_B","Strike_B"],"player_choice":"Became Test Subject","damage_taken":0,"max_hp_gain":0,"max_hp_loss":0,"event_name":"Drug Dealer","floor":22,"gold_loss":0,"cards_obtained":["Storm","Thunder Strike"]},{"damage_healed":0,"gold_gain":100,"player_choice":"Pray","damage_taken":0,"max_hp_gain":0,"max_hp_loss":0,"event_name":"Golden Shrine","floor":28,"gold_loss":0},{"damage_healed":0,"gold_gain":0,"player_choice":"Upgraded","damage_taken":0,"max_hp_gain":0,"max_hp_loss":0,"event_name":"Upgrade Shrine","floor":39,"gold_loss":0,"cards_upgraded":["Buffer"]},{"damage_healed":0,"gold_gain":0,"player_choice":"Copied","damage_taken":0,"max_hp_gain":0,"max_hp_loss":0,"event_name":"Duplicator","floor":46,"gold_loss":0,"cards_obtained":["Defragment"]}],"is_beta":false,"boss_relics":[{"not_picked":["Coffee Dripper","Velvet Choker"],"picked":"Busted Crown"},{"not_picked":["Orrery","Eternal Feather"],"picked":"Cursed Key"}],"items_purged_floors":[13,21,36],"is_endless":false,"potions_floor_spawned":[3,7,14,16,18,20,41,47],"ascension_level":8}