{"gold_per_floor":[112,187,187,287,303,303,331,341,341,368,368,401,401,433,433,433],"floor_reached":16,"playtime":486,"items_purged":[],"score":230,"play_id":"212fbdeb-18f5-46b9-a895-ddbb6c672792","local_time":"20190224120858","is_ascension_mode":true,"campfire_choices":[{"data":"Pommel Strike","floor":6,"key":"SMITH"},{"data":"Double Tap","floor":15,"key":"SMITH"}],"neow_cost":"NONE","seed_source_timestamp":584258148058992,"circlet_count":0,"master_deck":["AscendersBane","Strike_R","Strike_R","Strike_R","Strike_R","Strike_R","Defend_R","Defend_R","Defend_R","Defend_R","Bash","Pommel Strike+1","Double Tap+1","Perfected Strike","Whirlwind","Carnage","Headbutt"],"relics":["Burning Blood","NeowsBlessing","Bottled Lightning","Bronze Scales","Ornamental Fan","Kunai","Calipers","Darkstone Periapt"],"potions_floor_usage":[10,12,13,14],"damage_taken":[{"damage":0,"enemies":"Jaw Worm","floor":1,"turns":1},{"damage":0,"enemies":"Cultist","floor":5,"turns":1},{"damage":0,"enemies":"Gremlin Nob","floor":7,"turns":1},{"damage":15,"enemies":"Small Slimes","floor":8,"turns":3},{"damage":30,"enemies":"Lagavulin","floor":10,"turns":5},{"damage":20,"enemies":"3 Sentries","floor":12,"turns":4},{"damage":1,"enemies":"2 Fungi Beasts","floor":13,"turns":2},{"damage":18,"enemies":"Gremlin Nob","floor":14,"turns":3},{"damage":25,"enemies":"The Guardian","floor":16,"turns":7}],"seed_played":"4112788311084439780","potions_obtained":[{"floor":1,"key":"Weak Potion"},{"floor":8,"key":"Explosive Potion"},{"floor":10,"key":"SkillPotion"},{"floor":12,"key":"SmokeBomb"}],"is_trial":false,"path_per_floor":["M","?","$","?","M","R","E","M","T","E","T","E","M","E","R","B"],"character_chosen":"IRONCLAD","items_purchased":[],"campfire_rested":0,"item_purchase_floors":[],"current_hp_per_floor":[78,67,67,67,73,73,79,70,70,46,46,32,37,25,25,0],"gold":433,"neow_bonus":"THREE_ENEMY_KILL","is_prod":false,"is_daily":false,"chose_seed":false,"campfire_upgraded":2,"win_rate":0,"timestamp":1551006538,"path_taken":["M","?","$","?","M","R","E","?","T","E","?","E","M","E","R","BOSS"],"build_version":"2019-01-23","purchased_purges":0,"victory":false,"max_hp_per_floor":[80,80,80,80,80,80,80,80,80,80,80,80,80,80,80,80],"card_choices":[{"not_picked":["Clash","Heavy Blade"],"picked":"Pommel Strike","floor":1},{"not_picked":["Warcry","Clash","Blood for Blood"],"picked":"SKIP","floor":5},{"not_picked":["Burning Pact","Body Slam"],"picked":"Double Tap","floor":7},{"not_picked":["Bloodletting","Warcry"],"picked":"Perfected Strike","floor":8},{"not_picked":["Feel No Pain","Anger"],"picked":"Whirlwind","floor":10},{"not_picked":["Dark Embrace","Thunderclap"],"picked":"Carnage","floor":12},{"not_picked":["Flex","Corruption"],"picked":"Headbutt","floor":14}],"player_experience":756589,"relics_obtained":[{"floor":7,"key":"Bottled Lightning"},{"floor":9,"key":"Bronze Scales"},{"floor":10,"key":"Ornamental Fan"},{"floor":11,"key":"Kunai"},{"floor":12,"key":"Calipers"},{"floor":14,"key":"Darkstone Periapt"}],"event_choices":[{"damage_healed":0,"gold_gain":75,"player_choice":"Gather Gold","damage_taken":11,"max_hp_gain":0,"max_hp_loss":0,"event_name":"World of Goop","floor":2,"gold_loss":0},{"damage_healed":0,"gold_gain":100,"player_choice":"Pray","damage_taken":0,"max_hp_gain":0,"max_hp_loss":0,"event_name":"Golden Shrine","floor":4,"gold_loss":0}],"is_beta":false,"boss_relics":[],"items_purged_floors":[],"is_endless":false,"potions_floor_spawned":[1,8,10,12],"killed_by":"The Guardian","ascension_level":10}