{"gold_per_floor":[114,189,189,35,47,47,59,59,109,144,159,178,194,228,228,332,332,343,343],"floor_reached":19,"playtime":1782,"items_purged":["Strike_B"],"score":240,"play_id":"78a01a1b-abe7-47cd-b41e-04e8a39f1b12","local_time":"20181215032441","is_ascension_mode":true,"campfire_choices":[{"data":"Defragment","floor":6.0,"key":"SMITH"},{"data":"Creative AI","floor":8,"key":"SMITH"},{"data":"Genetic Algorithm","floor":15,"key":"SMITH"}],"neow_cost":"TEN_PERCENT_HP_LOSS","seed_source_timestamp":0,"circlet_count":0,"master_deck":["Strike_B","Defend_B","Defend_B","Defend_B","Defend_B","Zap","Dualcast","Storm","Creative AI+1","Go for the Eyes","Defragment+1","Chill","Redo","Chill","BootSequence","Genetic Algorithm+1","Seek"],"special_seed":0,"relics":["Cracked Core","Vajra","Sundial","Thread and Needle","Coffee Dripper"],"potions_floor_usage":[16,16,19],"damage_taken":[{"damage":2.0,"enemies":"2 Louse","floor":1.0,"turns":3.0},{"damage":3.0,"enemies":"Jaw Worm","floor":5.0,"turns":3.0},{"damage":0.0,"enemies":"Cultist","floor":7.0,"turns":3.0},{"damage":4,"enemies":"Gremlin Nob","floor":10,"turns":4},{"damage":2,"enemies":"Looter","floor":11,"turns":4},{"damage":0,"enemies":"3 Louse","floor":12,"turns":5},{"damage":28,"enemies":"Exordium Thugs","floor":13,"turns":6},{"damage":3,"enemies":"Lagavulin","floor":14,"turns":6},{"damage":0,"enemies":"Slime Boss","floor":16,"turns":9},{"damage":8,"enemies":"3 Byrds","floor":18,"turns":6},{"damage":2,"enemies":"Colosseum Slavers","floor":19,"turns":5},{"damage":63,"enemies":"Colosseum Nobs","floor":19,"turns":4}],"seed_played":"8331132495935571619","potions_obtained":[{"floor":13,"key":"Swift Potion"},{"floor":14,"key":"Dexterity Potion"},{"floor":18,"key":"Ancient Potion"}],"is_trial":false,"path_per_floor":["M","?","?","$","M","R","M","R","T","E","M","M","M","E","R","B",null,"M","?"],"character_chosen":"DEFECT","items_purchased":["Defragment"],"campfire_rested":0,"item_purchase_floors":[4],"current_hp_per_floor":[66,55,49,49,46,46,46,46,46,42,40,40,12,9,9,9,68,60,0],"gold":343,"neow_bonus":"TRANSFORM_TWO_CARDS","is_prod":false,"is_daily":false,"chose_seed":false,"campfire_upgraded":3,"win_rate":0,"timestamp":1544865881,"path_taken":["M","?","?","$","?","R","M","R","T","E","M","M","M","E","R","BOSS","M","?"],"build_version":"2018-12-13","purchased_purges":1,"victory":false,"max_hp_per_floor":[68,68,68,68,68,68,68,68,68,68,68,68,68,68,68,68,68,68,68],"card_choices":[{"not_picked":["Steam","Lockon"],"picked":"Go for the Eyes","floor":1.0},{"not_picked":["Redo","Leap"],"picked":"Chill","floor":5.0},{"not_picked":["Reprogram","Go for the Eyes","Biased Cognition"],"picked":"SKIP","floor":7.0},{"not_picked":["Doom and Gloom","Beam Cell"],"picked":"Redo","floor":10},{"not_picked":["Aggregate","Skim","Stack"],"picked":"SKIP","floor":11},{"not_picked":["Doom and Gloom","Leap"],"picked":"Chill","floor":12},{"not_picked":["Tempest","Sweeping Beam"],"picked":"BootSequence","floor":13},{"not_picked":["Tempest","Steam"],"picked":"Genetic Algorithm","floor":14},{"not_picked":["Thunder Strike","Machine Learning"],"picked":"Seek","floor":16},{"not_picked":["Darkness+1","Doom and Gloom","Hello World"],"picked":"SKIP","floor":18}],"player_experience":171305,"relics_obtained":[{"floor":9,"key":"Vajra"},{"floor":10,"key":"Sundial"},{"floor":14,"key":"Thread and Needle"}],"event_choices":[{"damage_healed":0.0,"max_hp_gain":0.0,"max_hp_loss":0.0,"gold_gain":75.0,"event_name":"World of Goop","player_choice":"Gather Gold","floor":2.0,"gold_loss":0.0,"damage_taken":11.0},{"damage_healed":0.0,"max_hp_gain":0.0,"max_hp_loss":0.0,"gold_gain":0.0,"event_name":"Wheel of Change","player_choice":"Damaged","floor":3.0,"gold_loss":0.0,"damage_taken":6.0},{"damage_healed":0,"gold_gain":0,"player_choice":"Fight","damage_taken":0,"max_hp_gain":0,"max_hp_loss":0,"event_name":"Colosseum","floor":19,"gold_loss":0},{"damage_healed":0,"gold_gain":0,"player_choice":"Fought Nobs","damage_taken":0,"max_hp_gain":0,"max_hp_loss":0,"event_name":"Colosseum","floor":19,"gold_loss":0}],"is_beta":false,"boss_relics":[{"not_picked":["Runic Dome","Runic Pyramid"],"picked":"Coffee Dripper"}],"items_purged_floors":[4],"is_endless":false,"potions_floor_spawned":[13,14,18],"killed_by":"Colosseum Nobs","ascension_level":1}