{"gold_per_floor":[111,130,130,47,62,88,101,101,101,26,26,46,59,69,69,69],"floor_reached":16,"playtime":620,"items_purged":["Strike_R"],"score":104,"play_id":"0c8e76da-a558-4400-9ccb-828218065452","local_time":"20190302202912","is_ascension_mode":false,"campfire_choices":[{"data":"Burning Pact","floor":8,"key":"SMITH"},{"floor":15,"key":"REST"}],"neow_cost":"NONE","seed_source_timestamp":517476367383200,"circlet_count":0,"master_deck":["Strike_R","Strike_R","Strike_R","Strike_R","Defend_R","Defend_R","Defend_R+1","Defend_R+1","Bash","Flash of Steel","Burning Pact+1"],"relics":["Burning Blood","Pear","Bottled Flame","Gremlin Horn"],"potions_floor_usage":[13,16,16,16],"damage_taken":[{"damage":3,"enemies":"Cultist","floor":1,"turns":5},{"damage":8,"enemies":"2 Louse","floor":2,"turns":3},{"damage":11,"enemies":"Jaw Worm","floor":5,"turns":3},{"damage":35,"enemies":"3 Sentries","floor":6,"turns":13},{"damage":19,"enemies":"Lots of Slimes","floor":7,"turns":5},{"damage":8,"enemies":"3 Louse","floor":12,"turns":4},{"damage":7,"enemies":"Exordium Thugs","floor":13,"turns":5},{"damage":6,"enemies":"Looter","floor":14,"turns":5},{"damage":61,"enemies":"Hexaghost","floor":16,"turns":14}],"seed_played":"-8017863246795776833","potions_obtained":[{"floor":6,"key":"Dexterity Potion"},{"floor":7,"key":"FearPotion"},{"floor":12,"key":"Regen Potion"},{"floor":13,"key":"Poison Potion"}],"is_trial":false,"path_per_floor":["M","M","?","$","M","E","M","R","T","$","?","M","M","M","R","B"],"character_chosen":"IRONCLAD","items_purchased":["Flash of Steel"],"campfire_rested":1,"item_purchase_floors":[4],"current_hp_per_floor":[80,78,81,81,76,47,34,34,34,34,16,14,27,27,54,0],"gold":69,"neow_bonus":"THREE_CARDS","is_prod":false,"is_daily":false,"chose_seed":false,"campfire_upgraded":1,"win_rate":0,"timestamp":1551576552,"path_taken":["M","M","?","$","M","E","M","R","T","$","?","M","M","M","R","BOSS"],"build_version":"2019-01-23","purchased_purges":1,"victory":false,"max_hp_per_floor":[80,80,90,90,90,90,90,90,90,90,90,90,90,90,90,90],"card_choices":[{"not_picked":["Armaments","Sword Boomerang","Pommel Strike"],"picked":"SKIP","floor":1},{"not_picked":["Cleave","Iron Wave","Fire Breathing"],"picked":"SKIP","floor":2},{"not_picked":["Sword Boomerang","Warcry","Evolve"],"picked":"SKIP","floor":5},{"not_picked":["Carnage","Anger","Wild Strike"],"picked":"SKIP","floor":6},{"not_picked":["Brutality","Sever Soul"],"picked":"Burning Pact","floor":7},{"not_picked":["Clothesline","Cleave","Rampage"],"picked":"SKIP","floor":12},{"not_picked":["Sword Boomerang","Infernal Blade","Flex"],"picked":"SKIP","floor":13},{"not_picked":["Combust","Flame Barrier","Thunderclap"],"picked":"SKIP","floor":14}],"player_experience":1283723,"relics_obtained":[{"floor":6,"key":"Bottled Flame"},{"floor":9,"key":"Gremlin Horn"}],"event_choices":[{"damage_healed":0,"gold_gain":0,"player_choice":"Success","damage_taken":7,"relics_obtained":["Pear"],"max_hp_gain":0,"max_hp_loss":0,"event_name":"Scrap Ooze","floor":3,"gold_loss":0},{"damage_healed":0,"gold_gain":0,"player_choice":"Entered Light","damage_taken":18,"max_hp_gain":0,"max_hp_loss":0,"event_name":"Shining Light","floor":11,"gold_loss":0,"cards_upgraded":["Defend_R","Defend_R"]}],"is_beta":false,"boss_relics":[],"items_purged_floors":[10],"is_endless":false,"potions_floor_spawned":[6,7,12,13,14],"killed_by":"Hexaghost","ascension_level":0}