{"gold_per_floor":[111,111,111,111,111,111,149,164,187,211,226,226,226,301,301,427,427,450,465,465,492,504],"floor_reached":22,"playtime":950,"items_purged":[],"score":182,"play_id":"bc4320af-4681-4ce7-a5f8-ab5e1e27462f","local_time":"20181103114258","is_ascension_mode":false,"campfire_choices":[{"data":"Dualcast","floor":6,"key":"SMITH"},{"data":"Self Repair","floor":13,"key":"SMITH"},{"floor":15,"key":"REST"}],"neow_cost":"NONE","seed_source_timestamp":1433566074033973,"circlet_count":0,"master_deck":["Strike_B","Strike_B","Strike_B","Defend_B","Defend_B","Defend_B","Defend_B","Zap+1","Dualcast+1","Sunder","Steam","Auto Shields","Self Repair+1","Buffer","Beam Cell","Glacier"],"relics":["Cracked Core","Blood Vial","Golden Idol","Letter Opener","Potion Belt","FossilizedHelix","Nuclear Battery","Nilry\u0027s Codex","MawBank"],"potions_floor_usage":[11,22],"damage_taken":[{"damage":0,"enemies":"Cultist","floor":1,"turns":3},{"damage":36,"enemies":"Gremlin Nob","floor":7,"turns":4},{"damage":0,"enemies":"2 Louse","floor":8,"turns":2},{"damage":0,"enemies":"Small Slimes","floor":10,"turns":2},{"damage":6,"enemies":"Exordium Thugs","floor":11,"turns":4},{"damage":26,"enemies":"The Guardian","floor":16,"turns":14},{"damage":0,"enemies":"Spheric Guardian","floor":18,"turns":5},{"damage":6,"enemies":"Shell Parasite","floor":19,"turns":8},{"damage":71,"enemies":"Shelled Parasite and Fungi","floor":22,"turns":16}],"seed_played":"-4338090322474648129","potions_obtained":[{"floor":7,"key":"FearPotion"},{"floor":8,"key":"Explosive Potion"},{"floor":16,"key":"Regen Potion"},{"floor":18,"key":"Strength Potion"}],"is_trial":false,"path_per_floor":["M","?","?","?","?","R","E","M","T","M","M","T","R","?","R","B",null,"M","M","?","T","M"],"character_chosen":"DEFECT","items_purchased":[],"campfire_rested":1,"item_purchase_floors":[],"current_hp_per_floor":[75,75,69,62,62,62,28,30,30,32,28,28,28,17,37,23,69,69,69,53,53,0],"gold":504,"neow_bonus":"RANDOM_COMMON_RELIC","is_prod":false,"is_daily":false,"chose_seed":false,"campfire_upgraded":2,"win_rate":0,"timestamp":1541241778,"path_taken":["M","?","?","?","?","R","E","?","T","M","?","?","R","?","R","BOSS","M","M","?","?","?"],"build_version":"2018-11-01","purchased_purges":0,"victory":false,"max_hp_per_floor":[75,75,69,69,69,69,69,69,69,69,69,69,69,69,69,69,69,69,69,69,69,69],"card_choices":[{"not_picked":["Leap","Rip and Tear"],"picked":"Sunder","floor":1},{"not_picked":["Gash","Meteor Strike"],"picked":"Steam","floor":7},{"not_picked":["Tempest","Aggregate"],"picked":"Auto Shields","floor":8},{"not_picked":["Coolheaded","Steam Power"],"picked":"Self Repair","floor":10},{"not_picked":["Sunder","Steam Power","Barrage"],"picked":"SKIP","floor":11},{"not_picked":["Thunder Strike","Amplify"],"picked":"Buffer","floor":16},{"not_picked":["Streamline","Barrage"],"picked":"Beam Cell","floor":18},{"not_picked":["Hologram","Go for the Eyes+1"],"picked":"Glacier","floor":19}],"player_experience":255715,"relics_obtained":[{"floor":7,"key":"Letter Opener"},{"floor":9,"key":"Potion Belt"},{"floor":12,"key":"FossilizedHelix"},{"floor":20,"key":"Nilry\u0027s Codex"},{"floor":21,"key":"MawBank"}],"event_choices":[{"damage_healed":0,"gold_gain":0,"player_choice":"Ignored","damage_taken":0,"max_hp_gain":0,"max_hp_loss":0,"event_name":"Liars Game","floor":2,"gold_loss":0},{"damage_healed":0,"gold_gain":0,"player_choice":"Lose Max HP","damage_taken":0,"relics_obtained":["Golden Idol"],"max_hp_gain":0,"max_hp_loss":6,"event_name":"Golden Idol","floor":3,"gold_loss":0},{"cards_removed":["Strike_B"],"damage_healed":0,"gold_gain":0,"player_choice":"Card Removal","damage_taken":7,"max_hp_gain":0,"max_hp_loss":0,"event_name":"Golden Wing","floor":4,"gold_loss":0},{"damage_healed":0,"gold_gain":0,"player_choice":"Upgraded","damage_taken":0,"max_hp_gain":0,"max_hp_loss":0,"event_name":"Upgrade Shrine","floor":5,"gold_loss":0,"cards_upgraded":["Zap"]},{"damage_healed":0,"gold_gain":75,"player_choice":"Gather Gold","damage_taken":11,"max_hp_gain":0,"max_hp_loss":0,"event_name":"World of Goop","floor":14,"gold_loss":0},{"damage_healed":0,"gold_gain":0,"player_choice":"Obtained Book","damage_taken":16,"max_hp_gain":0,"max_hp_loss":0,"event_name":"Cursed Tome","floor":20,"gold_loss":0}],"is_beta":false,"boss_relics":[{"not_picked":["Tiny House","Black Star"],"picked":"Nuclear Battery"}],"items_purged_floors":[],"is_endless":false,"potions_floor_spawned":[7,8,16,18],"killed_by":"Shelled Parasite and Fungi","ascension_level":0}