{"gold_per_floor":[111,111,121,138,138,138,45,45,45,45,60,76,39,52,52,152,152,164,214,214,18,31,31,43,55,55,55,73,85,85],"floor_reached":30,"playtime":2415,"items_purged":[],"score":224,"play_id":"fae1b16c-12d3-4cb4-aa50-80b3dbb07737","local_time":"20181003043149","is_ascension_mode":false,"campfire_choices":[{"data":"Neutralize","floor":6,"key":"SMITH"},{"data":"Noxious Fumes","floor":8,"key":"SMITH"},{"data":"Bouncing Flask","floor":10,"key":"SMITH"},{"data":"Leg Sweep","floor":15,"key":"SMITH"},{"data":"A Thousand Cuts","floor":23,"key":"SMITH"}],"neow_cost":"NONE","seed_source_timestamp":25698809962635,"circlet_count":0,"master_deck":["Defend_G+1","Defend_G+1","Defend_G+1","Defend_G+1","Defend_G+1","Strike_G+1","Strike_G+1","Strike_G+1","Strike_G+1","Strike_G+1","Survivor","Neutralize+1","Blade Dance","Bouncing Flask+1","Heel Hook","Blade Dance","Backflip","Noxious Fumes+1","Poisoned Stab+1","PiercingWail","Footwork","Leg Sweep+1","Adrenaline","Escape Plan","Dagger Throw+1","Bane+1","Prepared","Prepared","A Thousand Cuts+1","Tactician","Dagger Spray+1","Poisoned Stab+1","PiercingWail"],"relics":["Sozu","Pear","Molten Egg 2","Orrery","Blood Vial"],"potions_floor_usage":[],"damage_taken":[{"damage":3,"enemies":"Jaw Worm","floor":1,"turns":4},{"damage":3,"enemies":"2 Louse","floor":3,"turns":2},{"damage":0,"enemies":"Small Slimes","floor":4,"turns":3},{"damage":0,"enemies":"Exordium Wildlife","floor":11,"turns":2},{"damage":8,"enemies":"Red Slaver","floor":12,"turns":3},{"damage":0,"enemies":"Lots of Slimes","floor":14,"turns":5},{"damage":13,"enemies":"Slime Boss","floor":16,"turns":10},{"damage":0,"enemies":"3 Byrds","floor":18,"turns":6},{"damage":12,"enemies":"Spheric Guardian","floor":22,"turns":5},{"damage":21,"enemies":"3 Cultists","floor":24,"turns":5},{"damage":16,"enemies":"Snake Plant","floor":25,"turns":5},{"damage":13,"enemies":"Shelled Parasite and Fungi","floor":28,"turns":5},{"damage":14,"enemies":"Cultist and Chosen","floor":29,"turns":6},{"damage":12,"enemies":"Centurion and Healer","floor":30,"turns":2}],"seed_played":"4449974245890759660","potions_obtained":[],"is_trial":false,"path_per_floor":["M","?","M","M","?","R","$","R","T","R","M","M","$","M","R","B",null,"M","?","?","$","M","R","M","M","T","?","M","M"],"character_chosen":"THE_SILENT","items_purchased":["Backflip","Noxious Fumes","Footwork","A Thousand Cuts","Tactician"],"campfire_rested":0,"item_purchase_floors":[7,7,13,21,21],"current_hp_per_floor":[67,65,62,62,62,62,62,62,62,62,62,54,54,54,54,41,80,80,80,80,80,68,68,47,31,31,31,20,8,0],"gold":85,"neow_bonus":"BOSS_RELIC","is_prod":false,"is_daily":false,"chose_seed":false,"campfire_upgraded":5,"win_rate":0.0,"timestamp":1538533909,"path_taken":["M","?","M","M","?","R","?","R","T","R","M","?","$","?","R","BOSS","M","?","?","$","M","R","M","M","T","?","M","?","M"],"build_version":"2018-09-20","purchased_purges":0,"victory":false,"max_hp_per_floor":[70,80,80,80,80,80,80,80,80,80,80,80,80,80,80,80,80,80,80,80,80,80,80,80,80,80,80,80,80,80],"card_choices":[{"not_picked":["Prepared","Underhanded Strike"],"picked":"Blade Dance","floor":1},{"not_picked":["Terror","PiercingWail"],"picked":"Bouncing Flask","floor":3},{"not_picked":["Outmaneuver","Riddle With Holes","Dodge and Roll"],"picked":"SKIP","floor":4},{"not_picked":["Deadly Poison","Sucker Punch+1"],"picked":"Poisoned Stab+1","floor":11},{"not_picked":["Envenom","Dagger Throw+1"],"picked":"PiercingWail","floor":12},{"not_picked":["Bane+1","Terror"],"picked":"Leg Sweep","floor":14},{"not_picked":["Night Terror","Tools of the Trade"],"picked":"Adrenaline","floor":16},{"not_picked":["Deflect","Flying Knee+1"],"picked":"Escape Plan","floor":17},{"not_picked":["Calculated Gamble","Finisher+1"],"picked":"Dagger Throw+1","floor":17},{"not_picked":["Sucker Punch+1","Envenom"],"picked":"Bane+1","floor":17},{"not_picked":["Blade Dance","Distraction"],"picked":"Prepared","floor":17},{"not_picked":["Flying Knee+1","Finisher+1"],"picked":"Prepared","floor":17},{"not_picked":["Quick Slash+1","Flechettes+1","Eviscerate+1"],"picked":"SKIP","floor":18},{"not_picked":["Quick Slash+1","Flying Knee+1","Deflect"],"picked":"SKIP","floor":22},{"not_picked":["Quick Slash+1","Expertise+1"],"picked":"Dagger Spray+1","floor":24},{"not_picked":["Riddle With Holes+1","Slice+1"],"picked":"Poisoned Stab+1","floor":25},{"not_picked":["Slice+1","Flying Knee+1","Bane+1"],"picked":"SKIP","floor":28},{"not_picked":["Slice+1","All Out Attack+1"],"picked":"PiercingWail","floor":29}],"player_experience":52227,"relics_obtained":[{"floor":9,"key":"Molten Egg 2"},{"floor":26,"key":"Blood Vial"}],"event_choices":[{"event_name":"Scrap Ooze","player_choice":"success","floor":2,"damage_taken":12},{"event_name":"Match and Keep!","player_choice":"2 cards matched","floor":5,"damage_taken":0},{"event_name":"The Joust","player_choice":"Bet on Murderer","floor":19,"damage_taken":0},{"event_name":"Beggar","player_choice":"Ignored","floor":20,"damage_taken":0},{"event_name":"Back to Basics","player_choice":"Simplicity","floor":27,"damage_taken":0}],"is_beta":false,"boss_relics":[{"not_picked":["Astrolabe","Velvet Choker"],"picked":"Orrery"}],"items_purged_floors":[],"is_endless":false,"potions_floor_spawned":[3,12,24],"killed_by":"Centurion and Healer","ascension_level":0}