{"path_per_floor":["M","?","M","?","M","E","R","M","T","R","M","R","M","E","R","B",null,"M","M","$","M","M","R"],"character_chosen":"THE_SILENT","items_purchased":["Bronze Scales","Prayer Wheel"],"gold_per_floor":[116,116,126,126,140,165,165,184,184,184,197,197,216,251,251,350,350,370,381,8,20,32,32,32],"floor_reached":24,"campfire_rested":4,"playtime":2956,"current_hp_per_floor":[64,64,60,53,53,29,29,15,15,36,23,44,40,29,50,7,70,61,44,44,16,16,37,0],"items_purged":["Strike_G"],"gold":32,"score":221,"play_id":"441b7414-56aa-4ed0-bba0-c890d639283f","local_time":"20180408001625","is_prod":false,"is_daily":false,"is_ascension_mode":true,"campfire_upgraded":0,"timestamp":1523160985,"path_taken":["M","?","M","?","M","E","R","M","T","R","M","R","?","E","R","BOSS","M","M","$","M","M","R","E"],"build_version":"2018-04-05v2","purchased_purges":1,"victory":false,"master_deck":["Defend_G","Defend_G","Defend_G","Defend_G","Defend_G","Strike_G","Strike_G","Strike_G","Strike_G","Survivor","Neutralize","Heel Hook","Regret","Sucker Punch","Crippling Poison","Sucker Punch","Bullet Time","Deadly Poison","Leg Sweep","Distraction","Wraith Form","Quick Slash","Prepared+1","PiercingWail","Deadly Poison"],"max_hp_per_floor":[70,70,70,70,70,70,70,70,70,70,70,70,70,70,70,70,70,70,70,70,70,70,70,70],"relics":["Ring of the Snake","Orichalcum","Oddly Smooth Stone","Shovel","Dodecahedron","Ginger","Girya","Black Star","Bronze Scales","Prayer Wheel"],"card_choices":[{"not_picked":["Slice","Bane"],"picked":"Heel Hook","floor":1.0},{"not_picked":["Deadly Poison","Distraction"],"picked":"Sucker Punch","floor":3.0},{"not_picked":["Bane","Deadly Poison"],"picked":"Crippling Poison","floor":5},{"not_picked":["Acrobatics","Dagger Spray"],"picked":"Sucker Punch","floor":6},{"not_picked":["Dagger Throw","Acrobatics"],"picked":"Bullet Time","floor":8},{"not_picked":["Dagger Spray","Deflect"],"picked":"Deadly Poison","floor":11},{"not_picked":["Underhanded Strike","Dagger Spray"],"picked":"Leg Sweep","floor":13},{"not_picked":["Deflect","Quick Slash"],"picked":"Distraction","floor":14},{"not_picked":["Corpse Explosion","Bullet Time"],"picked":"Wraith Form","floor":16},{"not_picked":["Cloak And Dagger","Masterful Stab"],"picked":"Quick Slash","floor":18},{"not_picked":["Crippling Poison","Sucker Punch"],"picked":"Prepared","floor":19},{"not_picked":["Prepared","Predator"],"picked":"PiercingWail","floor":21},{"not_picked":["Backflip","Slice"],"picked":"Deadly Poison","floor":22}],"player_experience":217187,"potions_floor_usage":[16,21,21,22,24],"damage_taken":[{"damage":6.0,"enemies":"Jaw Worm","floor":1.0,"turns":3.0},{"damage":4.0,"enemies":"2 Louse","floor":3.0,"turns":3.0},{"damage":0.0,"enemies":"Cultist","floor":5.0,"turns":3.0},{"damage":24,"enemies":"Gremlin Nob","floor":6,"turns":6},{"damage":14,"enemies":"Exordium Wildlife","floor":8,"turns":5},{"damage":13,"enemies":"Exordium Thugs","floor":11,"turns":7},{"damage":4,"enemies":"Looter","floor":13,"turns":3},{"damage":11,"enemies":"3 Sentries","floor":14,"turns":11},{"damage":43,"enemies":"Hexaghost","floor":16,"turns":15},{"damage":9,"enemies":"Shell Parasite","floor":18,"turns":9},{"damage":17,"enemies":"Spheric Guardian","floor":19,"turns":7},{"damage":28,"enemies":"Slaver and Parasite","floor":21,"turns":8},{"damage":0,"enemies":"Snake Plant","floor":22,"turns":4},{"damage":38,"enemies":"Slavers","floor":24,"turns":4}],"event_choices":[{"event_name":"Big Fish","player_choice":"Box","floor":2.0,"damage_taken":0.0},{"event_name":"Scrap Ooze","player_choice":"success","floor":4.0,"damage_taken":7.0}],"boss_relics":[{"not_picked":["Ectoplasm","Snecko Eye"],"picked":"Black Star"}],"potions_floor_spawned":[8,11,16,19,21],"seed_played":"6340164134579350354","killed_by":"Slavers","ascension_level":1,"is_trial":false}