{"gold_per_floor":[109,122,102,116,41,41,73,83,154,186,186,199,232,204,204,304,304,229,229,144,159,159,159],"floor_reached":23,"playtime":1507,"items_purged":["Defend_G"],"score":219,"play_id":"e26e3712-8b99-4415-a349-b8c4ced1b2dc","local_time":"20190225103847","is_ascension_mode":true,"campfire_choices":[{"data":"Leg Sweep","floor":6,"key":"SMITH"},{"floor":11,"key":"REST"},{"floor":15,"key":"REST"}],"neow_cost":"NONE","seed_source_timestamp":255789682512874,"circlet_count":0,"master_deck":["Defend_G","Defend_G","Defend_G","Defend_G","Strike_G","Strike_G","Strike_G","Strike_G","Strike_G","Survivor","Neutralize","Leg Sweep+1","Cloak And Dagger","After Image","Accuracy","Backstab","After Image","Noxious Fumes","A Thousand Cuts","Accuracy"],"relics":["Ring of the Snake","NeowsBlessing","Ginger","Orichalcum","Art of War","Black Star","Pear"],"potions_floor_usage":[7,8,12],"damage_taken":[{"damage":0,"enemies":"Cultist","floor":1,"turns":1},{"damage":0,"enemies":"2 Louse","floor":2,"turns":1},{"damage":0,"enemies":"Small Slimes","floor":4,"turns":1},{"damage":46,"enemies":"Gremlin Nob","floor":7,"turns":6},{"damage":0,"enemies":"2 Fungi Beasts","floor":8,"turns":5},{"damage":14,"enemies":"Lagavulin","floor":10,"turns":16},{"damage":0,"enemies":"Looter","floor":12,"turns":3},{"damage":23,"enemies":"3 Sentries","floor":13,"turns":15},{"damage":0,"enemies":"Exordium Thugs","floor":14,"turns":5},{"damage":9,"enemies":"The Guardian","floor":16,"turns":14},{"damage":21,"enemies":"2 Thieves","floor":18,"turns":5},{"damage":17,"enemies":"Colosseum Slavers","floor":19,"turns":9},{"damage":31,"enemies":"3 Byrds","floor":21,"turns":6},{"damage":6,"enemies":"Slavers","floor":23,"turns":1}],"seed_played":"-3804682211640819043","potions_obtained":[{"floor":1,"key":"SteroidPotion"},{"floor":3,"key":"SkillPotion"},{"floor":10,"key":"Fire Potion"},{"floor":16,"key":"Dexterity Potion"},{"floor":21,"key":"Swift Potion"}],"is_trial":false,"path_per_floor":["M","M","?","M","$","R","E","M","T","E","R","M","E","M","R","B",null,"M","?","?","M","?","E"],"character_chosen":"THE_SILENT","items_purchased":[],"campfire_rested":2,"item_purchase_floors":[],"current_hp_per_floor":[70,70,70,70,70,70,24,24,24,10,31,31,8,8,29,20,70,49,32,42,11,2,0],"gold":159,"neow_bonus":"THREE_ENEMY_KILL","is_prod":false,"is_daily":false,"chose_seed":false,"campfire_upgraded":1,"win_rate":0,"timestamp":1551109127,"path_taken":["M","?","?","?","$","R","E","M","T","E","R","M","E","M","R","BOSS","M","?","?","M","?","E"],"build_version":"2019-01-23","purchased_purges":1,"victory":false,"max_hp_per_floor":[70,70,70,70,70,70,70,70,70,70,70,70,70,70,70,70,70,70,70,80,80,80,80],"card_choices":[{"not_picked":["Finisher","Prepared","Poisoned Stab"],"picked":"SKIP","floor":1},{"not_picked":["Quick Slash","Deadly Poison"],"picked":"Leg Sweep","floor":2},{"not_picked":["Flying Knee","PiercingWail"],"picked":"Cloak And Dagger","floor":4},{"not_picked":["Predator","Dodge and Roll"],"picked":"After Image","floor":7},{"not_picked":["Deflect","Quick Slash","Flying Knee"],"picked":"SKIP","floor":8},{"not_picked":["Malaise","Dagger Throw"],"picked":"Accuracy","floor":10},{"not_picked":["Deadly Poison","Prepared"],"picked":"Backstab","floor":12},{"not_picked":["Quick Slash","Backstab"],"picked":"After Image","floor":13},{"not_picked":["Acrobatics","Calculated Gamble"],"picked":"Noxious Fumes","floor":14},{"not_picked":["Burst","Bullet Time"],"picked":"A Thousand Cuts","floor":16},{"not_picked":["Backflip+1","Deflect"],"picked":"Accuracy","floor":18},{"not_picked":["Heel Hook+1","Prepared","Deadly Poison"],"picked":"SKIP","floor":21}],"player_experience":215447,"relics_obtained":[{"floor":7,"key":"Ginger"},{"floor":10,"key":"Orichalcum"},{"floor":13,"key":"Art of War"}],"event_choices":[{"damage_healed":0,"gold_gain":0,"player_choice":"Bought 1 Potion","damage_taken":0,"max_hp_gain":0,"max_hp_loss":0,"event_name":"The Woman in Blue","floor":3,"gold_loss":0},{"damage_healed":0,"gold_gain":0,"player_choice":"Fight","damage_taken":0,"max_hp_gain":0,"max_hp_loss":0,"event_name":"Colosseum","floor":19,"gold_loss":0},{"damage_healed":0,"gold_gain":0,"player_choice":"Fled From Nobs","damage_taken":0,"max_hp_gain":0,"max_hp_loss":0,"event_name":"Colosseum","floor":19,"gold_loss":0},{"damage_healed":0,"gold_gain":0,"player_choice":"Obtained Relic","damage_taken":0,"relics_obtained":["Pear"],"max_hp_gain":0,"max_hp_loss":0,"event_name":"Addict","floor":20,"gold_loss":85},{"damage_healed":0,"gold_gain":0,"player_choice":"Stopped","damage_taken":9,"max_hp_gain":0,"max_hp_loss":0,"event_name":"Cursed Tome","floor":22,"gold_loss":0}],"is_beta":false,"boss_relics":[{"not_picked":["Cursed Key","Busted Crown"],"picked":"Black Star"}],"items_purged_floors":[5],"is_endless":false,"potions_floor_spawned":[1,10,16,21],"killed_by":"Slavers","ascension_level":1}