{"gold_per_floor":[115,132,148,166,91,91,107,107,156,170,198,198,214,214,214,214],"floor_reached":16,"playtime":1197,"items_purged":["Defend_R"],"score":104,"play_id":"9fa479c1-e9d1-4478-8e66-f2ce6421a70c","local_time":"20190217234207","is_ascension_mode":false,"campfire_choices":[{"data":"Perfected Strike","floor":6,"key":"SMITH"},{"data":"Bash","floor":8,"key":"SMITH"},{"floor":15,"key":"REST"}],"neow_cost":"NONE","seed_source_timestamp":4483692424584,"circlet_count":0,"master_deck":["Strike_R","Strike_R","Strike_R","Strike_R","Strike_R","Defend_R","Defend_R","Bash+1","Perfected Strike+1","Twin Strike"],"relics":["Burning Blood","Bronze Scales","Bottled Flame"],"potions_floor_usage":[7,7],"damage_taken":[{"damage":20,"enemies":"Jaw Worm","floor":1,"turns":6},{"damage":7,"enemies":"2 Louse","floor":2,"turns":3},{"damage":3,"enemies":"Small Slimes","floor":3,"turns":3},{"damage":20,"enemies":"Gremlin Gang","floor":4,"turns":6},{"damage":3,"enemies":"Exordium Thugs","floor":7,"turns":4},{"damage":9,"enemies":"Blue Slaver","floor":10,"turns":3},{"damage":36,"enemies":"Lagavulin","floor":11,"turns":4},{"damage":18,"enemies":"Lots of Slimes","floor":13,"turns":4},{"damage":65,"enemies":"Slime Boss","floor":16,"turns":7}],"seed_played":"8844748973935485085","potions_obtained":[{"floor":3,"key":"EssenceOfSteel"},{"floor":4,"key":"FearPotion"},{"floor":10,"key":"Ancient Potion"},{"floor":13,"key":"FairyPotion"}],"is_trial":false,"path_per_floor":["M","M","M","M","$","R","M","R","T","M","E","?","M","?","R","B"],"character_chosen":"IRONCLAD","items_purchased":[],"campfire_rested":1,"item_purchase_floors":[],"current_hp_per_floor":[74,73,76,62,62,62,65,65,65,62,32,32,20,20,46,0],"gold":214,"neow_bonus":"TEN_PERCENT_HP_BONUS","is_prod":false,"is_daily":false,"chose_seed":false,"campfire_upgraded":2,"win_rate":0.0,"timestamp":1550464927,"path_taken":["M","M","M","M","$","R","M","R","T","M","E","?","M","?","R","BOSS"],"build_version":"2019-01-23","purchased_purges":1,"victory":false,"max_hp_per_floor":[88,88,88,88,88,88,88,88,88,88,88,88,88,88,88,88],"card_choices":[{"not_picked":["Wild Strike","Fire Breathing"],"picked":"Perfected Strike","floor":1},{"not_picked":["Disarm","Body Slam","Power Through"],"picked":"SKIP","floor":2},{"not_picked":["Feel No Pain","True Grit","Body Slam"],"picked":"SKIP","floor":3},{"not_picked":["Corruption","Sword Boomerang","Intimidate"],"picked":"SKIP","floor":4},{"not_picked":["Carnage","Rage","Inflame"],"picked":"SKIP","floor":7},{"not_picked":["Heavy Blade","Sever Soul","Headbutt"],"picked":"SKIP","floor":10},{"not_picked":["Thunderclap","Sword Boomerang","Cleave"],"picked":"SKIP","floor":11},{"not_picked":["Feed","Perfected Strike"],"picked":"Twin Strike","floor":13}],"player_experience":79501,"relics_obtained":[{"floor":9,"key":"Bronze Scales"},{"floor":11,"key":"Bottled Flame"}],"event_choices":[{"damage_healed":0,"gold_gain":0,"player_choice":"Ignored","damage_taken":0,"max_hp_gain":0,"max_hp_loss":0,"event_name":"Liars Game","floor":12,"gold_loss":0},{"cards_removed":["Defend_R"],"damage_healed":0,"gold_gain":0,"player_choice":"Forget","damage_taken":0,"max_hp_gain":0,"max_hp_loss":0,"event_name":"Living Wall","floor":14,"gold_loss":0}],"is_beta":false,"boss_relics":[],"items_purged_floors":[5],"is_endless":false,"potions_floor_spawned":[3,4,10,13],"killed_by":"Slime Boss","ascension_level":0}