{"gold_per_floor":[109,109,109,184,184,210,220,236,263,290,290,316,0,15,15,113,113,133,149,149,149,149,175,175,33,106,106,136,146,160,173,173,268,268,288,288,300,300,300,300,300,225,225,58,58,76,87,87],"floor_reached":48,"playtime":1988,"items_purged":["Strike_B","Strike_B"],"score":511,"play_id":"b57453b1-68a2-4272-b6e6-7fb5258774d4","local_time":"20181021010717","is_ascension_mode":false,"campfire_choices":[{"data":"Echo Form","floor":11,"key":"SMITH"},{"data":"Redo","floor":15,"key":"SMITH"},{"floor":24,"key":"REST"},{"floor":27,"key":"REST"},{"floor":32,"key":"REST"},{"data":"Dualcast","floor":40,"key":"SMITH"},{"data":"White Noise","floor":45,"key":"SMITH"}],"neow_cost":"NONE","seed_source_timestamp":267581678355268,"circlet_count":0,"master_deck":["Strike_B","Defend_B","Defend_B","Defend_B","Defend_B","Zap","Dualcast+1","Go for the Eyes","Regret","Echo Form+1","Chill","Darkness","Turbo","Conserve Battery","Redo+1","Fission","Stack","Streamline+1","Heatsinks+1","Amplify","White Noise+1","Force Field","Doom and Gloom+1","White Noise","Meteor Strike","Skim","Gash+1","Blind","Heatsinks","Recycle+1","Machine Learning"],"relics":["Cracked Core","NeowsBlessing","Blood Vial","Ancient Tea Set","Bag of Marbles","Strawberry","Letter Opener","Darkstone Periapt","Gremlin Horn","Sozu","Omamori","MutagenicStrength","Anchor","Shuriken","Bottled Lightning","Philosopher\u0027s Stone","Dead Branch"],"potions_floor_usage":[16,16,33,48],"damage_taken":[{"damage":0,"enemies":"Small Slimes","floor":1,"turns":1},{"damage":0,"enemies":"3 Sentries","floor":6,"turns":1},{"damage":0,"enemies":"Cultist","floor":7,"turns":1},{"damage":0,"enemies":"2 Louse","floor":8,"turns":2},{"damage":18,"enemies":"Lagavulin","floor":10,"turns":7},{"damage":17,"enemies":"3 Sentries","floor":12,"turns":8},{"damage":0,"enemies":"2 Fungi Beasts","floor":14,"turns":3},{"damage":31,"enemies":"Slime Boss","floor":16,"turns":8},{"damage":26,"enemies":"Spheric Guardian","floor":18,"turns":5},{"damage":22,"enemies":"3 Byrds","floor":19,"turns":5},{"damage":43,"enemies":"Slavers","floor":23,"turns":7},{"damage":9,"enemies":"Gremlin Leader","floor":28,"turns":7},{"damage":15,"enemies":"3 Cultists","floor":29,"turns":4},{"damage":23,"enemies":"Snake Plant","floor":30,"turns":5},{"damage":6,"enemies":"Chosen and Byrds","floor":31,"turns":5},{"damage":28,"enemies":"Champ","floor":33,"turns":10},{"damage":38,"enemies":"3 Darklings","floor":35,"turns":6},{"damage":12,"enemies":"3 Shapes","floor":37,"turns":4},{"damage":2,"enemies":"Transient","floor":46,"turns":5},{"damage":37,"enemies":"Spire Growth","floor":47,"turns":4},{"damage":59,"enemies":"Giant Head","floor":48,"turns":8}],"seed_played":"2685902095296241072","potions_obtained":[{"floor":6,"key":"Regen Potion"},{"floor":7,"key":"SpeedPotion"},{"floor":12,"key":"AttackPotion"},{"floor":16,"key":"FocusPotion"}],"is_trial":false,"path_per_floor":["M","?","?","?","?","E","M","M","T","E","R","E","$","M","R","B",null,"M","M","?","?","?","E","R","$","T","R","E","M","M","M","R","B",null,"M","?","M","?","?","R","?","$","T","$","R","M","M"],"character_chosen":"DEFECT","items_purchased":["Gremlin Horn","Conserve Battery","Amplify","Heatsinks"],"campfire_rested":3,"item_purchase_floors":[13,13,25,44],"current_hp_per_floor":[75,75,68,57,57,59,61,63,70,54,54,39,39,41,41,24,82,56,36,36,36,63,22,46,46,46,70,63,50,29,25,49,23,82,44,44,34,72,72,72,72,72,72,72,72,70,35,0],"gold":87,"neow_bonus":"THREE_ENEMY_KILL","is_prod":false,"is_daily":false,"chose_seed":false,"campfire_upgraded":4,"win_rate":0,"timestamp":1540076837,"path_taken":["M","?","?","?","?","E","M","M","T","E","R","E","$","M","R","BOSS","M","M","?","?","?","E","R","$","T","R","E","M","?","M","R","BOSS","M","?","M","?","?","R","?","?","T","$","R","M","M","E"],"build_version":"2018-10-18","purchased_purges":2,"victory":false,"max_hp_per_floor":[75,75,75,75,75,75,75,75,82,82,82,82,82,82,82,82,82,82,82,82,82,82,82,82,82,82,82,82,82,82,82,82,82,82,82,82,82,72,72,72,72,72,72,72,72,72,72,72],"card_choices":[{"not_picked":["Coolheaded","Steam Power"],"picked":"Go for the Eyes","floor":1},{"not_picked":["Steam","Conserve Battery"],"picked":"Echo Form","floor":6},{"not_picked":["Capacitor","Tempest"],"picked":"Chill","floor":7},{"not_picked":["Rebound","Lockon"],"picked":"Darkness","floor":8},{"not_picked":["Cold Snap","Doom and Gloom"],"picked":"Turbo","floor":10},{"not_picked":["Reprogram","Coolheaded"],"picked":"Chaos","floor":12},{"not_picked":["Cold Snap","Barrage"],"picked":"Redo","floor":14},{"not_picked":["Thunder Strike","Core Surge"],"picked":"Fission","floor":16},{"not_picked":["Ball Lightning","Rebound"],"picked":"Stack","floor":18},{"not_picked":["Compile Driver","Coolheaded"],"picked":"Streamline+1","floor":19},{"not_picked":["Leap","Tempest"],"picked":"Heatsinks+1","floor":23},{"not_picked":["Chill","Rip and Tear"],"picked":"White Noise","floor":28},{"not_picked":["Stack","Conserve Battery"],"picked":"Force Field","floor":29},{"not_picked":["Barrage","Heatsinks"],"picked":"Doom and Gloom+1","floor":30},{"not_picked":["Genetic Algorithm","Barrage+1"],"picked":"White Noise","floor":31},{"not_picked":["Fission","Amplify"],"picked":"Meteor Strike","floor":33},{"not_picked":["Sweeping Beam","Compile Driver"],"picked":"Skim","floor":35},{"not_picked":["Auto Shields+1","Beam Cell"],"picked":"Gash+1","floor":37},{"not_picked":["Good Instincts","Forethought"],"picked":"Blind","floor":39},{"not_picked":["Coolheaded+1","Steam+1"],"picked":"Recycle+1","floor":46},{"not_picked":["Rip and Tear","Go for the Eyes"],"picked":"Machine Learning","floor":47}],"player_experience":228937,"relics_obtained":[{"floor":6,"key":"Bag of Marbles"},{"floor":9,"key":"Strawberry"},{"floor":10,"key":"Letter Opener"},{"floor":12,"key":"Darkstone Periapt"},{"floor":23,"key":"Anchor"},{"floor":26,"key":"Shuriken"},{"floor":28,"key":"Bottled Lightning"},{"floor":43,"key":"Dead Branch"}],"event_choices":[{"damage_healed":0,"gold_gain":0,"player_choice":"Box","damage_taken":0,"relics_obtained":["Blood Vial"],"max_hp_gain":0,"max_hp_loss":0,"event_name":"Big Fish","floor":2,"gold_loss":0,"cards_obtained":["Regret"]},{"damage_healed":0,"gold_gain":0,"player_choice":"Success","damage_taken":7,"relics_obtained":["Ancient Tea Set"],"max_hp_gain":0,"max_hp_loss":0,"event_name":"Scrap Ooze","floor":3,"gold_loss":0},{"damage_healed":0,"gold_gain":75,"player_choice":"Gather Gold","damage_taken":11,"max_hp_gain":0,"max_hp_loss":0,"event_name":"World of Goop","floor":4,"gold_loss":0},{"damage_healed":0,"gold_gain":0,"player_choice":"Ignored","damage_taken":0,"max_hp_gain":0,"max_hp_loss":0,"event_name":"Liars Game","floor":5,"gold_loss":0},{"cards_removed":["Chaos"],"damage_healed":0,"gold_gain":0,"player_choice":"Gave Card","damage_taken":0,"relics_obtained":["Omamori"],"max_hp_gain":0,"max_hp_loss":0,"event_name":"WeMeetAgain","floor":20,"gold_loss":0},{"damage_healed":0,"gold_gain":0,"player_choice":"Inject Mutagens","damage_taken":0,"relics_obtained":["MutagenicStrength"],"max_hp_gain":0,"max_hp_loss":0,"event_name":"Drug Dealer","floor":21,"gold_loss":0},{"damage_healed":27,"gold_gain":0,"player_choice":"Heal","damage_taken":0,"max_hp_gain":0,"max_hp_loss":0,"event_name":"The Library","floor":22,"gold_loss":0},{"damage_healed":0,"gold_gain":0,"player_choice":"Ignored","damage_taken":0,"max_hp_gain":0,"max_hp_loss":0,"event_name":"Upgrade Shrine","floor":36,"gold_loss":0},{"damage_healed":72,"gold_gain":0,"player_choice":"Heal","damage_taken":0,"max_hp_gain":0,"max_hp_loss":10,"event_name":"The Moai Head","floor":38,"gold_loss":0},{"damage_healed":0,"gold_gain":0,"player_choice":"Memory 1","damage_taken":0,"max_hp_gain":0,"max_hp_loss":0,"event_name":"SensoryStone","floor":39,"gold_loss":0},{"cards_removed":["Strike_B"],"damage_healed":0,"gold_gain":0,"player_choice":"Removed Attack","damage_taken":0,"max_hp_gain":0,"max_hp_loss":0,"event_name":"Falling","floor":41,"gold_loss":0}],"is_beta":false,"boss_relics":[{"not_picked":["Velvet Choker","Coffee Dripper"],"picked":"Sozu"},{"not_picked":["Fusion Hammer","Runic Dome"],"picked":"Philosopher\u0027s Stone"}],"items_purged_floors":[42,44],"is_endless":false,"potions_floor_spawned":[6,7,12,14,16,19,23,31,37,47],"killed_by":"Giant Head","ascension_level":0}