{"gold_per_floor":[117,117,392,412,22,41,41,67,92,92,4,4,4,29,29,131,131,146,160,160,160,85,85,112,112,136,34,48,48,82,82,82,177,177,195,195,215,215,95,95,95,45,100,110,110,110,124,49,49,49],"floor_reached":51,"playtime":2644,"items_purged":["Regret","Strike_B","Strike_B","Decay","Defend_B"],"score":873,"play_id":"3c5ee770-d79d-4036-b302-053467e99cff","local_time":"20181124181941","is_ascension_mode":true,"campfire_choices":[{"data":"Zap","floor":7,"key":"SMITH"},{"data":"Hologram","floor":10,"key":"SMITH"},{"data":"Dualcast","floor":15,"key":"SMITH"},{"data":"RitualDagger","floor":23,"key":"SMITH"},{"floor":25,"key":"REST"},{"floor":32,"key":"REST"},{"data":"Defragment","floor":41,"key":"SMITH"},{"data":"Capacitor","floor":46,"key":"SMITH"},{"data":"Defragment","floor":49,"key":"SMITH"}],"neow_cost":"NONE","seed_source_timestamp":21238348221270,"circlet_count":0,"master_deck":["Defend_B","Defend_B","Defend_B","Zap+1","Dualcast+1","Rebound","Hologram+1","Cold Snap","Ball Lightning","Leap","Loop+1","Ball Lightning","Seek","Defragment+1","Cold Snap","RitualDagger+1","Chill+1","Leap","Capacitor+1","Coolheaded+1","Buffer","Self Repair+1","Force Field","Conserve Battery+1","Buffer","Defragment+1"],"relics":["Cracked Core","Smiling Mask","Mercury Hourglass","Potion Belt","Orichalcum","Ancient Tea Set","Pear","Nuclear Battery","Juzu Bracelet","Bag of Preparation","Pen Nib","Philosopher\u0027s Stone","Tiny Chest"],"potions_floor_usage":[8,24,24,40,40,50,50,50],"damage_taken":[{"damage":0,"enemies":"Cultist","floor":1,"turns":3},{"damage":3,"enemies":"2 Louse","floor":4,"turns":2},{"damage":0,"enemies":"Small Slimes","floor":6,"turns":2},{"damage":17,"enemies":"Gremlin Nob","floor":8,"turns":4},{"damage":12,"enemies":"3 Sentries","floor":14,"turns":4},{"damage":13,"enemies":"Hexaghost","floor":16,"turns":7},{"damage":3,"enemies":"Chosen","floor":18,"turns":3},{"damage":4,"enemies":"Shell Parasite","floor":19,"turns":4},{"damage":52,"enemies":"Book of Stabbing","floor":24,"turns":5},{"damage":2,"enemies":"Sentry and Sphere","floor":28,"turns":4},{"damage":37,"enemies":"Gremlin Leader","floor":30,"turns":7},{"damage":32,"enemies":"Collector","floor":33,"turns":14},{"damage":9,"enemies":"Orb Walker","floor":35,"turns":4},{"damage":0,"enemies":"3 Shapes","floor":37,"turns":5},{"damage":0,"enemies":"Giant Head","floor":40,"turns":7},{"damage":3,"enemies":"Spire Growth","floor":44,"turns":6},{"damage":0,"enemies":"4 Shapes","floor":47,"turns":3},{"damage":26,"enemies":"Time Eater","floor":50,"turns":14}],"seed_played":"3855965558163194358","potions_obtained":[{"floor":1,"key":"EssenceOfSteel"},{"floor":16,"key":"SkillPotion"},{"floor":19,"key":"SteroidPotion"},{"floor":28,"key":"SmokeBomb"},{"floor":33,"key":"SkillPotion"},{"floor":37,"key":"LiquidBronze"},{"floor":44,"key":"Strength Potion"},{"floor":47,"key":"AttackPotion"}],"is_trial":false,"path_per_floor":["M","?","?","M","$","M","R","E","T","R","$","?","?","E","R","B",null,"M","M","?","?","?","R","E","R","T","$","M","?","E","?","R","B",null,"M","?","M","?","$","E","R","$","T","M","?","R","M","$","R","B",null],"character_chosen":"DEFECT","items_purchased":["Hologram","Cold Snap","Mercury Hourglass","Loop","Leap","Force Field","Defragment"],"campfire_rested":2,"item_purchase_floors":[5,5,5,11,27,39,48],"current_hp_per_floor":[75,68,68,65,65,65,65,48,48,48,48,48,48,46,46,33,85,82,78,72,72,72,72,20,45,45,45,43,71,34,34,59,27,85,76,76,85,85,85,85,85,85,85,85,81,81,81,81,81,65],"gold":49,"neow_bonus":"RANDOM_COMMON_RELIC","is_prod":false,"is_daily":false,"chose_seed":false,"campfire_upgraded":7,"win_rate":0,"timestamp":1543079981,"path_taken":["M","?","?","?","$","M","R","E","T","R","$","?","?","E","R","BOSS","M","?","?","?","?","R","E","R","T","$","M","?","E","?","R","BOSS","M","?","M","?","$","E","R","?","T","M","?","R","M","$","R","BOSS"],"build_version":"2018-11-15","purchased_purges":5,"victory":true,"max_hp_per_floor":[75,75,75,75,75,75,75,75,75,75,75,75,75,85,85,85,85,85,85,85,85,85,85,85,85,85,85,85,85,85,85,85,85,85,85,85,85,85,85,85,85,85,85,85,81,81,81,81,81,81],"card_choices":[{"not_picked":["Fusion","Steam Power"],"picked":"Rebound","floor":1},{"not_picked":["White Noise","Rebound"],"picked":"BootSequence","floor":4},{"not_picked":["Redo","Cold Snap"],"picked":"Ball Lightning","floor":6},{"not_picked":["Doom and Gloom","Storm"],"picked":"Leap","floor":8},{"not_picked":["Steam","Reprogram"],"picked":"Ball Lightning","floor":14},{"not_picked":["Fission","Machine Learning"],"picked":"Seek","floor":16},{"not_picked":["Heatsinks+1","Chaos"],"picked":"Defragment","floor":18},{"not_picked":["Barrage","Darkness"],"picked":"Cold Snap","floor":19},{"not_picked":["Redo","Conserve Battery"],"picked":"Chill+1","floor":24},{"not_picked":["Turbo","Barrage+1"],"picked":"Capacitor","floor":28},{"not_picked":["Auto Shields","Leap"],"picked":"Coolheaded+1","floor":30},{"not_picked":["Hyperbeam","All For One"],"picked":"Buffer","floor":33},{"not_picked":["Scrape","Ball Lightning"],"picked":"Self Repair+1","floor":35},{"not_picked":["Streamline","Gash+1","Redo+1"],"picked":"SKIP","floor":37},{"not_picked":["Hologram+1","Cold Snap+1"],"picked":"Conserve Battery+1","floor":44},{"not_picked":["White Noise","Coolheaded"],"picked":"Buffer","floor":47}],"player_experience":263667,"relics_obtained":[{"floor":8,"key":"Potion Belt"},{"floor":9,"key":"Orichalcum"},{"floor":14,"key":"Pear"},{"floor":24,"key":"Juzu Bracelet"},{"floor":26,"key":"Bag of Preparation"},{"floor":30,"key":"Pen Nib"},{"floor":43,"key":"Tiny Chest"}],"event_choices":[{"cards_removed":["Strike_B"],"damage_healed":0,"gold_gain":0,"player_choice":"Card Removal","damage_taken":7,"max_hp_gain":0,"max_hp_loss":0,"event_name":"Golden Wing","floor":2,"gold_loss":0},{"damage_healed":0,"gold_gain":275,"player_choice":"Desecrate","damage_taken":0,"max_hp_gain":0,"max_hp_loss":0,"event_name":"Golden Shrine","floor":3,"gold_loss":0,"cards_obtained":["Regret"]},{"damage_healed":0,"gold_gain":0,"player_choice":"Grow","damage_taken":0,"max_hp_gain":0,"max_hp_loss":0,"event_name":"Living Wall","floor":12,"gold_loss":0,"cards_upgraded":["Loop"]},{"cards_removed":["BootSequence"],"damage_healed":0,"gold_gain":0,"player_choice":"Gave Card","damage_taken":0,"relics_obtained":["Ancient Tea Set"],"max_hp_gain":0,"max_hp_loss":0,"event_name":"WeMeetAgain","floor":13,"gold_loss":0},{"damage_healed":0,"gold_gain":0,"player_choice":"Joined the Cult","damage_taken":6,"max_hp_gain":0,"max_hp_loss":0,"event_name":"Nest","floor":20,"gold_loss":0,"cards_obtained":["RitualDagger"]},{"damage_healed":0,"gold_gain":0,"player_choice":"Smashed Altar","damage_taken":0,"max_hp_gain":0,"max_hp_loss":0,"event_name":"Forgotten Altar","floor":21,"gold_loss":0,"cards_obtained":["Decay"]},{"cards_removed":["Strike_B"],"damage_healed":0,"gold_gain":0,"player_choice":"Gave Gold","damage_taken":0,"max_hp_gain":0,"max_hp_loss":0,"event_name":"Beggar","floor":22,"gold_loss":75},{"damage_healed":28,"gold_gain":0,"player_choice":"Heal","damage_taken":0,"max_hp_gain":0,"max_hp_loss":0,"event_name":"The Library","floor":29,"gold_loss":0},{"damage_healed":0,"gold_gain":0,"player_choice":"Ignored","damage_taken":0,"max_hp_gain":0,"max_hp_loss":0,"event_name":"Ghosts","floor":31,"gold_loss":0},{"damage_healed":0,"gold_gain":0,"player_choice":"Ignored","damage_taken":0,"max_hp_gain":0,"max_hp_loss":0,"event_name":"Tomb of Lord Red Mask","floor":36,"gold_loss":0},{"damage_healed":0,"gold_gain":0,"player_choice":"Ignored","damage_taken":0,"max_hp_gain":0,"max_hp_loss":0,"event_name":"Mysterious Sphere","floor":38,"gold_loss":0},{"damage_healed":0,"gold_gain":0,"player_choice":"Max HP","damage_taken":0,"max_hp_gain":0,"max_hp_loss":4,"event_name":"Winding Halls","floor":45,"gold_loss":0}],"is_beta":false,"boss_relics":[{"not_picked":["Cursed Key","Astrolabe"],"picked":"Nuclear Battery"},{"not_picked":["Empty Cage","Snecko Eye"],"picked":"Philosopher\u0027s Stone"}],"items_purged_floors":[5,11,27,39,42],"is_endless":false,"potions_floor_spawned":[1,16,19,28,33,37,40,44,47],"ascension_level":4}