{"gold_per_floor":[110,285,36,50,50,50,60,87,142,92,110,35,69,85,85,182,182,194,211,231,146,162,162,178,193,219,219,236,23,39,52,52,156,156,166,179,77,77,94,94,105,105,105,121,133,147,147,158,158,158],"floor_reached":51,"playtime":4975,"items_purged":["Strike_B"],"score":1166,"play_id":"060b5575-9b74-4cc2-bd26-fd2e2c4e8554","local_time":"20190225154821","is_ascension_mode":true,"campfire_choices":[{"data":"Zap","floor":6,"key":"SMITH"},{"data":"Loop","floor":15,"key":"SMITH"},{"floor":23,"key":"REST"},{"floor":27,"key":"REST"},{"floor":32,"key":"REST"},{"data":"Echo Form","floor":40,"key":"SMITH"},{"floor":47,"key":"REST"},{"floor":49,"key":"REST"}],"neow_cost":"NONE","seed_source_timestamp":1075791732136903,"circlet_count":0,"master_deck":["AscendersBane","Strike_B","Strike_B","Defend_B","Defend_B","Defend_B+1","Defend_B+1","Zap+1","Dualcast","FTL","Ball Lightning","Sweeping Beam","Loop+1","Cold Snap","Echo Form+1","Self Repair","Stack","Auto Shields","Doom and Gloom","Recycle+1","Creative AI","Storm","Meteor Strike","Hologram+1","Go for the Eyes+1","Reinforced Body","Glacier","Seek","Compile Driver+1"],"relics":["Cracked Core","Symbiotic Virus","Vajra","Regal Pillow","Strawberry","Snecko Eye","War Paint","Omamori","Anchor","Nuclear Battery","Letter Opener"],"potions_floor_usage":[13,16,20,25,30,33,42,50,50],"damage_taken":[{"damage":9,"enemies":"Small Slimes","floor":1,"turns":3},{"damage":0,"enemies":"2 Louse","floor":4,"turns":2},{"damage":2,"enemies":"Jaw Worm","floor":7,"turns":2},{"damage":15,"enemies":"Lagavulin","floor":8,"turns":5},{"damage":10,"enemies":"Lots of Slimes","floor":11,"turns":2},{"damage":0,"enemies":"Gremlin Nob","floor":13,"turns":2},{"damage":0,"enemies":"Large Slime","floor":14,"turns":2},{"damage":0,"enemies":"Slime Boss","floor":16,"turns":7},{"damage":22,"enemies":"3 Byrds","floor":18,"turns":4},{"damage":29,"enemies":"2 Thieves","floor":19,"turns":4},{"damage":22,"enemies":"Centurion and Healer","floor":20,"turns":4},{"damage":7,"enemies":"Cultist and Chosen","floor":22,"turns":4},{"damage":14,"enemies":"Snake Plant","floor":24,"turns":4},{"damage":26,"enemies":"Centurion and Healer","floor":25,"turns":6},{"damage":0,"enemies":"Snecko","floor":28,"turns":4},{"damage":13,"enemies":"3 Cultists","floor":30,"turns":7},{"damage":11,"enemies":"Chosen and Byrds","floor":31,"turns":5},{"damage":14,"enemies":"Champ","floor":33,"turns":7},{"damage":0,"enemies":"Orb Walker","floor":35,"turns":3},{"damage":9,"enemies":"3 Shapes","floor":36,"turns":6},{"damage":18,"enemies":"3 Darklings","floor":39,"turns":4},{"damage":12,"enemies":"Spire Growth","floor":41,"turns":5},{"damage":4,"enemies":"Maw","floor":44,"turns":6},{"damage":20,"enemies":"Writhing Mass","floor":45,"turns":5},{"damage":4,"enemies":"4 Shapes","floor":46,"turns":7},{"damage":31,"enemies":"Spire Growth","floor":48,"turns":6},{"damage":31,"enemies":"Awakened One","floor":50,"turns":12}],"seed_played":"-3791575202034992660","potions_obtained":[{"floor":1,"key":"Regen Potion"},{"floor":11,"key":"Fire Potion"},{"floor":13,"key":"FocusPotion"},{"floor":19,"key":"FocusPotion"},{"floor":20,"key":"Energy Potion"},{"floor":25,"key":"Strength Potion"},{"floor":28,"key":"SkillPotion"},{"floor":33,"key":"GamblersBrew"},{"floor":35,"key":"Weak Potion"},{"floor":42,"key":"Fruit Juice"},{"floor":42,"key":"Dexterity Potion"},{"floor":42,"key":"LiquidBronze"}],"is_trial":false,"path_per_floor":["M","?","$","M","?","R","M","E","T","?","M","$","E","M","R","B",null,"M","M","M","?","M","R","M","M","T","R","M","$","M","M","R","B",null,"M","M","$","?","M","R","M","?","T","M","M","M","R","M","R","B",null],"character_chosen":"DEFECT","items_purchased":["Symbiotic Virus","Creative AI","Anchor","FairyPotion"],"campfire_rested":5,"item_purchase_floors":[3,29,29,37],"current_hp_per_floor":[66,66,66,66,66,66,64,49,49,49,39,39,46,46,46,61,82,60,31,16,16,16,57,57,38,38,79,86,86,73,62,89,75,86,89,87,87,87,76,76,71,76,76,86,80,76,94,70,94,63],"gold":158,"neow_bonus":"TEN_PERCENT_HP_BONUS","is_prod":false,"is_daily":false,"chose_seed":false,"campfire_upgraded":3,"win_rate":0,"timestamp":1551127701,"path_taken":["M","?","$","M","?","R","M","E","T","?","M","?","E","M","R","BOSS","M","?","M","?","M","R","M","M","T","R","M","$","M","M","R","BOSS","M","M","$","?","?","R","M","?","T","M","M","?","R","M","R","BOSS"],"build_version":"2019-01-23","purchased_purges":1,"victory":true,"max_hp_per_floor":[82,82,82,82,82,82,82,82,82,82,82,82,89,89,89,89,89,89,89,89,89,89,89,89,89,89,89,89,89,89,89,89,89,89,89,89,89,89,89,89,89,94,94,94,94,94,94,94,94,94],"card_choices":[{"not_picked":["Sweeping Beam","Redo"],"picked":"FTL","floor":1},{"not_picked":["Steam Power","Force Field"],"picked":"Ball Lightning","floor":4},{"not_picked":["Barrage","Beam Cell"],"picked":"Sweeping Beam","floor":7},{"not_picked":["Meteor Strike","Stack","Reboot"],"picked":"SKIP","floor":8},{"not_picked":["Sweeping Beam","Turbo","Gash"],"picked":"SKIP","floor":11},{"not_picked":["Steam Power","Gash"],"picked":"Loop","floor":13},{"not_picked":["Coolheaded","Aggregate"],"picked":"Cold Snap","floor":14},{"not_picked":["Amplify","Reboot"],"picked":"Echo Form","floor":16},{"not_picked":["Rebound","Aggregate","BootSequence"],"picked":"SKIP","floor":18},{"not_picked":["Redo","Turbo"],"picked":"Self Repair","floor":19},{"not_picked":["Redo","Turbo"],"picked":"Stack","floor":20},{"not_picked":["Turbo","Compile Driver"],"picked":"Auto Shields","floor":22},{"not_picked":["Go for the Eyes","Reboot"],"picked":"Doom and Gloom","floor":24},{"not_picked":["Coolheaded","Self Repair"],"picked":"Recycle+1","floor":25},{"not_picked":["Hello World+1","Rebound","Gash"],"picked":"SKIP","floor":28},{"not_picked":["Hologram","Coolheaded"],"picked":"Storm","floor":30},{"not_picked":["Turbo","Ball Lightning+1","Go for the Eyes"],"picked":"SKIP","floor":31},{"not_picked":["Multi-Cast","All For One"],"picked":"Meteor Strike","floor":33},{"not_picked":["Auto Shields","Hello World+1"],"picked":"Hologram+1","floor":35},{"not_picked":["Beam Cell+1","Hologram+1"],"picked":"Go for the Eyes+1","floor":36},{"not_picked":["Hologram+1","FTL+1"],"picked":"Reinforced Body","floor":39},{"not_picked":["Leap","Barrage"],"picked":"Glacier","floor":41},{"not_picked":["Gash+1","Turbo+1","Recycle+1"],"picked":"SKIP","floor":44},{"not_picked":["Auto Shields+1","Hello World+1"],"picked":"Seek","floor":45},{"not_picked":["Rebound","Go for the Eyes+1","Recycle"],"picked":"SKIP","floor":46},{"not_picked":["Go for the Eyes+1","Genetic Algorithm"],"picked":"Compile Driver+1","floor":48}],"player_experience":620716,"relics_obtained":[{"floor":8,"key":"Vajra"},{"floor":9,"key":"Regal Pillow"},{"floor":13,"key":"Strawberry"},{"floor":26,"key":"Omamori"},{"floor":43,"key":"Letter Opener"}],"event_choices":[{"damage_healed":0,"gold_gain":175,"player_choice":"AGREE","damage_taken":0,"max_hp_gain":0,"max_hp_loss":0,"event_name":"Liars Game","floor":2,"gold_loss":0,"cards_obtained":["Doubt"]},{"cards_removed":["Doubt"],"damage_healed":0,"gold_gain":0,"player_choice":"Forget","damage_taken":0,"max_hp_gain":0,"max_hp_loss":0,"event_name":"Living Wall","floor":5,"gold_loss":0},{"cards_removed":["Strike_B"],"damage_healed":0,"gold_gain":0,"player_choice":"Card Removal","damage_taken":0,"max_hp_gain":0,"max_hp_loss":0,"event_name":"The Cleric","floor":10,"gold_loss":50},{"damage_healed":0,"gold_gain":0,"player_choice":"Obtained Relic","damage_taken":0,"relics_obtained":["War Paint"],"max_hp_gain":0,"max_hp_loss":0,"event_name":"Addict","floor":21,"gold_loss":85},{"damage_healed":0,"gold_gain":0,"player_choice":"Cursed","damage_taken":0,"max_hp_gain":0,"max_hp_loss":0,"event_name":"Wheel of Change","floor":38,"gold_loss":0,"cards_obtained":["Decay"]},{"damage_healed":0,"gold_gain":0,"player_choice":"Got Potions","damage_taken":0,"max_hp_gain":0,"max_hp_loss":0,"event_name":"Lab","floor":42,"gold_loss":0}],"is_beta":false,"boss_relics":[{"not_picked":["Calling Bell","Astrolabe"],"picked":"Snecko Eye"},{"not_picked":["Eternal Feather","Busted Crown"],"picked":"Nuclear Battery"}],"items_purged_floors":[12],"is_endless":false,"potions_floor_spawned":[1,11,13,19,20,25,28,33,35,44,46],"ascension_level":10}