{"gold_per_floor":[359,3,3,3,21,21,36,70,70,103,117,136,156,156,156,232,232,249,263,263,538,16,16,27,27,73,92,118,33,33,51,51,128,128,139,154,29,29,129,129,1,1,1,1,11,11,25,41,41,41],"floor_reached":50,"playtime":2481,"items_purged":["Regret","Regret","Strike_G","Strike_G"],"score":965,"play_id":"0a5317c4-5681-4713-9698-d689da56c4ab","local_time":"20190304022121","is_ascension_mode":true,"campfire_choices":[{"data":"Apotheosis","floor":6.0,"key":"SMITH"},{"data":"Neutralize","floor":15.0,"key":"SMITH"},{"floor":23.0,"key":"REST"},{"data":"Footwork","floor":30.0,"key":"SMITH"},{"floor":32.0,"key":"REST"},{"data":"Infinite Blades","floor":40.0,"key":"SMITH"},{"data":"Noxious Fumes","floor":42.0,"key":"SMITH"},{"floor":46.0,"key":"REST"},{"floor":49.0,"key":"REST"}],"neow_cost":"CURSE","seed_source_timestamp":170247975431406,"circlet_count":0,"master_deck":["AscendersBane","Defend_G","Defend_G","Defend_G","Defend_G","Defend_G","Strike_G","Strike_G","Strike_G","Survivor","Neutralize+1","Apotheosis+1","Finisher","Cloak And Dagger","Deadly Poison","Catalyst","Leg Sweep","Cloak And Dagger","Venomology","Dagger Spray","Cloak And Dagger","Footwork+1","Finisher","Catalyst","Well Laid Plans","A Thousand Cuts","Backflip+1","Infinite Blades+1","Purity","Noxious Fumes+1","Deflect","Accuracy","Endless Agony"],"special_seed":0,"relics":["Ring of the Snake","Tough Bandages","Ginger","Bottled Flame","Philosopher\u0027s Stone","Oddly Smooth Stone","Strawberry","Smiling Mask","Pear","Lizard Tail","Ice Cream","Ninja Scroll"],"potions_floor_usage":[50,50,50],"damage_taken":[{"damage":3.0,"enemies":"Jaw Worm","floor":1.0,"turns":4.0},{"damage":4.0,"enemies":"Cultist","floor":5.0,"turns":3.0},{"damage":0.0,"enemies":"Small Slimes","floor":7.0,"turns":4.0},{"damage":26.0,"enemies":"Gremlin Nob","floor":8.0,"turns":5.0},{"damage":18.0,"enemies":"3 Sentries","floor":10.0,"turns":13.0},{"damage":19.0,"enemies":"Exordium Thugs","floor":11.0,"turns":6.0},{"damage":0.0,"enemies":"Red Slaver","floor":12.0,"turns":5.0},{"damage":0.0,"enemies":"3 Louse","floor":13.0,"turns":4.0},{"damage":36.0,"enemies":"Hexaghost","floor":16.0,"turns":13.0},{"damage":1.0,"enemies":"Shell Parasite","floor":18.0,"turns":6.0},{"damage":19.0,"enemies":"Spheric Guardian","floor":19.0,"turns":7.0},{"damage":5.0,"enemies":"Snecko","floor":24.0,"turns":7.0},{"damage":1.0,"enemies":"Centurion and Healer","floor":27.0,"turns":6.0},{"damage":0.0,"enemies":"Gremlin Leader","floor":28.0,"turns":5.0},{"damage":17.0,"enemies":"Snake Plant","floor":31.0,"turns":4.0},{"damage":33.0,"enemies":"Champ","floor":33.0,"turns":13.0},{"damage":26.0,"enemies":"3 Darklings","floor":35.0,"turns":5.0},{"damage":15.0,"enemies":"Orb Walker","floor":36.0,"turns":7.0},{"damage":5.0,"enemies":"Mind Bloom Boss Battle","floor":39.0,"turns":6.0},{"damage":23.0,"enemies":"Jaw Worm Horde","floor":45.0,"turns":5.0},{"damage":38.0,"enemies":"Maw","floor":47.0,"turns":8.0},{"damage":0.0,"enemies":"Writhing Mass","floor":48.0,"turns":5.0},{"damage":94,"enemies":"Donu and Deca","floor":50,"turns":6}],"seed_played":"8712253077027229093","potions_obtained":[{"floor":1.0,"key":"PowerPotion"},{"floor":7.0,"key":"GamblersBrew"},{"floor":10.0,"key":"FairyPotion"},{"floor":12.0,"key":"EssenceOfSteel"},{"floor":24.0,"key":"Swift Potion"},{"floor":28.0,"key":"Swift Potion"},{"floor":33.0,"key":"Regen Potion"},{"floor":47.0,"key":"LiquidBronze"},{"floor":48.0,"key":"Fire Potion"}],"is_trial":false,"path_per_floor":["M","$","?","$","M","R","M","E","T","E","M","M","M","?","R","B",null,"M","M","$","?","$","R","M","?","T","M","E","?","R","M","R","B",null,"M","M","$","?","?","R","$","R","T","?","M","R","M","M","R","B"],"character_chosen":"THE_SILENT","items_purchased":["Apotheosis","Finisher","Footwork","Finisher","Oddly Smooth Stone","GhostInAJar","Infinite Blades","Noxious Fumes"],"campfire_rested":4,"item_purchase_floors":[2,2,22,22,22,22,37,41],"current_hp_per_floor":[56,56,66,66,62,62,62,36,36,18,6,6,6,66,66,30,57,56,37,37,37,37,56,51,51,58,57,57,67,67,50,74,41,73,47,47,47,47,42,42,42,42,42,42,19,43,5,5,29,0],"gold":41,"neow_bonus":"TWO_FIFTY_GOLD","is_prod":false,"is_daily":false,"chose_seed":false,"campfire_upgraded":5,"win_rate":0,"timestamp":1551662481,"path_taken":["M","$","?","?","M","R","M","E","T","E","M","M","M","?","R","BOSS","M","M","$","?","$","R","?","?","T","M","E","?","R","M","R","BOSS","M","M","$","?","?","R","$","R","T","?","?","R","M","M","R","BOSS"],"build_version":"2019-01-23","purchased_purges":4,"victory":false,"max_hp_per_floor":[66,66,66,66,66,66,66,66,66,66,66,66,66,66,66,66,66,66,66,66,66,66,66,66,66,73,73,73,83,83,83,83,83,83,83,83,83,83,83,83,83,83,83,83,83,83,83,83,83,83],"card_choices":[{"not_picked":["Slice","Acrobatics"],"picked":"Escape Plan","floor":1.0},{"not_picked":["Poisoned Stab","Slice"],"picked":"Cloak And Dagger","floor":5.0},{"not_picked":["Deflect","Slice"],"picked":"Deadly Poison","floor":7.0},{"not_picked":["Outmaneuver","Eviscerate","All Out Attack"],"picked":"SKIP","floor":8.0},{"not_picked":["Underhanded Strike","Prepared"],"picked":"Catalyst","floor":10.0},{"not_picked":["Acrobatics","Blade Dance"],"picked":"Leg Sweep","floor":11.0},{"not_picked":["Blade Dance","Reflex"],"picked":"Cloak And Dagger","floor":12.0},{"not_picked":["Reflex","Underhanded Strike","Riddle With Holes"],"picked":"SKIP","floor":13.0},{"not_picked":["Grand Finale","Unload"],"picked":"Venomology","floor":16.0},{"not_picked":["Flying Knee+1","Slice+1"],"picked":"Dagger Spray","floor":18.0},{"not_picked":["Underhanded Strike","Deadly Poison"],"picked":"Cloak And Dagger","floor":19.0},{"not_picked":["Backflip","Bullet Time"],"picked":"Catalyst","floor":24.0},{"not_picked":["Acrobatics","Deadly Poison","Prepared"],"picked":"SKIP","floor":27.0},{"not_picked":["Terror","Deadly Poison"],"picked":"Well Laid Plans","floor":28.0},{"not_picked":["Dagger Throw+1","Masterful Stab","Bouncing Flask"],"picked":"SKIP","floor":31.0},{"not_picked":["Venomology","Glass Knife"],"picked":"A Thousand Cuts","floor":33.0},{"not_picked":["Poisoned Stab","Quick Slash","Blade Dance"],"picked":"SKIP","floor":35.0},{"not_picked":["Outmaneuver","Dagger Spray+1"],"picked":"Backflip+1","floor":36.0},{"not_picked":["Dramatic Entrance","Sadistic Nature"],"picked":"Purity","floor":38.0},{"not_picked":["Sucker Punch","Setup"],"picked":"Endless Agony","floor":45.0},{"not_picked":["Quick Slash","Sucker Punch","Storm of Steel"],"picked":"SKIP","floor":47.0},{"not_picked":["Slice+1","Flying Knee","Outmaneuver+1"],"picked":"SKIP","floor":48.0}],"player_experience":817815,"relics_obtained":[{"floor":8.0,"key":"Tough Bandages"},{"floor":9.0,"key":"Ginger"},{"floor":10.0,"key":"Bottled Flame"},{"floor":26.0,"key":"Strawberry"},{"floor":28.0,"key":"Smiling Mask"},{"floor":39.0,"key":"Ice Cream"},{"floor":43.0,"key":"Ninja Scroll"}],"event_choices":[{"damage_healed":10.0,"max_hp_gain":0.0,"max_hp_loss":0.0,"gold_gain":0.0,"event_name":"Wheel of Change","player_choice":"Full Heal","floor":3.0,"gold_loss":0.0,"damage_taken":0.0},{"cards_removed":["Escape Plan"],"damage_healed":60.0,"max_hp_gain":0.0,"max_hp_loss":0.0,"gold_gain":0.0,"event_name":"Bonfire Elementals","player_choice":"Offered Uncommon","floor":14.0,"gold_loss":0.0,"damage_taken":0.0},{"damage_healed":0.0,"max_hp_gain":0.0,"max_hp_loss":0.0,"gold_gain":275.0,"event_name":"Golden Shrine","player_choice":"Desecrate","floor":21.0,"gold_loss":0.0,"damage_taken":0.0,"cards_obtained":["Regret"]},{"damage_healed":0.0,"max_hp_gain":0.0,"max_hp_loss":0.0,"gold_gain":0.0,"event_name":"Vampires","player_choice":"Ignored","floor":25.0,"gold_loss":0.0,"damage_taken":0.0},{"damage_healed":0.0,"max_hp_gain":0.0,"max_hp_loss":0.0,"gold_gain":0.0,"event_name":"Addict","player_choice":"Obtained Relic","floor":29.0,"gold_loss":85.0,"damage_taken":0.0,"relics_obtained":["Pear"]},{"damage_healed":0.0,"max_hp_gain":0.0,"max_hp_loss":0.0,"gold_gain":0.0,"event_name":"SensoryStone","player_choice":"Memory 1","floor":38.0,"gold_loss":0.0,"damage_taken":0.0},{"damage_healed":0.0,"max_hp_gain":0.0,"max_hp_loss":0.0,"gold_gain":0.0,"event_name":"MindBloom","player_choice":"Fight","floor":39.0,"gold_loss":0.0,"damage_taken":0.0},{"damage_healed":0.0,"max_hp_gain":0.0,"max_hp_loss":0.0,"gold_gain":0.0,"event_name":"Match and Keep!","player_choice":"2 cards matched","floor":44.0,"gold_loss":0.0,"damage_taken":0.0,"cards_obtained":["Deflect","Accuracy"]},{"damage_healed":0.0,"max_hp_gain":0.0,"max_hp_loss":0.0,"gold_gain":0.0,"event_name":"Match and Keep!","player_choice":"2 cards matched","floor":44.0,"gold_loss":0.0,"damage_taken":0.0,"cards_obtained":["Deflect","Accuracy"]}],"is_beta":false,"boss_relics":[{"not_picked":["Astrolabe","WristBlade"],"picked":"Philosopher\u0027s Stone"},{"not_picked":["HoveringKite","White Beast Statue"],"picked":"Lizard Tail"}],"items_purged_floors":[2,22,37,41],"is_endless":false,"potions_floor_spawned":[1,7,10,12,24,28,33,47,48],"killed_by":"Donu and Deca","ascension_level":16}