{"gold_per_floor":[116,129,129,148,148,183,183,203,203,222,241,268,282,30,30,125,125,141,141,158,169,44,44,44],"floor_reached":24,"playtime":1252,"items_purged":["Strike_G"],"score":326,"play_id":"fa2fb5c9-bba6-4683-8279-bd1efcc1f7cc","local_time":"20190207220710","is_ascension_mode":true,"campfire_choices":[{"data":"Predator","floor":7,"key":"SMITH"},{"floor":15,"key":"REST"},{"floor":23,"key":"REST"}],"neow_cost":"TEN_PERCENT_HP_LOSS","seed_source_timestamp":380759797020264,"circlet_count":0,"master_deck":["AscendersBane","Defend_G","Defend_G","Defend_G","Defend_G","Defend_G","Strike_G","Strike_G","Strike_G","Survivor","Neutralize","Dash","Dagger Spray","Deadly Poison","Predator+1","After Image","Distraction","Riddle With Holes","Noxious Fumes+1","Sadistic Nature+1","Corpse Explosion","Catalyst","Crippling Poison","Skewer"],"relics":["Ring of the Snake","Unceasing Top","The Courier","Frozen Egg 2","Lantern","Velvet Choker","Snake Skull","Vajra"],"potions_floor_usage":[6,12,20],"damage_taken":[{"damage":0,"enemies":"2 Louse","floor":1,"turns":2},{"damage":0,"enemies":"Small Slimes","floor":2,"turns":4},{"damage":0,"enemies":"Cultist","floor":4,"turns":4},{"damage":7,"enemies":"3 Sentries","floor":6,"turns":8},{"damage":6,"enemies":"Exordium Wildlife","floor":8,"turns":4},{"damage":2,"enemies":"Red Slaver","floor":10,"turns":5},{"damage":15,"enemies":"Lots of Slimes","floor":11,"turns":4},{"damage":17,"enemies":"Gremlin Nob","floor":12,"turns":5},{"damage":6,"enemies":"Exordium Thugs","floor":13,"turns":8},{"damage":20,"enemies":"Slime Boss","floor":16,"turns":8},{"damage":26,"enemies":"Spheric Guardian","floor":18,"turns":4},{"damage":14,"enemies":"2 Thieves","floor":20,"turns":3},{"damage":0,"enemies":"Centurion and Healer","floor":21,"turns":3},{"damage":32,"enemies":"Book of Stabbing","floor":24,"turns":3}],"seed_played":"-8062501815870653908","potions_obtained":[{"floor":4,"key":"SkillPotion"},{"floor":8,"key":"Strength Potion"},{"floor":12,"key":"PowerPotion"},{"floor":16,"key":"Ancient Potion"},{"floor":18,"key":"SkillPotion"}],"is_trial":false,"path_per_floor":["M","M","?","M","?","E","R","M","T","M","M","E","M","$","R","B",null,"M","?","M","M","$","R","E"],"character_chosen":"THE_SILENT","items_purchased":["Noxious Fumes+1","Sadistic Nature+1","Vajra"],"campfire_rested":2,"item_purchase_floors":[14,14,22],"current_hp_per_floor":[63,63,63,63,63,56,56,50,50,48,33,16,10,10,28,8,49,23,23,9,9,9,27,0],"gold":44,"neow_bonus":"ONE_RARE_RELIC","is_prod":false,"is_daily":false,"chose_seed":false,"campfire_upgraded":1,"win_rate":0,"timestamp":1549573630,"path_taken":["M","M","?","M","?","E","R","M","T","?","M","E","M","$","R","BOSS","M","?","?","?","$","R","E"],"build_version":"2019-01-23","purchased_purges":1,"victory":false,"max_hp_per_floor":[63,63,63,63,63,63,63,63,63,63,63,63,63,63,63,63,63,63,63,63,63,63,63,63],"card_choices":[{"not_picked":["Deflect","Riddle With Holes"],"picked":"Dash","floor":1},{"not_picked":["Underhanded Strike","Deadly Poison"],"picked":"Dagger Spray","floor":2},{"not_picked":["Sucker Punch","Outmaneuver"],"picked":"Deadly Poison","floor":4},{"not_picked":["Poisoned Stab","Tactician"],"picked":"Predator","floor":6},{"not_picked":["Dagger Throw","Cloak And Dagger"],"picked":"After Image","floor":8},{"not_picked":["Outmaneuver","Distraction","Catalyst"],"picked":"SKIP","floor":10},{"not_picked":["Flechettes","Concentrate"],"picked":"Distraction","floor":11},{"not_picked":["Deflect","Blade Dance"],"picked":"Riddle With Holes","floor":12},{"not_picked":["Calculated Gamble","Accuracy+1","Blade Dance"],"picked":"SKIP","floor":13},{"not_picked":["Bullet Time","Unload"],"picked":"Corpse Explosion","floor":16},{"not_picked":["Outmaneuver","Dodge and Roll+1"],"picked":"Catalyst","floor":18},{"not_picked":["Dodge and Roll+1","Heel Hook+1"],"picked":"Crippling Poison","floor":20},{"not_picked":["Prepared","Deflect+1"],"picked":"Skewer","floor":21}],"player_experience":579716,"relics_obtained":[{"floor":6,"key":"The Courier"},{"floor":9,"key":"Frozen Egg 2"},{"floor":12,"key":"Lantern"}],"event_choices":[{"damage_healed":0,"gold_gain":0,"player_choice":"Ignored","damage_taken":0,"max_hp_gain":0,"max_hp_loss":0,"event_name":"Liars Game","floor":3,"gold_loss":0},{"cards_removed":["Strike_G"],"damage_healed":0,"gold_gain":0,"player_choice":"Offered Basic","damage_taken":0,"max_hp_gain":0,"max_hp_loss":0,"event_name":"Bonfire Elementals","floor":5,"gold_loss":0},{"damage_healed":0,"gold_gain":0,"player_choice":"Gave Potion","damage_taken":0,"relics_obtained":["Snake Skull"],"max_hp_gain":0,"max_hp_loss":0,"event_name":"WeMeetAgain","floor":19,"gold_loss":0}],"is_beta":false,"boss_relics":[{"not_picked":["Pandora\u0027s Box","Empty Cage"],"picked":"Velvet Choker"}],"items_purged_floors":[14],"is_endless":false,"potions_floor_spawned":[4,8,12,16,18],"killed_by":"Book of Stabbing","ascension_level":11}