{"gold_per_floor":[118,132,183,194,212,212,258,258,258,275,275,285,285,250,250,355,405,420,420,297,287,305,305,305,325,325,344,344,344,344],"floor_reached":30,"playtime":1064,"items_purged":["Dualcast"],"score":247,"play_id":"ec1f0eeb-a660-4b2e-add3-d80f19ab5b3c","local_time":"20180728003524","is_ascension_mode":false,"campfire_choices":[{"data":"Zap","floor":6,"key":"SMITH"},{"data":"Go for the Eyes","floor":8,"key":"SMITH"},{"data":"Gash","floor":11,"key":"SMITH"},{"data":"Gash","floor":13,"key":"SMITH"},{"data":"Rebound","floor":15,"key":"SMITH"},{"data":"Double Energy","floor":23,"key":"SMITH"},{"data":"Conserve Battery","floor":29,"key":"SMITH"}],"neow_cost":"NONE","seed_source_timestamp":1235505036929634,"circlet_count":0,"master_deck":["Defend_B","Defend_B","Defend_B","Defend_B","Zap+1","Gash+1","Leap","Barrage","Go for the Eyes+1","Gash+1","Rebound+1","Electrodynamics","Conserve Battery+1","Auto Shields+1","Leap","Double Energy+1","Leap","Writhe","Hologram","Stack","Bite","Bite","Bite","Bite","Bite"],"relics":["Cracked Core","Orichalcum","Bottled Flame","Tiny House","Ornamental Fan"],"potions_floor_usage":[16,16],"damage_taken":[{"damage":0,"enemies":"Cultist","floor":1,"turns":4},{"damage":7,"enemies":"Jaw Worm","floor":2,"turns":4},{"damage":0,"enemies":"Small Slimes","floor":4,"turns":5},{"damage":5,"enemies":"Looter","floor":5,"turns":3},{"damage":7,"enemies":"Blue Slaver","floor":10,"turns":4},{"damage":0,"enemies":"Exordium Wildlife","floor":12,"turns":3},{"damage":23,"enemies":"The Guardian","floor":16,"turns":10},{"damage":17,"enemies":"Spheric Guardian","floor":18,"turns":4},{"damage":3,"enemies":"2 Thieves","floor":21,"turns":4},{"damage":19,"enemies":"Snecko","floor":22,"turns":6},{"damage":27,"enemies":"Snake Plant","floor":25,"turns":5},{"damage":25,"enemies":"Centurion and Healer","floor":27,"turns":11},{"damage":17,"enemies":"Sentry and Sphere","floor":30,"turns":3}],"seed_played":"5627415064257895610","potions_obtained":[{"floor":4,"key":"Explosive Potion"},{"floor":10,"key":"Dexterity Potion"},{"floor":16,"key":"Energy Potion"},{"floor":17,"key":"SpeedPotion"},{"floor":21,"key":"Strength Potion"},{"floor":25,"key":"Energy Potion"}],"is_trial":false,"path_per_floor":["M","M","T","M","M","R","T","R","T","M","R","M","R","?","R","B",null,"M","?","$","M","M","R","?","M","T","M","?","R"],"character_chosen":"DEFECT","items_purchased":["Leap"],"campfire_rested":0,"item_purchase_floors":[20],"current_hp_per_floor":[82,75,75,75,70,70,70,70,70,65,65,67,67,82,82,59,87,70,70,70,69,52,52,52,27,27,4,4,4,0],"gold":344,"neow_bonus":"TEN_PERCENT_HP_BONUS","is_prod":false,"is_daily":false,"chose_seed":false,"campfire_upgraded":7,"win_rate":0.0,"timestamp":1532730924,"path_taken":["M","?","?","M","M","R","?","R","T","M","R","M","R","?","R","BOSS","M","?","$","?","M","R","?","M","T","M","?","R","M"],"build_version":"2018-07-26","purchased_purges":1,"victory":false,"max_hp_per_floor":[82,82,82,82,82,82,82,82,82,82,82,82,82,82,82,82,87,87,87,87,87,87,87,87,87,87,87,87,87,87],"card_choices":[{"not_picked":["Barrage","Turbo"],"picked":"Gash","floor":1},{"not_picked":["Stack","Streamline"],"picked":"Leap","floor":2},{"not_picked":["Coolheaded","Aggregate"],"picked":"Barrage","floor":4},{"not_picked":["Leap","Streamline"],"picked":"Go for the Eyes","floor":5},{"not_picked":["Glacier","Cold Snap"],"picked":"Gash","floor":10},{"not_picked":["Lockon","Turbo"],"picked":"Rebound","floor":12},{"not_picked":["Multi-Cast","Amplify"],"picked":"Electrodynamics","floor":16},{"not_picked":["Steam","Go for the Eyes"],"picked":"Conserve Battery","floor":17},{"not_picked":["Conserve Battery","Hologram"],"picked":"Auto Shields+1","floor":18},{"not_picked":["Compile Driver+1","Static Discharge+1"],"picked":"Double Energy","floor":21},{"not_picked":["Consume","Auto Shields"],"picked":"Leap","floor":22},{"not_picked":["Coolheaded+1","Compile Driver"],"picked":"Hologram","floor":25},{"not_picked":["Turbo","Loop"],"picked":"Stack","floor":27}],"player_experience":65247,"relics_obtained":[{"floor":3,"key":"Orichalcum"},{"floor":7,"key":"Blood Vial"},{"floor":9,"key":"Bottled Flame"},{"floor":26,"key":"Ornamental Fan"}],"event_choices":[{"event_name":"The Cleric","player_choice":"Healed","floor":14,"damage_taken":0},{"event_name":"Forgotten Altar","player_choice":"Smashed Altar","floor":19,"damage_taken":0},{"event_name":"Transmorgrifier","player_choice":"Transform","floor":24,"damage_taken":0},{"event_name":"Vampires","player_choice":"Became a vampire (Vial)","floor":28,"damage_taken":0}],"is_beta":false,"boss_relics":[{"not_picked":["Busted Crown","Calling Bell"],"picked":"Tiny House"}],"items_purged_floors":[20],"is_endless":false,"potions_floor_spawned":[4,10,16,21,25,27],"killed_by":"Sentry and Sphere","ascension_level":0}