{"gold_per_floor":[114,131,1,15,35,54,70,70,70,70,70,89,104,104,104,179,179,197,197,214,234,159,159],"floor_reached":23,"playtime":813,"items_purged":[],"score":365,"play_id":"d8994e10-f60b-451b-8f68-8373704ec78c","local_time":"20190302153438","is_ascension_mode":true,"campfire_choices":[{"data":"Go for the Eyes","floor":10.0,"key":"SMITH"},{"floor":15.0,"key":"REST"}],"neow_cost":"NONE","seed_source_timestamp":499561649089400,"circlet_count":0,"master_deck":["AscendersBane","Strike_B","Strike_B","Strike_B","Defend_B","Defend_B+1","Defend_B","Defend_B","Zap","Dualcast+1","Cold Snap","Go for the Eyes+1","Gash","Ball Lightning","Leap","Ball Lightning","Conserve Battery","Rainbow","Shame","Decay","Doubt","Undo","Sweeping Beam+1","Coolheaded","Cold Snap+1","Gash+1","Gash+1"],"special_seed":0,"relics":["Cracked Core","Oddly Smooth Stone","Blood Vial","Orichalcum","Calling Bell","Regal Pillow","Molten Egg 2","Prayer Wheel"],"potions_floor_usage":[16,23],"damage_taken":[{"damage":0.0,"enemies":"Cultist","floor":1.0,"turns":4.0},{"damage":2.0,"enemies":"2 Louse","floor":2.0,"turns":3.0},{"damage":0.0,"enemies":"Small Slimes","floor":4.0,"turns":3.0},{"damage":7.0,"enemies":"Blue Slaver","floor":5.0,"turns":3.0},{"damage":8.0,"enemies":"Looter","floor":6.0,"turns":4.0},{"damage":6.0,"enemies":"Large Slime","floor":7.0,"turns":5.0},{"damage":4.0,"enemies":"Exordium Wildlife","floor":12.0,"turns":4.0},{"damage":3.0,"enemies":"Looter","floor":13.0,"turns":2.0},{"damage":28,"enemies":"Slime Boss","floor":16,"turns":9},{"damage":19,"enemies":"Shell Parasite","floor":18,"turns":6},{"damage":17,"enemies":"Colosseum Slavers","floor":19,"turns":5},{"damage":18,"enemies":"3 Byrds","floor":20,"turns":5},{"damage":20,"enemies":"Snake Plant","floor":21,"turns":5},{"damage":6,"enemies":"Book of Stabbing","floor":23,"turns":1}],"seed_played":"7751008462284177888","potions_obtained":[{"floor":4.0,"key":"FocusPotion"},{"floor":5.0,"key":"SteroidPotion"},{"floor":7.0,"key":"Dexterity Potion"},{"floor":13.0,"key":"Fruit Juice"},{"floor":20,"key":"Dexterity Potion"}],"is_trial":false,"path_per_floor":["M","M","?","M","M","M","M","?","T","R","?","M","M","?","R","B",null,"M","?","M","M","?","E"],"character_chosen":"DEFECT","items_purchased":[],"campfire_rested":1,"item_purchase_floors":[],"current_hp_per_floor":[64,62,62,64,59,53,49,49,49,49,28,26,30,35,59,33,69,52,37,21,3,3,0],"gold":159,"neow_bonus":"RANDOM_COMMON_RELIC","is_prod":false,"is_daily":false,"chose_seed":false,"campfire_upgraded":1,"win_rate":0,"timestamp":1551558878,"path_taken":["M","?","?","M","M","?","M","?","T","R","?","M","M","?","R","BOSS","M","?","M","M","?","E"],"build_version":"2019-01-23","purchased_purges":0,"victory":false,"max_hp_per_floor":[71,71,71,71,71,71,71,71,71,71,71,71,76,81,81,81,81,81,81,81,81,81,81],"card_choices":[{"not_picked":["Coolheaded","Chill"],"picked":"Cold Snap","floor":1.0},{"not_picked":["Chaos","Steam Power","Stack"],"picked":"SKIP","floor":2.0},{"not_picked":["Self Repair","Stack"],"picked":"Go for the Eyes","floor":4.0},{"not_picked":["Go for the Eyes","Stack"],"picked":"Gash","floor":5.0},{"not_picked":["Cold Snap","Consume"],"picked":"Ball Lightning","floor":6.0},{"not_picked":["Go for the Eyes","Conserve Battery"],"picked":"Leap","floor":7.0},{"not_picked":["Double Energy","Recycle"],"picked":"Ball Lightning","floor":12.0},{"not_picked":["Genetic Algorithm","Sweeping Beam"],"picked":"Conserve Battery","floor":13.0},{"not_picked":["Hyperbeam","Seek"],"picked":"Rainbow","floor":16},{"not_picked":["Doom and Gloom+1","Go for the Eyes+1"],"picked":"Undo","floor":18},{"not_picked":["Steam Power","Streamline+1"],"picked":"Sweeping Beam+1","floor":18},{"not_picked":["Consume","Aggregate+1"],"picked":"Coolheaded","floor":20},{"not_picked":["Go for the Eyes+1","Chaos"],"picked":"Cold Snap+1","floor":20},{"not_picked":["Leap","BootSequence"],"picked":"Gash+1","floor":21},{"not_picked":["Streamline+1","Cold Snap+1"],"picked":"Gash+1","floor":21}],"player_experience":1278990,"relics_obtained":[{"floor":9.0,"key":"Orichalcum"},{"floor":17,"key":"Regal Pillow"},{"floor":17,"key":"Molten Egg 2"},{"floor":17,"key":"Prayer Wheel"}],"event_choices":[{"damage_healed":0.0,"max_hp_gain":0.0,"max_hp_loss":0.0,"gold_gain":0.0,"event_name":"WeMeetAgain","player_choice":"Paid Gold","floor":3.0,"gold_loss":130.0,"damage_taken":0.0,"relics_obtained":["Blood Vial"]},{"damage_healed":0.0,"max_hp_gain":0.0,"max_hp_loss":0.0,"gold_gain":0.0,"event_name":"Liars Game","player_choice":"Ignored","floor":8.0,"gold_loss":0.0,"damage_taken":0.0},{"damage_healed":0.0,"max_hp_gain":0.0,"max_hp_loss":0.0,"gold_gain":0.0,"event_name":"Shining Light","player_choice":"Entered Light","floor":11.0,"gold_loss":0.0,"damage_taken":21.0,"cards_upgraded":["Dualcast","Defend_B"]},{"damage_healed":0.0,"max_hp_gain":5.0,"max_hp_loss":0.0,"gold_gain":0.0,"event_name":"Big Fish","player_choice":"Donut","floor":14.0,"gold_loss":0.0,"damage_taken":0.0},{"damage_healed":0,"gold_gain":0,"player_choice":"Fight","damage_taken":0,"max_hp_gain":0,"max_hp_loss":0,"event_name":"Colosseum","floor":19,"gold_loss":0},{"damage_healed":0,"gold_gain":0,"player_choice":"Fled From Nobs","damage_taken":0,"max_hp_gain":0,"max_hp_loss":0,"event_name":"Colosseum","floor":19,"gold_loss":0},{"cards_removed":["Strike_B"],"damage_healed":0,"gold_gain":0,"player_choice":"Gave Gold","damage_taken":0,"max_hp_gain":0,"max_hp_loss":0,"event_name":"Beggar","floor":22,"gold_loss":75}],"is_beta":false,"boss_relics":[{"not_picked":["Snecko Eye","FrozenCore"],"picked":"Calling Bell"}],"items_purged_floors":[],"is_endless":false,"potions_floor_spawned":[4,5,7,13,20],"killed_by":"Book of Stabbing","ascension_level":19}