{"gold_per_floor":[209,228,153,153,153,153,189,204,227,227,227,76,97,120,120,239,239,263,61,86,101,120,120,153,174,174,197,197,217,230,230],"floor_reached":31,"playtime":2416,"items_purged":["Defend_B","Strike_B","Strike_B"],"score":261,"play_id":"4533f20f-1db3-40d9-961a-fca371c40ad1","local_time":"20190221172441","is_ascension_mode":false,"campfire_choices":[{"data":"Zap","floor":6,"key":"SMITH"},{"floor":11,"key":"REST"},{"floor":15,"key":"REST"},{"floor":23,"key":"REST"},{"floor":28,"key":"REST"}],"neow_cost":"NONE","seed_source_timestamp":140746844578532,"circlet_count":0,"master_deck":["Strike_B","Strike_B","Defend_B","Defend_B","Defend_B","Zap+1","Dualcast+1","Conserve Battery","Ball Lightning","Ball Lightning","Seek+1","Ball Lightning","Buffer","Electrodynamics","Conserve Battery","Go for the Eyes","Capacitor","Capacitor","Conserve Battery+1","Fission+1","Barrage+1"],"relics":["Cracked Core","Potion Belt","Golden Idol","Dream Catcher","Strawberry","Orrery","War Paint","Vajra"],"potions_floor_usage":[7,18,21,22,24,27,31],"damage_taken":[{"damage":0,"enemies":"Small Slimes","floor":1,"turns":3},{"damage":0,"enemies":"2 Louse","floor":2,"turns":2},{"damage":38,"enemies":"Lagavulin","floor":7,"turns":6},{"damage":0,"enemies":"Jaw Worm","floor":8,"turns":2},{"damage":13,"enemies":"Gremlin Gang","floor":13,"turns":3},{"damage":9,"enemies":"Exordium Thugs","floor":14,"turns":3},{"damage":30,"enemies":"Slime Boss","floor":16,"turns":8},{"damage":20,"enemies":"2 Thieves","floor":18,"turns":2},{"damage":0,"enemies":"3 Byrds","floor":20,"turns":2},{"damage":12,"enemies":"Sentry and Sphere","floor":21,"turns":4},{"damage":20,"enemies":"Snake Plant","floor":22,"turns":4},{"damage":16,"enemies":"Gremlin Leader","floor":24,"turns":6},{"damage":9,"enemies":"Centurion and Healer","floor":25,"turns":3},{"damage":4,"enemies":"Cultist and Chosen","floor":27,"turns":4},{"damage":20,"enemies":"Sentry and Sphere","floor":29,"turns":5},{"damage":21,"enemies":"Centurion and Healer","floor":30,"turns":6},{"damage":12,"enemies":"Snake Plant","floor":31,"turns":2}],"seed_played":"-8719581556792866673","potions_obtained":[{"floor":1,"key":"LiquidBronze"},{"floor":14,"key":"Weak Potion"},{"floor":16,"key":"Explosive Potion"},{"floor":18,"key":"Poison Potion"},{"floor":25,"key":"AttackPotion"},{"floor":29,"key":"GamblersBrew"},{"floor":30,"key":"Swift Potion"}],"is_trial":false,"path_per_floor":["M","M","$","?","?","R","E","M","T","?","R","$","M","M","R","B",null,"M","$","M","M","M","R","E","M","T","M","R","M","M","M"],"character_chosen":"DEFECT","items_purchased":["Ball Lightning","Regen Potion"],"campfire_rested":4,"item_purchase_floors":[12,19],"current_hp_per_floor":[75,75,75,68,68,68,30,30,37,37,59,59,46,37,59,29,76,56,56,56,56,36,58,42,33,33,29,51,31,10,0],"gold":230,"neow_bonus":"HUNDRED_GOLD","is_prod":false,"is_daily":false,"chose_seed":false,"campfire_upgraded":1,"win_rate":0.0,"timestamp":1550787881,"path_taken":["M","M","$","?","?","R","E","M","T","?","R","$","M","M","R","BOSS","M","$","M","M","?","R","E","M","T","M","R","M","M","M"],"build_version":"2019-01-23","purchased_purges":3,"victory":false,"max_hp_per_floor":[75,75,75,75,69,69,69,69,76,76,76,76,76,76,76,76,76,76,76,76,76,76,76,76,76,76,76,76,76,76,76],"card_choices":[{"not_picked":["Rebound","Stack","Redo"],"picked":"SKIP","floor":1},{"not_picked":["Barrage","Redo"],"picked":"Conserve Battery","floor":2},{"not_picked":["Force Field","Storm","Reprogram"],"picked":"SKIP","floor":7},{"not_picked":["Go for the Eyes","Beam Cell"],"picked":"Ball Lightning","floor":8},{"not_picked":["Cold Snap","Rebound"],"picked":"Seek","floor":13},{"not_picked":["Tempest","Compile Driver"],"picked":"Ball Lightning","floor":14},{"not_picked":["Core Surge","Hyperbeam"],"picked":"Buffer","floor":16},{"not_picked":["Tempest","Barrage"],"picked":"Electrodynamics","floor":17},{"not_picked":["Sweeping Beam","Cold Snap"],"picked":"Conserve Battery","floor":17},{"not_picked":["Hologram","Recycle"],"picked":"Go for the Eyes","floor":17},{"not_picked":["Fusion","Conserve Battery"],"picked":"Capacitor","floor":18},{"not_picked":["Hologram","FTL"],"picked":"Capacitor","floor":20},{"not_picked":["Scrape+1","Skim"],"picked":"Conserve Battery+1","floor":21},{"not_picked":["Steam Power","Gash+1","Heatsinks"],"picked":"SKIP","floor":22},{"not_picked":["Stack","Go for the Eyes"],"picked":"Fission","floor":23},{"not_picked":["Streamline","Steam","Redo"],"picked":"SKIP","floor":24},{"not_picked":["Streamline","Steam","Redo"],"picked":"SKIP","floor":24},{"not_picked":["Stack+1","Gash","Darkness"],"picked":"SKIP","floor":25},{"not_picked":["Barrage","Sweeping Beam+1","Beam Cell"],"picked":"SKIP","floor":27},{"not_picked":["Heatsinks","Go for the Eyes","Aggregate"],"picked":"SKIP","floor":29},{"not_picked":["Rebound","Gash"],"picked":"Barrage+1","floor":30}],"player_experience":139677,"relics_obtained":[{"floor":7,"key":"Dream Catcher"},{"floor":9,"key":"Strawberry"},{"floor":24,"key":"War Paint"},{"floor":26,"key":"Vajra"}],"event_choices":[{"damage_healed":0,"gold_gain":0,"player_choice":"Success","damage_taken":7,"relics_obtained":["Potion Belt"],"max_hp_gain":0,"max_hp_loss":0,"event_name":"Scrap Ooze","floor":4,"gold_loss":0},{"damage_healed":0,"gold_gain":0,"player_choice":"Lose Max HP","damage_taken":0,"relics_obtained":["Golden Idol"],"max_hp_gain":0,"max_hp_loss":6,"event_name":"Golden Idol","floor":5,"gold_loss":0},{"damage_healed":0,"gold_gain":0,"player_choice":"Forge","damage_taken":0,"max_hp_gain":0,"max_hp_loss":0,"event_name":"Accursed Blacksmith","floor":10,"gold_loss":0,"cards_upgraded":["Dualcast"]}],"is_beta":false,"boss_relics":[{"not_picked":["Lizard Tail","Snecko Eye"],"picked":"Orrery"}],"items_purged_floors":[3,12,19],"is_endless":false,"potions_floor_spawned":[1,14,16,18,25,29,30],"killed_by":"Snake Plant","ascension_level":0}