{"gold_per_floor":[112,10,0,0,0,0,0,0,0,13,33,57,132,147,147,147],"floor_reached":16,"playtime":537,"items_purged":[],"score":90,"play_id":"20923089-a4a7-4613-af05-107639720400","local_time":"20180727185428","is_ascension_mode":false,"campfire_choices":[{"data":"Zap","floor":6,"key":"SMITH"},{"data":"Go for the Eyes","floor":8,"key":"SMITH"},{"floor":15,"key":"REST"}],"neow_cost":"","seed_source_timestamp":1215576964464508,"circlet_count":0,"master_deck":["Strike_B","Strike_B","Strike_B","Strike_B","Defend_B","Defend_B","Defend_B","Defend_B","Zap+1","Dualcast","Cold Snap","Hologram","Go for the Eyes+1","Ball Lightning","Fusion","Buffer","Streamline","Cold Snap"],"relics":["Cracked Core","Golden Idol","Ginger","Sundial"],"potions_floor_usage":[],"damage_taken":[{"damage":1,"enemies":"Cultist","floor":1,"turns":4},{"damage":1,"enemies":"2 Louse","floor":10,"turns":3},{"damage":1,"enemies":"Jaw Worm","floor":11,"turns":2},{"damage":2,"enemies":"Blue Slaver","floor":12,"turns":4},{"damage":29,"enemies":"Lagavulin Event","floor":13,"turns":7},{"damage":0,"enemies":"3 Louse","floor":14,"turns":3},{"damage":46,"enemies":"Hexaghost","floor":16,"turns":9}],"seed_played":"3982477443912578040","potions_obtained":[{"floor":10,"key":"Regen Potion"},{"floor":11,"key":"Explosive Potion"},{"floor":12,"key":"Energy Potion"}],"is_trial":false,"path_per_floor":["M","$","?","?","$","R","?","R","T","M","M","M","?","M","R"],"character_chosen":"DEFECT","items_purchased":["Hologram","Go for the Eyes"],"campfire_rested":1,"item_purchase_floors":[2,2],"current_hp_per_floor":[74,74,74,74,74,74,56,56,56,55,54,52,23,23,45,0],"gold":147,"neow_bonus":"","is_prod":false,"is_daily":false,"chose_seed":false,"campfire_upgraded":2,"win_rate":0.0,"timestamp":1532710468,"path_taken":["M","$","?","?","$","R","?","R","T","?","M","M","?","M","R","BOSS"],"build_version":"2018-07-26","purchased_purges":0,"victory":false,"max_hp_per_floor":[75,75,75,75,75,75,75,75,75,75,75,75,75,75,75,75],"card_choices":[{"not_picked":["Leap","Go for the Eyes"],"picked":"Cold Snap","floor":1},{"not_picked":["Cold Snap","Coolheaded"],"picked":"Ball Lightning","floor":10},{"not_picked":["Steam Power","Turbo"],"picked":"Fusion","floor":11},{"not_picked":["Leap","Streamline"],"picked":"Buffer","floor":12},{"not_picked":["Melter","Leap"],"picked":"Streamline","floor":13},{"not_picked":["Tempest","Rip and Tear"],"picked":"Cold Snap","floor":14}],"player_experience":61800,"relics_obtained":[{"floor":9,"key":"Ginger"},{"floor":13,"key":"Sundial"}],"event_choices":[{"event_name":"World of Goop","player_choice":"Left","floor":3,"damage_taken":0},{"event_name":"Liars Game","player_choice":"disagreed","floor":4,"damage_taken":0},{"event_name":"Golden Idol","player_choice":"Take Damage","floor":7,"damage_taken":0},{"event_name":"Dead Adventurer","player_choice":"Searched \u00271\u0027 times","floor":13,"damage_taken":0}],"is_beta":false,"boss_relics":[],"items_purged_floors":[],"is_endless":false,"potions_floor_spawned":[10,11,12],"killed_by":"Hexaghost","ascension_level":0}