{"gold_per_floor":[214,17,29,29,42,42,74,85,112,143,108,108,127,145,145,241,241,252,252,28,39,39,39,39,39,39,39,39,73,73,73,73,73],"floor_reached":33,"playtime":1125,"items_purged":["Decay"],"score":420,"play_id":"4c2bc480-10b7-47fd-960b-1234cdd76d08","local_time":"20190303011249","is_ascension_mode":true,"campfire_choices":[{"data":"Zap","floor":6,"key":"SMITH"},{"data":"Defragment","floor":12,"key":"SMITH"},{"floor":15,"key":"REST"},{"data":"Echo Form","floor":23,"key":"SMITH"},{"data":"Go for the Eyes","floor":24,"key":"SMITH"},{"data":"Coolheaded","floor":25,"key":"SMITH"},{"floor":28,"key":"REST"},{"floor":32,"key":"REST"}],"neow_cost":"NONE","seed_source_timestamp":39231763998954,"circlet_count":0,"master_deck":["AscendersBane","Strike_B","Strike_B","Strike_B","Defend_B","Defend_B+1","Defend_B","Defend_B","Zap+1","Dualcast","Compile Driver","Turbo+1","Barrage","BootSequence","Coolheaded+1","Go for the Eyes+1","Defragment+1","Conserve Battery","Sweeping Beam","Echo Form+1","Hologram","Barrage+1","Beam Cell+1","Writhe"],"relics":["Cracked Core","DataDisk","Happy Flower","War Paint","Pen Nib","Cursed Key","Omamori","WingedGreaves","Bird Faced Urn","Oddly Smooth Stone","Centennial Puzzle"],"potions_floor_usage":[7,10,18,33],"damage_taken":[{"damage":3,"enemies":"2 Louse","floor":1,"turns":3},{"damage":6,"enemies":"Cultist","floor":3,"turns":3},{"damage":7,"enemies":"Jaw Worm","floor":5,"turns":2},{"damage":26,"enemies":"Gremlin Nob","floor":7,"turns":4},{"damage":0,"enemies":"3 Louse","floor":8,"turns":3},{"damage":2,"enemies":"3 Sentries","floor":10,"turns":7},{"damage":4,"enemies":"2 Fungi Beasts","floor":13,"turns":3},{"damage":0,"enemies":"Large Slime","floor":14,"turns":6},{"damage":46,"enemies":"Hexaghost","floor":16,"turns":11},{"damage":16,"enemies":"3 Byrds","floor":18,"turns":4},{"damage":0,"enemies":"Chosen","floor":21,"turns":4},{"damage":4,"enemies":"Colosseum Slavers","floor":27,"turns":4},{"damage":34,"enemies":"Slavers","floor":29,"turns":7},{"damage":65,"enemies":"Automaton","floor":33,"turns":6}],"seed_played":"2337037466168254773","potions_obtained":[{"floor":3,"key":"Ancient Potion"},{"floor":5,"key":"Fire Potion"},{"floor":7,"key":"FocusPotion"},{"floor":16,"key":"PowerPotion"},{"floor":18,"key":"Ancient Potion"},{"floor":29,"key":"SkillPotion"}],"is_trial":false,"path_per_floor":["M","$","M","?","M","R","E","M","T","E","?","R","M","M","R","B",null,"M","?","$","M","?","R","R","R","T","?","R","E","?","?","R","B"],"character_chosen":"DEFECT","items_purchased":["DataDisk","Turbo","Omamori"],"campfire_rested":3,"item_purchase_floors":[2,2,20],"current_hp_per_floor":[65,65,59,59,52,52,26,26,26,24,42,42,38,38,60,14,60,44,44,44,44,44,44,44,44,44,44,66,38,38,38,60,0],"gold":73,"neow_bonus":"HUNDRED_GOLD","is_prod":false,"is_daily":false,"chose_seed":false,"campfire_upgraded":5,"win_rate":0,"timestamp":1551571969,"path_taken":["M","$","M","?","?","R","E","M","T","E","?","R","M","M","R","BOSS","M","?","$","M","?","R","R","R","T","?","R","E","?","?","R","BOSS"],"build_version":"2019-01-23","purchased_purges":1,"victory":false,"max_hp_per_floor":[75,75,75,75,75,75,75,75,75,75,75,75,75,75,75,75,75,75,75,75,75,75,75,75,75,75,75,75,75,75,75,75,75],"card_choices":[{"not_picked":["Conserve Battery","Stack"],"picked":"Compile Driver","floor":1},{"not_picked":["Redo","Turbo"],"picked":"Barrage","floor":3},{"not_picked":["Aggregate","Heatsinks"],"picked":"BootSequence","floor":5},{"not_picked":["Static Discharge","Leap"],"picked":"Coolheaded","floor":7},{"not_picked":["Streamline","Tempest"],"picked":"Go for the Eyes","floor":8},{"not_picked":["Beam Cell","Scrape"],"picked":"Defragment","floor":10},{"not_picked":["Redo","Hologram"],"picked":"Conserve Battery","floor":13},{"not_picked":["Steam Power","Recycle"],"picked":"Sweeping Beam","floor":14},{"not_picked":["Biased Cognition","Meteor Strike"],"picked":"Echo Form","floor":16},{"not_picked":["Coolheaded","Stack+1"],"picked":"Hologram","floor":18},{"not_picked":["Coolheaded","Redo"],"picked":"Barrage+1","floor":21},{"not_picked":["Compile Driver","Hologram+1"],"picked":"Beam Cell+1","floor":29}],"player_experience":829118,"relics_obtained":[{"floor":7,"key":"Happy Flower"},{"floor":9,"key":"War Paint"},{"floor":10,"key":"Pen Nib"},{"floor":26,"key":"Bird Faced Urn"},{"floor":29,"key":"Oddly Smooth Stone"}],"event_choices":[{"cards_removed":["Strike_B"],"damage_healed":0,"gold_gain":0,"player_choice":"Purged","damage_taken":0,"max_hp_gain":0,"max_hp_loss":0,"event_name":"Purifier","floor":4,"gold_loss":0},{"damage_healed":18,"gold_gain":0,"player_choice":"Healed","damage_taken":0,"max_hp_gain":0,"max_hp_loss":0,"event_name":"The Cleric","floor":11,"gold_loss":35},{"damage_healed":0,"gold_gain":0,"player_choice":"Smashed Altar","damage_taken":0,"max_hp_gain":0,"max_hp_loss":0,"event_name":"Forgotten Altar","floor":19,"gold_loss":0,"cards_obtained":["Decay"]},{"damage_healed":0,"gold_gain":0,"player_choice":"Stole Relic","damage_taken":0,"relics_obtained":["WingedGreaves"],"max_hp_gain":0,"max_hp_loss":0,"event_name":"Addict","floor":22,"gold_loss":0,"cards_obtained":["Shame"]},{"damage_healed":0,"gold_gain":0,"player_choice":"Fight","damage_taken":0,"max_hp_gain":0,"max_hp_loss":0,"event_name":"Colosseum","floor":27,"gold_loss":0},{"damage_healed":0,"gold_gain":0,"player_choice":"Fled From Nobs","damage_taken":0,"max_hp_gain":0,"max_hp_loss":0,"event_name":"Colosseum","floor":27,"gold_loss":0},{"damage_healed":0,"gold_gain":0,"player_choice":"Ignored","damage_taken":0,"max_hp_gain":0,"max_hp_loss":0,"event_name":"Vampires","floor":30,"gold_loss":0},{"damage_healed":0,"gold_gain":0,"player_choice":"Opened","damage_taken":0,"relics_obtained":["Centennial Puzzle"],"max_hp_gain":0,"max_hp_loss":0,"event_name":"The Mausoleum","floor":31,"gold_loss":0,"cards_obtained":["Writhe"]}],"is_beta":false,"boss_relics":[{"not_picked":["Eternal Feather","FrozenCore"],"picked":"Cursed Key"}],"items_purged_floors":[20],"is_endless":false,"potions_floor_spawned":[3,5,7,16,18,29],"killed_by":"Automaton","ascension_level":11}