{"gold_per_floor":[112,125,125,125,135,165,182,182,182,60,11,11,37,103,103,103],"floor_reached":16,"playtime":770,"items_purged":[],"score":162,"play_id":"2890883f-57a2-4de3-bc75-f56cccf53a15","local_time":"20190224124529","is_ascension_mode":true,"campfire_choices":[{"data":"Bash","floor":8,"key":"SMITH"},{"data":"Hemokinesis","floor":12,"key":"SMITH"},{"data":"Whirlwind","floor":15,"key":"SMITH"}],"neow_cost":"NONE","seed_source_timestamp":586163920508616,"circlet_count":0,"master_deck":["AscendersBane","Strike_R","Strike_R","Strike_R","Strike_R","Strike_R","Defend_R","Defend_R","Defend_R","Defend_R","Bash+1","Perfected Strike","Rage","Iron Wave","Whirlwind+1","Hemokinesis+1","Shrug It Off","Headbutt"],"relics":["Burning Blood","Strawberry","Orichalcum","Sundial"],"potions_floor_usage":[13,13],"damage_taken":[{"damage":2,"enemies":"2 Louse","floor":1,"turns":3},{"damage":0,"enemies":"Small Slimes","floor":2,"turns":3},{"damage":6,"enemies":"Cultist","floor":5,"turns":4},{"damage":39,"enemies":"Gremlin Nob","floor":6,"turns":5},{"damage":17,"enemies":"Red Slaver","floor":7,"turns":4},{"damage":17,"enemies":"3 Sentries","floor":13,"turns":8},{"damage":71,"enemies":"The Guardian","floor":16,"turns":14}],"seed_played":"4700259011699144811","potions_obtained":[{"floor":1,"key":"FairyPotion"},{"floor":6,"key":"Ancient Potion"},{"floor":7,"key":"BloodPotion"}],"is_trial":false,"path_per_floor":["M","M","?","?","M","E","M","R","T","$","$","R","E","?","R","B"],"character_chosen":"IRONCLAD","items_purchased":["Hemokinesis","Shrug It Off","Fire Potion"],"campfire_rested":0,"item_purchase_floors":[10,10,11],"current_hp_per_floor":[76,80,80,80,80,54,43,43,43,43,43,43,40,40,40,0],"gold":103,"neow_bonus":"THREE_CARDS","is_prod":false,"is_daily":false,"chose_seed":false,"campfire_upgraded":3,"win_rate":0,"timestamp":1551008729,"path_taken":["M","M","?","?","M","E","?","R","T","?","$","R","E","?","R","BOSS"],"build_version":"2019-01-23","purchased_purges":0,"victory":false,"max_hp_per_floor":[80,80,80,80,80,87,87,87,87,87,87,87,87,87,87,87],"card_choices":[{"not_picked":["Havoc","Cleave"],"picked":"Perfected Strike","floor":0},{"not_picked":["Burning Pact","Wild Strike"],"picked":"Rage","floor":1},{"not_picked":["Searing Blow","True Grit","Thunderclap"],"picked":"SKIP","floor":2},{"not_picked":["Warcry","Rupture"],"picked":"Iron Wave","floor":5},{"not_picked":["Clash","Blood for Blood","Heavy Blade"],"picked":"SKIP","floor":6},{"not_picked":["Thunderclap","Sentinel"],"picked":"Whirlwind","floor":7},{"not_picked":["Rampage","Body Slam"],"picked":"Headbutt","floor":13}],"player_experience":757887,"relics_obtained":[{"floor":6,"key":"Strawberry"},{"floor":9,"key":"Orichalcum"},{"floor":13,"key":"Sundial"}],"event_choices":[{"damage_healed":0,"gold_gain":0,"player_choice":"Ignored","damage_taken":0,"max_hp_gain":0,"max_hp_loss":0,"event_name":"Liars Game","floor":3,"gold_loss":0},{"damage_healed":0,"gold_gain":0,"player_choice":"Leave","damage_taken":0,"max_hp_gain":0,"max_hp_loss":0,"event_name":"FaceTrader","floor":4,"gold_loss":0},{"damage_healed":0,"gold_gain":66,"player_choice":"Gained Gold","damage_taken":0,"max_hp_gain":0,"max_hp_loss":0,"event_name":"Golden Wing","floor":14,"gold_loss":0}],"is_beta":false,"boss_relics":[],"items_purged_floors":[],"is_endless":false,"potions_floor_spawned":[1,6,7],"killed_by":"The Guardian","ascension_level":10}