{"gold_per_floor":[111,126,201,201,201,201,218,244,244,96,96,56,91,107,107,206,206,226,325,341,351,4,4,36,46,46,46,46,60,85,97,97,192,192,211,511,528,538,78,103,120,120,120,134,0,0,28,28,28,28],"floor_reached":50,"playtime":2381,"items_purged":["Defend_B","Strike_B","Defend_B"],"score":645,"play_id":"d349c496-fc88-4d17-b7be-d1f4948dcb5b","local_time":"20181203201325","is_ascension_mode":true,"campfire_choices":[{"data":"Zap","floor":6.0,"key":"SMITH"},{"data":"Gash","floor":11.0,"key":"SMITH"},{"floor":15.0,"key":"REST"},{"data":"Dualcast","floor":23.0,"key":"SMITH"},{"data":"Double Energy","floor":28.0,"key":"SMITH"},{"floor":32.0,"key":"REST"},{"data":"Thunder Strike","floor":42,"key":"SMITH"},{"floor":46,"key":"RECALL"},{"floor":49,"key":"REST"}],"neow_cost":"NONE","seed_source_timestamp":84125742290451,"circlet_count":0,"master_deck":["Defend_B","Defend_B","Zap+1","Dualcast+1","Beam Cell","Cold Snap","Steam","Streamline","Conserve Battery","Gash+1","Double Energy+1","Go for the Eyes","Thunder Strike+1","Steam+1","Sweeping Beam+1","Gash+1","Chaos+1","Buffer+1","Ball Lightning+1","Conserve Battery","Genetic Algorithm","Creative AI+1","Genetic Algorithm+1","BootSequence+1","Creative AI+1","Undo+1","Heatsinks+1","Coolheaded+1","Skim","Fusion+1","Barrage+1","Skim","Cold Snap","Discovery"],"special_seed":0,"relics":["Cracked Core","Bronze Scales","Letter Opener","Ice Cream","Odd Mushroom","Blue Candle","Pocketwatch","Nuclear Battery","Symbiotic Virus","Frozen Egg 2","Smiling Mask","Bag of Preparation","Astrolabe","Meat on the Bone","Torii","PreservedInsect","Red Mask","Bottled Tornado"],"potions_floor_usage":[40,40,50,50],"damage_taken":[{"damage":3.0,"enemies":"Small Slimes","floor":1.0,"turns":3.0},{"damage":7.0,"enemies":"2 Louse","floor":2.0,"turns":2.0},{"damage":11.0,"enemies":"Jaw Worm","floor":7.0,"turns":2.0},{"damage":19.0,"enemies":"The Mushroom Lair","floor":8.0,"turns":4.0},{"damage":2.0,"enemies":"Gremlin Nob","floor":13.0,"turns":3.0},{"damage":2.0,"enemies":"Lots of Slimes","floor":14.0,"turns":2.0},{"damage":17.0,"enemies":"The Guardian","floor":16.0,"turns":9.0},{"damage":9.0,"enemies":"Chosen","floor":18.0,"turns":5.0},{"damage":19.0,"enemies":"3 Byrds","floor":20.0,"turns":3.0},{"damage":0.0,"enemies":"3 Cultists","floor":21.0,"turns":4.0},{"damage":13.0,"enemies":"Gremlin Leader","floor":24.0,"turns":7.0},{"damage":0.0,"enemies":"Cultist and Chosen","floor":25.0,"turns":4.0},{"damage":0.0,"enemies":"Centurion and Healer","floor":29.0,"turns":5.0},{"damage":0.0,"enemies":"Book of Stabbing","floor":30.0,"turns":4.0},{"damage":10.0,"enemies":"Shelled Parasite and Fungi","floor":31.0,"turns":4.0},{"damage":43.0,"enemies":"Champ","floor":33.0,"turns":10.0},{"damage":18,"enemies":"3 Darklings","floor":35,"turns":6},{"damage":5,"enemies":"3 Shapes","floor":37,"turns":5},{"damage":13,"enemies":"Transient","floor":38,"turns":5},{"damage":0,"enemies":"Nemesis","floor":40,"turns":13},{"damage":9,"enemies":"Jaw Worm Horde","floor":41,"turns":4},{"damage":0,"enemies":"4 Shapes","floor":44,"turns":4},{"damage":36,"enemies":"Reptomancer","floor":47,"turns":6},{"damage":45,"enemies":"Time Eater","floor":50,"turns":9}],"seed_played":"1585264283290868502","potions_obtained":[{"floor":1.0,"key":"AttackPotion"},{"floor":12.0,"key":"EntropicBrew"},{"floor":12.0,"key":"GamblersBrew"},{"floor":12.0,"key":"AttackPotion"},{"floor":13.0,"key":"SneckoOil"},{"floor":20.0,"key":"Regen Potion"},{"floor":24.0,"key":"Explosive Potion"},{"floor":25.0,"key":"PowerPotion"},{"floor":30.0,"key":"FearPotion"},{"floor":33.0,"key":"Energy Potion"},{"floor":35,"key":"PowerPotion"},{"floor":38,"key":"Dexterity Potion"},{"floor":40,"key":"Dexterity Potion"}],"is_trial":false,"path_per_floor":["M","M","?","?","?","R","M","?","T","$","R","?","E","M","R","B",null,"M","?","M","M","$","R","E","M","T","?","R","M","E","M","R","B",null,"M","?","M","M","$","E","M","R","T","M","?","R","E","?","R","B"],"character_chosen":"DEFECT","items_purchased":["Conserve Battery","Gash","Symbiotic Virus","Skim","Meat on the Bone","Regen Potion"],"campfire_rested":3,"item_purchase_floors":[10,10,22,39,39,39],"current_hp_per_floor":[72,65,54,51,51,51,40,21,21,21,21,21,19,17,39,22,75,66,66,47,56,56,56,43,43,43,43,43,43,43,33,55,12,75,57,57,52,39,39,54,45,45,45,45,45,45,21,21,43,0],"gold":28,"neow_bonus":"RANDOM_COMMON_RELIC","is_prod":false,"is_daily":false,"chose_seed":false,"campfire_upgraded":5,"win_rate":0,"timestamp":1543864405,"path_taken":["M","M","?","?","?","R","?","?","T","$","R","?","E","M","R","BOSS","M","?","M","M","?","R","E","M","T","?","R","M","E","M","R","BOSS","M","?","?","M","$","E","M","R","T","M","?","R","E","?","R","BOSS"],"build_version":"2018-11-15","purchased_purges":3,"victory":false,"max_hp_per_floor":[75,75,75,75,75,75,75,75,75,75,75,75,75,75,75,75,75,75,75,75,75,75,75,75,75,75,75,75,75,75,75,75,75,75,75,75,75,75,75,75,75,75,75,75,75,75,75,75,75,75],"card_choices":[{"not_picked":["Lockon","Ball Lightning"],"picked":"Beam Cell","floor":1.0},{"not_picked":["Steam Power","Hologram"],"picked":"Cold Snap","floor":2.0},{"not_picked":["Storm","Hologram"],"picked":"Steam","floor":7.0},{"not_picked":["Steam","Rebound"],"picked":"Streamline","floor":8.0},{"not_picked":["Compile Driver","Lockon"],"picked":"Double Energy","floor":13.0},{"not_picked":["Beam Cell","Skim"],"picked":"Go for the Eyes","floor":14.0},{"not_picked":["Hyperbeam","Biased Cognition"],"picked":"Thunder Strike","floor":16.0},{"not_picked":["Coolheaded","Stack"],"picked":"Steam+1","floor":18.0},{"not_picked":["Skim","Redo"],"picked":"Sweeping Beam+1","floor":20.0},{"not_picked":["Barrage","Heatsinks"],"picked":"Gash+1","floor":21.0},{"not_picked":["Double Energy+1","Go for the Eyes"],"picked":"Chaos+1","floor":24.0},{"not_picked":["Rebound","Gash"],"picked":"Buffer+1","floor":25.0},{"not_picked":["Compile Driver","Lockon"],"picked":"Ball Lightning+1","floor":29.0},{"not_picked":["Hello World+1","Genetic Algorithm"],"picked":"Conserve Battery","floor":30.0},{"not_picked":["Conserve Battery","Storm+1"],"picked":"Genetic Algorithm","floor":31.0},{"not_picked":["Hyperbeam","Seek"],"picked":"Creative AI+1","floor":33.0},{"not_picked":["Blizzard","Leap+1"],"picked":"Undo+1","floor":35},{"not_picked":["Undo","Steam"],"picked":"Heatsinks+1","floor":37},{"not_picked":["Lockon+1","Redo"],"picked":"Coolheaded+1","floor":38},{"not_picked":["Rebound+1","Sweeping Beam"],"picked":"Fusion+1","floor":40},{"not_picked":["Conserve Battery","Thunder Strike"],"picked":"Barrage+1","floor":41},{"not_picked":["Cold Snap","Steam"],"picked":"Skim","floor":44},{"not_picked":["Turbo","Lockon"],"picked":"Cold Snap","floor":47},{"not_picked":["Panacea","Finesse"],"picked":"Discovery","floor":48}],"player_experience":363992,"relics_obtained":[{"floor":8.0,"key":"Odd Mushroom"},{"floor":9.0,"key":"Blue Candle"},{"floor":13.0,"key":"Pocketwatch"},{"floor":24.0,"key":"Frozen Egg 2"},{"floor":26.0,"key":"Smiling Mask"},{"floor":30.0,"key":"Bag of Preparation"},{"floor":40,"key":"Torii"},{"floor":43,"key":"PreservedInsect"},{"floor":47,"key":"Bottled Tornado"}],"event_choices":[{"damage_healed":0.0,"max_hp_gain":0.0,"max_hp_loss":0.0,"gold_gain":75.0,"event_name":"World of Goop","player_choice":"Gather Gold","floor":3.0,"gold_loss":0.0,"damage_taken":11.0},{"damage_healed":0.0,"max_hp_gain":0.0,"max_hp_loss":0.0,"gold_gain":0.0,"event_name":"Scrap Ooze","player_choice":"Success","floor":4.0,"gold_loss":0.0,"damage_taken":3.0,"relics_obtained":["Letter Opener"]},{"damage_healed":0.0,"max_hp_gain":0.0,"max_hp_loss":0.0,"gold_gain":0.0,"event_name":"WeMeetAgain","player_choice":"Gave Potion","floor":5.0,"gold_loss":0.0,"damage_taken":0.0,"relics_obtained":["Ice Cream"]},{"damage_healed":0.0,"max_hp_gain":0.0,"max_hp_loss":0.0,"gold_gain":0.0,"event_name":"Mushrooms","player_choice":"Fought Mushrooms","floor":8.0,"gold_loss":0.0,"damage_taken":0.0},{"damage_healed":0.0,"max_hp_gain":0.0,"max_hp_loss":0.0,"gold_gain":0.0,"event_name":"The Woman in Blue","player_choice":"Bought 3 Potions","floor":12.0,"gold_loss":0.0,"damage_taken":0.0},{"damage_healed":0.0,"max_hp_gain":0.0,"max_hp_loss":0.0,"gold_gain":99.0,"event_name":"Nest","player_choice":"Stole From Cult","floor":19.0,"gold_loss":0.0,"damage_taken":0.0},{"damage_healed":0.0,"max_hp_gain":0.0,"max_hp_loss":0.0,"gold_gain":0.0,"event_name":"Beggar","player_choice":"Ignored","floor":27.0,"gold_loss":0.0,"damage_taken":0.0},{"damage_healed":0,"gold_gain":300,"player_choice":"Gold","damage_taken":0,"max_hp_gain":0,"max_hp_loss":0,"event_name":"Wheel of Change","floor":36,"gold_loss":0},{"damage_healed":0,"gold_gain":0,"player_choice":"Paid","damage_taken":0,"relics_obtained":["Red Mask"],"max_hp_gain":0,"max_hp_loss":0,"event_name":"Tomb of Lord Red Mask","floor":45,"gold_loss":134},{"damage_healed":0,"gold_gain":0,"player_choice":"Memory 1","damage_taken":0,"max_hp_gain":0,"max_hp_loss":0,"event_name":"SensoryStone","floor":48,"gold_loss":0}],"is_beta":false,"boss_relics":[{"not_picked":["Coffee Dripper","Calling Bell"],"picked":"Nuclear Battery"},{"not_picked":["Fusion Hammer","Orrery"],"picked":"Astrolabe"}],"items_purged_floors":[10,22,39],"is_endless":false,"potions_floor_spawned":[1,13,20,24,25,30,33,35,38,40],"killed_by":"Time Eater","ascension_level":1}