{"gold_per_floor":[112,131,145,12,24,24,38,66,66,66,66,66,78,107,107,107],"floor_reached":16,"playtime":396,"items_purged":[],"score":168,"play_id":"7b22810f-fbd3-4a72-afb3-ac8f71aa8eb5","local_time":"20190125220622","is_ascension_mode":true,"campfire_choices":[{"data":"Neutralize","floor":6,"key":"SMITH"},{"data":"Footwork","floor":10,"key":"SMITH"},{"floor":12,"key":"REST"},{"floor":15,"key":"REST"}],"neow_cost":"NONE","seed_source_timestamp":432857599004080,"circlet_count":0,"master_deck":["AscendersBane","Defend_G","Defend_G","Defend_G","Defend_G","Defend_G","Strike_G","Strike_G","Strike_G","Strike_G","Survivor","Neutralize+1","Bane","Deflect","Backflip","Footwork+1","Flying Knee","Dagger Spray","Corpse Explosion","Well Laid Plans+1","Noxious Fumes+1","Quick Slash"],"relics":["Ring of the Snake","NeowsBlessing","Frozen Egg 2","Shovel","Shuriken"],"potions_floor_usage":[8,8],"damage_taken":[{"damage":0,"enemies":"2 Louse","floor":1,"turns":1},{"damage":0,"enemies":"Cultist","floor":2,"turns":1},{"damage":0,"enemies":"Jaw Worm","floor":3,"turns":1},{"damage":6,"enemies":"Blue Slaver","floor":5,"turns":6},{"damage":0,"enemies":"2 Fungi Beasts","floor":7,"turns":4},{"damage":28,"enemies":"Lagavulin","floor":8,"turns":10},{"damage":17,"enemies":"Exordium Thugs","floor":13,"turns":4},{"damage":18,"enemies":"Gremlin Nob","floor":14,"turns":5},{"damage":38,"enemies":"Slime Boss","floor":16,"turns":3}],"seed_played":"-5213519080972235480","potions_obtained":[{"floor":1,"key":"Block Potion"},{"floor":7,"key":"Ancient Potion"},{"floor":14,"key":"EntropicBrew"}],"is_trial":false,"path_per_floor":["M","M","M","$","M","R","M","E","T","R","?","R","M","E","R","B"],"character_chosen":"THE_SILENT","items_purchased":["Footwork","Flying Knee"],"campfire_rested":2,"item_purchase_floors":[4,4],"current_hp_per_floor":[63,63,63,63,57,57,57,29,29,29,29,50,33,15,36,0],"gold":107,"neow_bonus":"THREE_ENEMY_KILL","is_prod":false,"is_daily":false,"chose_seed":false,"campfire_upgraded":2,"win_rate":0,"timestamp":1548450382,"path_taken":["M","M","M","$","M","R","M","E","T","R","?","R","M","E","R","BOSS"],"build_version":"2019-01-23","purchased_purges":0,"victory":false,"max_hp_per_floor":[70,70,70,70,70,70,70,70,70,70,70,70,70,70,70,70],"card_choices":[{"not_picked":["Reflex","Underhanded Strike"],"picked":"Bane","floor":1},{"not_picked":["Outmaneuver","Finisher"],"picked":"Deflect","floor":2},{"not_picked":["Dagger Spray","Tactician"],"picked":"Backflip","floor":3},{"not_picked":["Masterful Stab","Tactician"],"picked":"Dagger Spray","floor":5},{"not_picked":["Quick Slash","Backstab"],"picked":"Corpse Explosion","floor":7},{"not_picked":["Bane","Corpse Explosion"],"picked":"Well Laid Plans","floor":8},{"not_picked":["Reflex","Dagger Spray"],"picked":"Noxious Fumes+1","floor":13},{"not_picked":["Blade Dance","Setup"],"picked":"Quick Slash","floor":14}],"player_experience":554458,"relics_obtained":[{"floor":8,"key":"Frozen Egg 2"},{"floor":9,"key":"Shovel"},{"floor":14,"key":"Shuriken"}],"event_choices":[{"cards_removed":["Strike_G"],"damage_healed":0,"gold_gain":0,"player_choice":"Offered Basic","damage_taken":0,"max_hp_gain":0,"max_hp_loss":0,"event_name":"Bonfire Elementals","floor":11,"gold_loss":0}],"is_beta":false,"boss_relics":[],"items_purged_floors":[],"is_endless":false,"potions_floor_spawned":[1,7,14],"killed_by":"Slime Boss","ascension_level":10}