{"gold_per_floor":[117,130,130,146,163,163,196,211,287,287,307,307,353,368,368,442,442,429,449,449],"floor_reached":20,"playtime":3712,"items_purged":[],"score":310,"play_id":"aaa6cb33-4de4-4f23-84ca-b7ad0ae39b50","local_time":"20190204225951","is_ascension_mode":true,"campfire_choices":[{"data":"Zap","floor":6.0,"key":"SMITH"},{"data":"Gash","floor":12.0,"key":"SMITH"},{"floor":15.0,"key":"REST"}],"neow_cost":"PERCENT_DAMAGE","seed_source_timestamp":1788223060378660,"circlet_count":0,"master_deck":["AscendersBane","Strike_B","Strike_B","Strike_B","Defend_B","Defend_B","Defend_B","Defend_B","Zap+1","Dualcast","Madness","Jack Of All Trades","Coolheaded","Self Repair","Leap","All For One","Conserve Battery","Gash+1","White Noise","FTL","Reboot","FTL"],"special_seed":0,"relics":["Cracked Core","Boot","Mummified Hand","Incense Burner","Runic Dome"],"potions_floor_usage":[20,20],"damage_taken":[{"damage":1.0,"enemies":"2 Louse","floor":1.0,"turns":3.0},{"damage":3.0,"enemies":"Cultist","floor":2.0,"turns":4.0},{"damage":13.0,"enemies":"Small Slimes","floor":4.0,"turns":7.0},{"damage":0.0,"enemies":"Red Slaver","floor":5.0,"turns":5.0},{"damage":34.0,"enemies":"3 Sentries","floor":7.0,"turns":12.0},{"damage":7.0,"enemies":"Large Slime","floor":8.0,"turns":6.0},{"damage":1.0,"enemies":"Blue Slaver","floor":11.0,"turns":4.0},{"damage":19.0,"enemies":"Lagavulin","floor":13.0,"turns":8.0},{"damage":6.0,"enemies":"Gremlin Gang","floor":14.0,"turns":4.0},{"damage":4,"enemies":"The Guardian","floor":16,"turns":12},{"damage":12,"enemies":"2 Thieves","floor":18,"turns":5},{"damage":23,"enemies":"3 Byrds","floor":19,"turns":5},{"damage":0,"enemies":"Colosseum Slavers","floor":20,"turns":1},{"damage":94,"enemies":"Colosseum Nobs","floor":20,"turns":5}],"seed_played":"422827362484157673","potions_obtained":[{"floor":2.0,"key":"Fire Potion"},{"floor":4.0,"key":"EssenceOfSteel"},{"floor":10.0,"key":"Weak Potion"},{"floor":10.0,"key":"Strength Potion"},{"floor":13.0,"key":"SteroidPotion"},{"floor":16,"key":"SmokeBomb"},{"floor":18,"key":"Block Potion"}],"is_trial":false,"path_per_floor":["M","M","?","M","M","R","E","M","T","?","M","R","E","M","R","B",null,"M","M","?"],"character_chosen":"DEFECT","items_purchased":[],"campfire_rested":1,"item_purchase_floors":[],"current_hp_per_floor":[49,46,46,40,47,47,20,20,20,20,26,26,7,1,23,26,63,58,42,0],"gold":449,"neow_bonus":"RANDOM_COLORLESS_2","is_prod":false,"is_daily":false,"chose_seed":false,"campfire_upgraded":2,"win_rate":0,"timestamp":1549342791,"path_taken":["M","M","?","M","?","R","E","M","T","?","?","R","E","M","R","BOSS","M","M","?"],"build_version":"2019-01-23","purchased_purges":0,"victory":false,"max_hp_per_floor":[75,75,75,75,75,75,75,75,75,75,75,75,75,75,75,75,75,75,75,75],"card_choices":[{"not_picked":["Beam Cell","Turbo"],"picked":"Coolheaded","floor":1.0},{"not_picked":["Scrape","Gash"],"picked":"Self Repair","floor":2.0},{"not_picked":["Compile Driver","Turbo"],"picked":"Leap","floor":4.0},{"not_picked":["Hologram","Capacitor"],"picked":"All For One","floor":5.0},{"not_picked":["Leap","Coolheaded","Turbo"],"picked":"SKIP","floor":7.0},{"not_picked":["Gash","Coolheaded"],"picked":"Conserve Battery","floor":8.0},{"not_picked":["Rebound","Go for the Eyes"],"picked":"Gash","floor":11.0},{"not_picked":["Rebound","Amplify"],"picked":"White Noise","floor":13.0},{"not_picked":["Turbo","Streamline"],"picked":"FTL","floor":14.0},{"not_picked":["Creative AI","Multi-Cast"],"picked":"Reboot","floor":16},{"not_picked":["Reinforced Body","Barrage","Redo"],"picked":"SKIP","floor":18},{"not_picked":["Streamline","Hologram+1"],"picked":"FTL","floor":19}],"player_experience":958934,"relics_obtained":[{"floor":7.0,"key":"Boot"},{"floor":9.0,"key":"Mummified Hand"},{"floor":13.0,"key":"Incense Burner"}],"event_choices":[{"cards_removed":["Strike_B"],"damage_healed":0.0,"max_hp_gain":0.0,"max_hp_loss":0.0,"gold_gain":0.0,"event_name":"Purifier","player_choice":"Purged","floor":3.0,"gold_loss":0.0,"damage_taken":0.0},{"damage_healed":0.0,"max_hp_gain":0.0,"max_hp_loss":0.0,"gold_gain":0.0,"event_name":"Lab","player_choice":"Got Potions","floor":10.0,"gold_loss":0.0,"damage_taken":0.0},{"damage_healed":0,"gold_gain":0,"player_choice":"Fight","damage_taken":0,"max_hp_gain":0,"max_hp_loss":0,"event_name":"Colosseum","floor":20,"gold_loss":0},{"damage_healed":0,"gold_gain":0,"player_choice":"Fought Nobs","damage_taken":0,"max_hp_gain":0,"max_hp_loss":0,"event_name":"Colosseum","floor":20,"gold_loss":0}],"is_beta":false,"boss_relics":[{"not_picked":["Velvet Choker","Snecko Eye"],"picked":"Runic Dome"}],"items_purged_floors":[],"is_endless":false,"potions_floor_spawned":[2,4,11,13,16,18,20],"killed_by":"Colosseum Nobs","ascension_level":13}