{"gold_per_floor":[119,119,28,28,40,70,70,95,119,150,162,189,189,200,200,200],"floor_reached":16,"playtime":548,"items_purged":[],"score":214,"play_id":"35f4e688-834d-4eb0-bbcd-8eb8eb25ede5","local_time":"20190223143151","is_ascension_mode":true,"campfire_choices":[{"data":"Seeing Red","floor":7,"key":"SMITH"},{"floor":13,"key":"REST"},{"data":"1","floor":15,"key":"LIFT"}],"neow_cost":"NONE","seed_source_timestamp":506368597327896,"circlet_count":0,"master_deck":["Strike_R","Strike_R","Strike_R","Strike_R","Strike_R","Defend_R","Defend_R","Defend_R+1","Defend_R+1","Bash","Seeing Red+1","Impervious","Twin Strike","Flash of Steel","Flex","Shrug It Off","Rampage","Pummel","Perfected Strike","Shrug It Off"],"relics":["Burning Blood","NeowsBlessing","Regal Pillow","Pear","War Paint","Girya","Meat on the Bone"],"potions_floor_usage":[12,12,16],"damage_taken":[{"damage":0,"enemies":"Small Slimes","floor":1,"turns":1},{"damage":0,"enemies":"Cultist","floor":5,"turns":1},{"damage":0,"enemies":"Lagavulin","floor":6,"turns":1},{"damage":42,"enemies":"Gremlin Nob","floor":8,"turns":5},{"damage":36,"enemies":"Lagavulin","floor":10,"turns":10},{"damage":0,"enemies":"Jaw Worm","floor":11,"turns":4},{"damage":24,"enemies":"Gremlin Nob","floor":12,"turns":5},{"damage":23,"enemies":"Exordium Thugs","floor":14,"turns":5},{"damage":52,"enemies":"Hexaghost","floor":16,"turns":9}],"seed_played":"6420496776632490809","potions_obtained":[{"floor":10,"key":"Swift Potion"},{"floor":11,"key":"GamblersBrew"},{"floor":14,"key":"Fire Potion"}],"is_trial":false,"path_per_floor":["M","?","$","?","M","E","R","E","T","E","M","E","R","M","R","B"],"character_chosen":"IRONCLAD","items_purchased":["Flash of Steel"],"campfire_rested":1,"item_purchase_floors":[3],"current_hp_per_floor":[78,78,78,78,80,80,80,54,54,24,30,12,54,49,49,0],"gold":200,"neow_bonus":"THREE_ENEMY_KILL","is_prod":false,"is_daily":false,"chose_seed":false,"campfire_upgraded":1,"win_rate":0,"timestamp":1550928711,"path_taken":["M","?","?","?","M","E","R","E","T","E","M","E","R","M","R","BOSS"],"build_version":"2019-01-23","purchased_purges":0,"victory":false,"max_hp_per_floor":[80,80,80,80,80,80,80,90,90,90,90,90,90,90,90,90],"card_choices":[{"not_picked":["Flex","Warcry"],"picked":"Seeing Red","floor":1},{"not_picked":["Havoc","Twin Strike"],"picked":"Flex","floor":5},{"not_picked":["Ghostly Armor","Headbutt"],"picked":"Shrug It Off","floor":6},{"not_picked":["Barricade","Warcry"],"picked":"Rampage","floor":8},{"not_picked":["Sentinel","Cleave"],"picked":"Pummel","floor":10},{"not_picked":["Havoc","Reckless Charge","Sword Boomerang"],"picked":"SKIP","floor":11},{"not_picked":["Flex","Searing Blow"],"picked":"Perfected Strike","floor":12},{"not_picked":["Warcry","Clash"],"picked":"Shrug It Off","floor":14}],"player_experience":742718,"relics_obtained":[{"floor":6,"key":"Regal Pillow"},{"floor":8,"key":"Pear"},{"floor":9,"key":"War Paint"},{"floor":10,"key":"Girya"},{"floor":12,"key":"Meat on the Bone"}],"event_choices":[{"damage_healed":0,"gold_gain":0,"player_choice":"2 cards matched","damage_taken":0,"max_hp_gain":0,"max_hp_loss":0,"event_name":"Match and Keep!","floor":2,"gold_loss":0,"cards_obtained":["Impervious","Twin Strike"]},{"damage_healed":0,"gold_gain":0,"player_choice":"Leave","damage_taken":0,"max_hp_gain":0,"max_hp_loss":0,"event_name":"FaceTrader","floor":4,"gold_loss":0}],"is_beta":false,"boss_relics":[],"items_purged_floors":[],"is_endless":false,"potions_floor_spawned":[10,11,14],"killed_by":"Hexaghost","ascension_level":8}