{"gold_per_floor":[109,8,23,40,53,53,67,67,67,130,180,192,210,230,230,335,335,353,403,423,235,285,285,335,335,358,408,424,424,12,62,62,158,158,171,321,383,433,448,448,498,498,524,1,12,75,85,85],"floor_reached":48,"playtime":2232,"items_purged":["Strike_G","Defend_G+1","Strike_G+1"],"score":604,"play_id":"cb4cb4c4-4b86-485f-8813-112729aa3e77","local_time":"20181224214604","is_ascension_mode":true,"campfire_choices":[{"data":"Neutralize","floor":6,"key":"SMITH"},{"floor":15,"key":"REST"},{"floor":23,"key":"REST"},{"data":"Footwork","floor":25,"key":"SMITH"},{"data":"A Thousand Cuts","floor":29,"key":"SMITH"},{"data":"Footwork","floor":32,"key":"SMITH"},{"data":"Adrenaline","floor":40,"key":"SMITH"}],"neow_cost":"NONE","seed_source_timestamp":131315300850524,"circlet_count":0,"master_deck":["Defend_G+1","Defend_G+1","Defend_G+1","Strike_G+1","Survivor","Neutralize+1","Flying Knee","Deadly Poison","Cloak And Dagger","Deflect","A Thousand Cuts+1","Cloak And Dagger","Parasite","Flying Knee","Malaise","PiercingWail+1","Footwork+1","Backflip","Parasite","Footwork+1","Flying Knee","Envenom","Bouncing Flask","Adrenaline+1","Eviscerate+1","Backstab+1","Flying Knee+1","Backflip+1","Predator+1","Slice+1","Injury","Noxious Fumes","Apotheosis","Bullet Time"],"relics":["Ring of the Snake","SsserpentHead","Oddly Smooth Stone","Cursed Key","Blood Vial","Toolbox","Astrolabe","PreservedInsect"],"potions_floor_usage":[1,14,16,16,28,28,47,47],"damage_taken":[{"damage":0,"enemies":"Cultist","floor":1,"turns":5},{"damage":1,"enemies":"Small Slimes","floor":3,"turns":3},{"damage":0,"enemies":"2 Louse","floor":4,"turns":2},{"damage":20,"enemies":"Exordium Thugs","floor":5,"turns":6},{"damage":15,"enemies":"Large Slime","floor":7,"turns":8},{"damage":0,"enemies":"3 Louse","floor":10,"turns":5},{"damage":2,"enemies":"Looter","floor":12,"turns":4},{"damage":0,"enemies":"Large Slime","floor":13,"turns":6},{"damage":4,"enemies":"Gremlin Gang","floor":14,"turns":5},{"damage":59,"enemies":"Slime Boss","floor":16,"turns":15},{"damage":0,"enemies":"Chosen","floor":18,"turns":8},{"damage":2,"enemies":"Spheric Guardian","floor":20,"turns":5},{"damage":0,"enemies":"Colosseum Slavers","floor":24,"turns":7},{"damage":19,"enemies":"Shelled Parasite and Fungi","floor":28,"turns":9},{"damage":12,"enemies":"Champ","floor":33,"turns":14},{"damage":29,"enemies":"3 Darklings","floor":35,"turns":7},{"damage":3,"enemies":"3 Shapes","floor":37,"turns":10},{"damage":32,"enemies":"Transient","floor":39,"turns":5},{"damage":7,"enemies":"Jaw Worm Horde","floor":45,"turns":6},{"damage":20,"enemies":"Maw","floor":46,"turns":8},{"damage":6,"enemies":"Sphere and 2 Shapes","floor":47,"turns":6},{"damage":23,"enemies":"Reptomancer","floor":48,"turns":2}],"seed_played":"-8914722986444130729","potions_obtained":[{"floor":0,"key":"FairyPotion"},{"floor":0,"key":"Block Potion"},{"floor":0,"key":"Ancient Potion"},{"floor":4,"key":"FearPotion"},{"floor":12,"key":"GhostInAJar"},{"floor":13,"key":"EssenceOfSteel"},{"floor":14,"key":"Weak Potion"},{"floor":16,"key":"GamblersBrew"},{"floor":18,"key":"Swift Potion"},{"floor":33,"key":"SpeedPotion"},{"floor":39,"key":"Weak Potion"},{"floor":41,"key":"Block Potion"},{"floor":41,"key":"Dexterity Potion"},{"floor":41,"key":"FairyPotion"}],"is_trial":false,"path_per_floor":["M","$","M","M","M","R","M","?","T","M","?","M","M","M","R","B",null,"M","?","M","$","?","R","?","R","T","?","M","R","$","?","R","B",null,"M","?","M","?","M","R","?","$","T","$","M","M","M","E"],"character_chosen":"THE_SILENT","items_purchased":["Deadly Poison","Footwork","Backflip","Envenom","Bouncing Flask","Toolbox","Noxious Fumes","Apotheosis","Bullet Time"],"campfire_rested":2,"item_purchase_floors":[2,21,21,30,30,30,44,44,44],"current_hp_per_floor":[63,63,62,62,42,42,27,27,27,27,44,42,42,38,59,7,54,54,54,52,52,39,61,61,61,61,61,44,44,44,44,44,34,65,38,38,37,66,34,34,34,34,34,34,29,11,7,0],"gold":85,"neow_bonus":"THREE_SMALL_POTIONS","is_prod":false,"is_daily":false,"chose_seed":false,"campfire_upgraded":5,"win_rate":0,"timestamp":1545684364,"path_taken":["M","$","M","?","M","R","M","?","T","?","?","M","M","M","R","BOSS","M","?","M","$","?","R","?","R","T","?","M","R","$","?","R","BOSS","M","?","?","?","M","R","?","$","T","$","M","?","M","E"],"build_version":"2018-12-20","purchased_purges":3,"victory":false,"max_hp_per_floor":[70,70,70,70,70,70,70,70,70,70,70,70,70,70,70,70,70,70,70,70,70,75,75,75,75,75,75,75,75,75,75,75,75,75,75,75,75,66,66,66,66,66,66,66,66,66,66,66],"card_choices":[{"not_picked":["Acrobatics","Underhanded Strike"],"picked":"Flying Knee","floor":1},{"not_picked":["Eviscerate","Expertise"],"picked":"Cloak And Dagger","floor":3},{"not_picked":["Choke","Quick Slash"],"picked":"Deflect","floor":4},{"not_picked":["Blade Dance","Acrobatics","Heel Hook"],"picked":"SKIP","floor":5},{"not_picked":["Reflex","All Out Attack"],"picked":"A Thousand Cuts","floor":7},{"not_picked":["Dodge and Roll","Deadly Poison"],"picked":"Cloak And Dagger","floor":10},{"not_picked":["Blade Dance","Quick Slash","Outmaneuver"],"picked":"SKIP","floor":12},{"not_picked":["Deflect","Heel Hook"],"picked":"Flying Knee","floor":13},{"not_picked":["Finisher","Bane","Underhanded Strike"],"picked":"SKIP","floor":14},{"not_picked":["Wraith Form v2","Phantasmal Killer"],"picked":"Malaise","floor":16},{"not_picked":["Flying Knee","Slice"],"picked":"PiercingWail+1","floor":18},{"not_picked":["PiercingWail","Dagger Throw+1","Sucker Punch"],"picked":"SKIP","floor":20},{"not_picked":["PiercingWail","Dagger Throw"],"picked":"Flying Knee","floor":28},{"not_picked":["Tools of the Trade","Malaise"],"picked":"Adrenaline","floor":33},{"not_picked":["Dagger Spray","Deflect"],"picked":"Backflip+1","floor":35},{"not_picked":["Crippling Poison+1","Escape Plan+1"],"picked":"Predator+1","floor":37},{"not_picked":["A Thousand Cuts","PiercingWail+1"],"picked":"Slice+1","floor":39},{"not_picked":["Flying Knee","PiercingWail","Underhanded Strike"],"picked":"SKIP","floor":45},{"not_picked":["Dagger Spray","All Out Attack+1","Flying Knee+1"],"picked":"SKIP","floor":46},{"not_picked":["Endless Agony","Blade Dance+1","Outmaneuver+1"],"picked":"SKIP","floor":47}],"player_experience":455543,"relics_obtained":[{"floor":9,"key":"Oddly Smooth Stone"},{"floor":26,"key":"Blood Vial"},{"floor":43,"key":"PreservedInsect"}],"event_choices":[{"damage_healed":0,"gold_gain":0,"player_choice":"Trade","damage_taken":0,"relics_obtained":["SsserpentHead"],"max_hp_gain":0,"max_hp_loss":0,"event_name":"FaceTrader","floor":8,"gold_loss":0},{"damage_healed":17,"gold_gain":0,"player_choice":"Healed and dodged fight","damage_taken":0,"max_hp_gain":0,"max_hp_loss":0,"event_name":"Mushrooms","floor":11,"gold_loss":0,"cards_obtained":["Parasite"]},{"damage_healed":0,"gold_gain":0,"player_choice":"Simplicity","damage_taken":0,"max_hp_gain":0,"max_hp_loss":0,"event_name":"Back to Basics","floor":19,"gold_loss":0,"cards_upgraded":["Defend_G","Defend_G","Defend_G","Defend_G","Defend_G","Strike_G","Strike_G","Strike_G","Strike_G"]},{"damage_healed":0,"gold_gain":0,"player_choice":"Shed Blood","damage_taken":18,"max_hp_gain":5,"max_hp_loss":0,"event_name":"Forgotten Altar","floor":22,"gold_loss":0},{"damage_healed":0,"gold_gain":0,"player_choice":"Fight","damage_taken":0,"max_hp_gain":0,"max_hp_loss":0,"event_name":"Colosseum","floor":24,"gold_loss":0},{"damage_healed":0,"gold_gain":0,"player_choice":"Fled From Nobs","damage_taken":0,"max_hp_gain":0,"max_hp_loss":0,"event_name":"Colosseum","floor":24,"gold_loss":0},{"damage_healed":0,"gold_gain":0,"player_choice":"Read","damage_taken":0,"max_hp_gain":0,"max_hp_loss":0,"event_name":"The Library","floor":27,"gold_loss":0,"cards_obtained":["Footwork"]},{"damage_healed":0,"gold_gain":0,"player_choice":"Ignored","damage_taken":0,"max_hp_gain":0,"max_hp_loss":0,"event_name":"The Mausoleum","floor":31,"gold_loss":0},{"damage_healed":0,"gold_gain":100,"player_choice":"Pray","damage_taken":0,"max_hp_gain":0,"max_hp_loss":0,"event_name":"Golden Shrine","floor":36,"gold_loss":0},{"damage_healed":66,"gold_gain":0,"player_choice":"Heal","damage_taken":0,"max_hp_gain":0,"max_hp_loss":9,"event_name":"The Moai Head","floor":38,"gold_loss":0},{"damage_healed":0,"gold_gain":0,"player_choice":"Got Potions","damage_taken":0,"max_hp_gain":0,"max_hp_loss":0,"event_name":"Lab","floor":41,"gold_loss":0}],"is_beta":false,"boss_relics":[{"not_picked":["Ectoplasm","Coffee Dripper"],"picked":"Cursed Key"},{"not_picked":["Calling Bell","Black Star"],"picked":"Astrolabe"}],"items_purged_floors":[2,21,44],"is_endless":false,"potions_floor_spawned":[4,7,10,12,13,14,16,18,24,33,39,46],"killed_by":"Reptomancer","ascension_level":6}