{"path_per_floor":["M","M","M","M","?","R","$","?","T","R","?","M","M","M","R"],"character_chosen":"DEFECT","items_purchased":[],"gold_per_floor":[109,121,132,152,152,152,77,27,27,27,52,66,77,95,95,95],"floor_reached":16,"campfire_rested":2,"playtime":1988,"item_purchase_floors":[],"current_hp_per_floor":[75,69,69,41,38,38,38,38,38,60,34,27,24,7,29,0],"items_purged":["Strike_B"],"gold":95,"score":94,"play_id":"d3420ac3-5597-49cf-948b-ba52ae50c58a","local_time":"20180603023602","is_prod":false,"is_daily":false,"chose_seed":false,"is_ascension_mode":false,"campfire_upgraded":1,"win_rate":0.0,"timestamp":1528007762,"campfire_choices":[{"data":"White Noise","floor":6,"key":"SMITH"},{"floor":10,"key":"REST"},{"floor":15,"key":"REST"}],"path_taken":["M","M","M","M","?","R","$","?","T","R","?","M","?","M","R","BOSS"],"build_version":"2018-05-31","seed_source_timestamp":5737636943126,"purchased_purges":1,"victory":false,"master_deck":["Strike_B","Strike_B","Defend_B","Defend_B","Defend_B","Defend_B","Zap","Dualcast","White Noise+1","Ball Lightning","Machine Learning","Rebound","White Noise","Barrage","Cold Snap","Turbo"],"max_hp_per_floor":[75,75,75,75,75,75,75,75,75,75,75,75,75,75,75,75],"relics":["Cracked Core","Dodecahedron","Bronze Scales","Odd Mushroom"],"card_choices":[{"not_picked":["Streamline","Ball Lightning"],"picked":"White Noise","floor":1},{"not_picked":["Compile Driver","Streamline"],"picked":"Ball Lightning","floor":2},{"not_picked":["Conserve Battery","Stack"],"picked":"Machine Learning","floor":3},{"not_picked":["Beam Cell","Streamline"],"picked":"Rebound","floor":4},{"not_picked":["Compile Driver","Stack"],"picked":"White Noise","floor":11},{"not_picked":["Doom and Gloom","Auto Shields"],"picked":"Barrage","floor":12},{"not_picked":["Go for the Eyes","Ball Lightning"],"picked":"Cold Snap","floor":13},{"not_picked":["Go for the Eyes","Gash"],"picked":"Turbo","floor":14}],"player_experience":381927,"potions_floor_usage":[4],"damage_taken":[{"damage":0,"enemies":"Small Slimes","floor":1,"turns":3},{"damage":6,"enemies":"Jaw Worm","floor":2,"turns":3},{"damage":0,"enemies":"Cultist","floor":3,"turns":3},{"damage":28,"enemies":"Large Slime","floor":4,"turns":5},{"damage":26,"enemies":"The Mushroom Lair","floor":11,"turns":4},{"damage":7,"enemies":"2 Fungi Beasts","floor":12,"turns":2},{"damage":3,"enemies":"Red Slaver","floor":13,"turns":3},{"damage":24,"enemies":"Blue Slaver","floor":14,"turns":2},{"damage":29,"enemies":"Hexaghost","floor":16,"turns":7}],"relics_obtained":[{"floor":9,"key":"Bronze Scales"},{"floor":11,"key":"Odd Mushroom"}],"event_choices":[{"event_name":"Scrap Ooze","player_choice":"success","floor":5,"damage_taken":3},{"event_name":"The Cleric","player_choice":"Card Removal","floor":8,"damage_taken":0},{"event_name":"Mushrooms","player_choice":"Fought Mushrooms","floor":11,"damage_taken":0}],"boss_relics":[],"items_purged_floors":[7],"potions_floor_spawned":[3,13,14],"seed_played":"7206865105776017344","killed_by":"Hexaghost","ascension_level":0,"potions_obtained":[{"floor":3,"key":"Weak Potion"},{"floor":13,"key":"FairyPotion"},{"floor":14,"key":"Regen Potion"}],"is_trial":false}