{"gold_per_floor":[111,158,169,26,42,42,68,68,68,103,120,130,30,42,42,143,143,154,154,174,193,206,206],"floor_reached":23,"playtime":2320,"items_purged":["Strike_B","Defend_B"],"score":205,"play_id":"10130357-0301-434b-b365-064652e22fac","local_time":"20181210162259","is_ascension_mode":false,"campfire_choices":[{"data":"Coolheaded","floor":6,"key":"SMITH"},{"data":"Self Repair","floor":15,"key":"SMITH"}],"neow_cost":"NONE","seed_source_timestamp":2291776224185979,"circlet_count":0,"master_deck":["Strike_B","Strike_B","Strike_B","Defend_B","Defend_B","Defend_B","Zap","Dualcast","Conserve Battery","Coolheaded+1","Self Repair+1","Cold Snap","Ball Lightning","Redo+1","Capacitor","Buffer","Glacier+1","Multi-Cast+1"],"relics":["Velvet Choker","Regal Pillow","Kunai","Toxic Egg 2","White Beast Statue","Nloth\u0027s Gift"],"potions_floor_usage":[12,21,22,23],"damage_taken":[{"damage":0,"enemies":"Cultist","floor":1,"turns":4},{"damage":0,"enemies":"Small Slimes","floor":3,"turns":4},{"damage":2,"enemies":"Jaw Worm","floor":5,"turns":6},{"damage":12,"enemies":"3 Sentries","floor":7,"turns":11},{"damage":27,"enemies":"Gremlin Nob","floor":10,"turns":6},{"damage":1,"enemies":"Large Slime","floor":11,"turns":5},{"damage":22,"enemies":"Gremlin Gang","floor":12,"turns":4},{"damage":5,"enemies":"2 Fungi Beasts","floor":14,"turns":3},{"damage":39,"enemies":"Hexaghost","floor":16,"turns":12},{"damage":12,"enemies":"Chosen","floor":18,"turns":6},{"damage":12,"enemies":"Spheric Guardian","floor":20,"turns":6},{"damage":11,"enemies":"Chosen and Byrds","floor":21,"turns":7},{"damage":39,"enemies":"Cultist and Chosen","floor":22,"turns":9},{"damage":39,"enemies":"Gremlin Leader","floor":23,"turns":6}],"seed_played":"1516189018145711157","potions_obtained":[{"floor":5,"key":"Energy Potion"},{"floor":7,"key":"SkillPotion"},{"floor":14,"key":"Energy Potion"},{"floor":18,"key":"GamblersBrew"},{"floor":20,"key":"AttackPotion"},{"floor":21,"key":"SpeedPotion"},{"floor":22,"key":"SteroidPotion"}],"is_trial":false,"path_per_floor":["M","T","M","$","M","R","E","$","T","E","M","M","$","M","R","B",null,"M","?","M","M","M","E"],"character_chosen":"DEFECT","items_purchased":["Self Repair"],"campfire_rested":0,"item_purchase_floors":[4],"current_hp_per_floor":[75,75,75,75,75,75,70,70,70,52,60,47,47,51,51,24,75,73,73,71,60,31,0],"gold":206,"neow_bonus":"BOSS_RELIC","is_prod":false,"is_daily":false,"chose_seed":false,"campfire_upgraded":2,"win_rate":0.0,"timestamp":1544480579,"path_taken":["M","?","?","?","M","R","E","$","T","E","M","?","$","?","R","BOSS","M","?","M","M","M","E"],"build_version":"2018-12-06","purchased_purges":2,"victory":false,"max_hp_per_floor":[75,75,75,75,75,75,75,75,75,75,75,75,75,75,75,75,75,75,75,75,75,75,75],"card_choices":[{"not_picked":["Force Field","Rebound"],"picked":"Conserve Battery","floor":1},{"not_picked":["BootSequence","Reinforced Body"],"picked":"Coolheaded","floor":3},{"not_picked":["Leap","Hologram"],"picked":"Cold Snap","floor":5},{"not_picked":["Streamline","Amplify","Leap"],"picked":"SKIP","floor":7},{"not_picked":["Sweeping Beam","Beam Cell"],"picked":"Ball Lightning","floor":10},{"not_picked":["Sweeping Beam","Aggregate+1"],"picked":"Redo+1","floor":11},{"not_picked":["Cold Snap","Gash"],"picked":"Capacitor","floor":12},{"not_picked":["FTL","Skim+1","Rebound"],"picked":"SKIP","floor":14},{"not_picked":["Reboot+1","Fission+1"],"picked":"Buffer","floor":16},{"not_picked":["Barrage","Rebound","Hello World"],"picked":"SKIP","floor":18},{"not_picked":["Ball Lightning","Go for the Eyes","Coolheaded+1"],"picked":"SKIP","floor":20},{"not_picked":["Ball Lightning","Go for the Eyes","Coolheaded+1"],"picked":"SKIP","floor":20},{"not_picked":["Steam+1","Beam Cell"],"picked":"Glacier+1","floor":21},{"not_picked":["Storm","Steam+1"],"picked":"Multi-Cast+1","floor":22}],"player_experience":55170,"relics_obtained":[{"floor":2,"key":"Regal Pillow"},{"floor":7,"key":"Blood Vial"},{"floor":9,"key":"Kunai"},{"floor":10,"key":"Toxic Egg 2"}],"event_choices":[{"damage_healed":0,"gold_gain":0,"player_choice":"Traded Relic","damage_taken":0,"relics_obtained":["Nloth\u0027s Gift"],"max_hp_gain":0,"max_hp_loss":0,"event_name":"N\u0027loth","floor":19,"relics_lost":["Blood Vial"],"gold_loss":0}],"is_beta":false,"boss_relics":[{"not_picked":["Orrery","Philosopher\u0027s Stone"],"picked":"White Beast Statue"}],"items_purged_floors":[4,13],"is_endless":false,"potions_floor_spawned":[5,7,14,18,20,21,22],"killed_by":"Gremlin Leader","ascension_level":0}