{"gold_per_floor":[114,124,143,162,176,203,203,203,228,228],"floor_reached":10,"playtime":291,"items_purged":[],"score":91,"play_id":"2cb3e61e-b2eb-4561-9dad-8950f41c824b","local_time":"20190215140556","is_ascension_mode":true,"campfire_choices":[{"data":"Dualcast","floor":7,"key":"SMITH"}],"neow_cost":"NONE","seed_source_timestamp":52417306891037,"circlet_count":0,"master_deck":["Strike_B","Strike_B","Strike_B","Strike_B","Defend_B","Defend_B","Defend_B","Defend_B","Zap","Dualcast+1","Sweeping Beam","BootSequence","Conserve Battery","Gash","Doom and Gloom","Turbo"],"relics":["Cracked Core","PreservedInsect","Boot","Omamori","Bag of Marbles"],"potions_floor_usage":[6,6],"damage_taken":[{"damage":8,"enemies":"2 Louse","floor":1,"turns":2},{"damage":2,"enemies":"Jaw Worm","floor":2,"turns":3},{"damage":0,"enemies":"Small Slimes","floor":3,"turns":2},{"damage":6,"enemies":"Looter","floor":4,"turns":3},{"damage":3,"enemies":"Blue Slaver","floor":5,"turns":4},{"damage":20,"enemies":"Lagavulin","floor":6,"turns":5},{"damage":22,"enemies":"Gremlin Nob","floor":10,"turns":3}],"seed_played":"6362809432638428457","potions_obtained":[{"floor":2,"key":"LiquidBronze"},{"floor":3,"key":"Swift Potion"},{"floor":4,"key":"Ancient Potion"}],"is_trial":false,"path_per_floor":["M","M","M","M","M","E","R","?","T","E"],"character_chosen":"DEFECT","items_purchased":[],"campfire_rested":0,"item_purchase_floors":[],"current_hp_per_floor":[60,58,58,52,49,29,29,22,22,0],"gold":228,"neow_bonus":"RANDOM_COMMON_RELIC","is_prod":false,"is_daily":false,"chose_seed":false,"campfire_upgraded":1,"win_rate":0,"timestamp":1550235956,"path_taken":["M","M","M","M","M","E","R","?","T","E"],"build_version":"2019-01-23","purchased_purges":0,"victory":false,"max_hp_per_floor":[75,75,75,75,75,75,75,75,75,75],"card_choices":[{"not_picked":["Steam","Capacitor"],"picked":"Sweeping Beam","floor":1},{"not_picked":["Darkness","Hologram"],"picked":"BootSequence","floor":2},{"not_picked":["Heatsinks","Rebound"],"picked":"Conserve Battery","floor":3},{"not_picked":["Storm","Rip and Tear"],"picked":"Gash","floor":4},{"not_picked":["Leap","White Noise"],"picked":"Doom and Gloom","floor":5},{"not_picked":["Hologram","Fusion"],"picked":"Turbo","floor":6}],"player_experience":661749,"relics_obtained":[{"floor":6,"key":"Boot"},{"floor":9,"key":"Bag of Marbles"}],"event_choices":[{"damage_healed":0,"gold_gain":0,"player_choice":"Success","damage_taken":7,"relics_obtained":["Omamori"],"max_hp_gain":0,"max_hp_loss":0,"event_name":"Scrap Ooze","floor":8,"gold_loss":0}],"is_beta":false,"boss_relics":[],"items_purged_floors":[],"is_endless":false,"potions_floor_spawned":[2,3,4],"killed_by":"Gremlin Nob","ascension_level":6}