{"gold_per_floor":[112,124,142,142,155,155,155,155,180,180,215,109,136,155,155,155],"floor_reached":16,"playtime":1411,"items_purged":[],"score":220,"play_id":"ba47b3dd-c152-448c-94d4-90f450f05ce4","local_time":"20190301204938","is_ascension_mode":true,"campfire_choices":[{"data":"Inflame","floor":6.0,"key":"SMITH"},{"data":"Bash","floor":8.0,"key":"SMITH"},{"data":"Armaments","floor":15.0,"key":"SMITH"}],"neow_cost":"NONE","seed_source_timestamp":178914622987594,"circlet_count":0,"master_deck":["AscendersBane","Strike_R","Strike_R","Strike_R+1","Strike_R","Strike_R","Defend_R+1","Defend_R","Defend_R","Defend_R","Bash+1","Purity","Inflame+1","Burning Pact","Clothesline","Battle Trance","Battle Trance","Corruption","Armaments+1","Twin Strike","Immolate"],"special_seed":0,"relics":["Burning Blood","Vajra","Lantern","Mummified Hand"],"potions_floor_usage":[],"damage_taken":[{"damage":7.0,"enemies":"Cultist","floor":1.0,"turns":4.0},{"damage":14.0,"enemies":"Jaw Worm","floor":2.0,"turns":4.0},{"damage":5.0,"enemies":"Small Slimes","floor":3.0,"turns":4.0},{"damage":4.0,"enemies":"2 Fungi Beasts","floor":5.0,"turns":4.0},{"damage":11.0,"enemies":"Gremlin Nob","floor":11.0,"turns":3.0},{"damage":17.0,"enemies":"Lagavulin","floor":13.0,"turns":7.0},{"damage":14.0,"enemies":"Exordium Thugs","floor":14.0,"turns":4.0},{"damage":40,"enemies":"The Guardian","floor":16,"turns":6}],"seed_played":"-8426830221870078640","potions_obtained":[{"floor":1.0,"key":"SkillPotion"},{"floor":2.0,"key":"Energy Potion"},{"floor":3.0,"key":"FearPotion"},{"floor":10.0,"key":"FearPotion"}],"is_trial":false,"path_per_floor":["M","M","M","?","M","R","?","R","T","?","E","$","E","M","R","B"],"character_chosen":"IRONCLAD","items_purchased":["Corruption","Armaments"],"campfire_rested":0,"item_purchase_floors":[12,12],"current_hp_per_floor":[67,59,60,37,39,39,64,64,64,64,59,59,48,40,40,0],"gold":155,"neow_bonus":"RANDOM_COLORLESS","is_prod":false,"is_daily":false,"chose_seed":false,"campfire_upgraded":3,"win_rate":0,"timestamp":1551433778,"path_taken":["M","?","M","?","M","R","?","R","T","?","E","$","E","M","R","BOSS"],"build_version":"2019-01-23","purchased_purges":0,"victory":false,"max_hp_per_floor":[75,75,75,75,75,75,75,75,75,75,75,75,75,75,75,75],"card_choices":[{"not_picked":["Rupture","Ghostly Armor"],"picked":"Inflame","floor":1.0},{"not_picked":["Ghostly Armor","Perfected Strike"],"picked":"Burning Pact","floor":2.0},{"not_picked":["Havoc","Warcry"],"picked":"Clothesline","floor":3.0},{"not_picked":["Iron Wave","Clash"],"picked":"Battle Trance","floor":5.0},{"not_picked":["Inflame","Sentinel"],"picked":"Battle Trance","floor":11.0},{"not_picked":["Flex","Corruption"],"picked":"Twin Strike","floor":13.0},{"not_picked":["Twin Strike","Thunderclap"],"picked":"Immolate","floor":14.0}],"player_experience":758882,"relics_obtained":[{"floor":9.0,"key":"Vajra"},{"floor":11.0,"key":"Lantern"},{"floor":13.0,"key":"Mummified Hand"}],"event_choices":[{"damage_healed":0.0,"max_hp_gain":0.0,"max_hp_loss":0.0,"gold_gain":0.0,"event_name":"Shining Light","player_choice":"Entered Light","floor":4.0,"gold_loss":0.0,"damage_taken":23.0,"cards_upgraded":["Defend_R","Strike_R"]},{"damage_healed":25.0,"max_hp_gain":0.0,"max_hp_loss":0.0,"gold_gain":0.0,"event_name":"Big Fish","player_choice":"Banana","floor":7.0,"gold_loss":0.0,"damage_taken":0.0},{"damage_healed":0.0,"max_hp_gain":0.0,"max_hp_loss":0.0,"gold_gain":0.0,"event_name":"Lab","player_choice":"Got Potions","floor":10.0,"gold_loss":0.0,"damage_taken":0.0}],"is_beta":false,"boss_relics":[],"items_purged_floors":[],"is_endless":false,"potions_floor_spawned":[1,2,3],"killed_by":"The Guardian","ascension_level":20}