{"gold_per_floor":[363,379,399,324,274,274,609,619,693,707,707,33,33,33,33,33],"floor_reached":16,"playtime":597,"items_purged":["Strike_G","Strike_G"],"score":170,"play_id":"1a0413b6-4f1d-435a-a7f2-b81a0c668b44","local_time":"20190302175218","is_ascension_mode":true,"campfire_choices":[{"data":"Neutralize","floor":6.0,"key":"SMITH"},{"floor":11.0,"key":"REST"},{"data":"Sucker Punch","floor":13.0,"key":"SMITH"},{"data":"Adrenaline","floor":15.0,"key":"SMITH"}],"neow_cost":"TEN_PERCENT_HP_LOSS","seed_source_timestamp":56268343848355,"circlet_count":0,"master_deck":["AscendersBane","Defend_G","Defend_G","Defend_G","Defend_G","Defend_G","Strike_G","Strike_G","Survivor","Neutralize+1","Deadly Poison","Cloak And Dagger","Sucker Punch+1","Dash","Deadly Poison","Adrenaline+1","Tools of the Trade","PiercingWail"],"special_seed":0,"relics":["Ring of the Snake","Old Coin","Shuriken","Vajra","Meat on the Bone","Golden Idol"],"potions_floor_usage":[16],"damage_taken":[{"damage":0.0,"enemies":"2 Louse","floor":1.0,"turns":3.0},{"damage":1.0,"enemies":"Jaw Worm","floor":2.0,"turns":5.0},{"damage":4.0,"enemies":"Small Slimes","floor":3.0,"turns":5.0},{"damage":52.0,"enemies":"3 Sentries","floor":7.0,"turns":18.0},{"damage":0.0,"enemies":"3 Louse","floor":8.0,"turns":4.0},{"damage":1.0,"enemies":"Looter","floor":10.0,"turns":3.0},{"damage":42,"enemies":"Slime Boss","floor":16,"turns":6}],"seed_played":"6266213535368084493","potions_obtained":[{"floor":3.0,"key":"Regen Potion"},{"floor":10.0,"key":"SteroidPotion"}],"is_trial":false,"path_per_floor":["M","M","M","$","?","R","E","M","T","M","R","$","R","?","R","B"],"character_chosen":"THE_SILENT","items_purchased":["Vajra","Meat on the Bone","Tools of the Trade","PiercingWail"],"campfire_rested":1,"item_purchase_floors":[12,12,12,12],"current_hp_per_floor":[59,58,54,54,54,54,17,17,17,16,34,34,34,34,34,0],"gold":33,"neow_bonus":"TWO_FIFTY_GOLD","is_prod":false,"is_daily":false,"chose_seed":false,"campfire_upgraded":3,"win_rate":0,"timestamp":1551545538,"path_taken":["M","M","M","$","?","R","E","M","T","M","R","$","R","?","R","BOSS"],"build_version":"2019-01-23","purchased_purges":2,"victory":false,"max_hp_per_floor":[60,60,60,60,60,60,60,60,60,60,60,60,60,56,56,56],"card_choices":[{"not_picked":["Riddle With Holes","Predator"],"picked":"Deadly Poison","floor":1.0},{"not_picked":["Acrobatics","Quick Slash"],"picked":"Cloak And Dagger","floor":2.0},{"not_picked":["Prepared","Concentrate"],"picked":"Sucker Punch","floor":3.0},{"not_picked":["Prepared","All Out Attack"],"picked":"Dash","floor":7.0},{"not_picked":["Quick Slash","Tactician"],"picked":"Deadly Poison","floor":8.0},{"not_picked":["Bane","Poisoned Stab"],"picked":"Adrenaline","floor":10.0}],"player_experience":720133,"relics_obtained":[{"floor":7.0,"key":"Old Coin"},{"floor":9.0,"key":"Shuriken"}],"event_choices":[{"cards_removed":["Strike_G"],"damage_healed":0.0,"max_hp_gain":0.0,"max_hp_loss":0.0,"gold_gain":0.0,"event_name":"The Cleric","player_choice":"Card Removal","floor":5.0,"gold_loss":50.0,"damage_taken":0.0},{"damage_healed":0.0,"max_hp_gain":0.0,"max_hp_loss":4.0,"gold_gain":0.0,"event_name":"Golden Idol","player_choice":"Lose Max HP","floor":14.0,"gold_loss":0.0,"damage_taken":0.0,"relics_obtained":["Golden Idol"]}],"is_beta":false,"boss_relics":[],"items_purged_floors":[4,12],"is_endless":false,"potions_floor_spawned":[3,10],"killed_by":"Slime Boss","ascension_level":14}