{"gold_per_floor":[113,126,126,51,1,28,28,28,99,26,26,44,44,54,54,156,156,170,170,70,83,10,42,54,77,114,126,138,168,105,117,129,141],"floor_reached":33,"playtime":2021,"items_purged":["Strike_B","Defend_B"],"score":261,"play_id":"3a409f75-615c-4af5-8b17-78877b89df85","local_time":"20190220114902","is_ascension_mode":false,"campfire_choices":[{"floor":8,"key":"REST"},{"data":"Doom and Gloom","floor":11,"key":"SMITH"},{"floor":15,"key":"REST"},{"data":"Streamline","floor":24,"key":"SMITH"},{"data":"Redo","floor":27,"key":"SMITH"},{"floor":32,"key":"REST"}],"neow_cost":"NONE","seed_source_timestamp":84332468160161,"circlet_count":0,"master_deck":["Defend_B+1","Zap","Dualcast","Core Surge","Doom and Gloom+1","Hologram","Core Surge","Redo+1","Streamline+1","Leap+1","Core Surge","Streamline+1"],"relics":["Cracked Core","Bag of Marbles","Meat on the Bone","Runic Pyramid","MawBank","Anchor"],"potions_floor_usage":[16,16,18,23,33],"damage_taken":[{"damage":0,"enemies":"Cultist","floor":1,"turns":3},{"damage":3,"enemies":"Small Slimes","floor":2,"turns":2},{"damage":28,"enemies":"Lagavulin","floor":6,"turns":5},{"damage":0,"enemies":"Jaw Worm","floor":12,"turns":1},{"damage":0,"enemies":"2 Fungi Beasts","floor":14,"turns":2},{"damage":40,"enemies":"The Guardian","floor":16,"turns":7},{"damage":10,"enemies":"3 Byrds","floor":18,"turns":2},{"damage":13,"enemies":"Shell Parasite","floor":21,"turns":4},{"damage":26,"enemies":"Gremlin Leader","floor":23,"turns":6},{"damage":9,"enemies":"Sentry and Sphere","floor":25,"turns":6},{"damage":6,"enemies":"3 Cultists","floor":29,"turns":5},{"damage":70,"enemies":"Automaton","floor":33,"turns":6}],"seed_played":"8929657107722225588","potions_obtained":[{"floor":2,"key":"Energy Potion"},{"floor":12,"key":"Explosive Potion"},{"floor":14,"key":"EssenceOfSteel"},{"floor":16,"key":"Weak Potion"},{"floor":18,"key":"SpeedPotion"},{"floor":21,"key":"Weak Potion"},{"floor":29,"key":"FearPotion"}],"is_trial":false,"path_per_floor":["M","M","?","$","?","E","?","R","T","$","R","M","?","M","R","B",null,"M","?","$","M","$","E","R","M","T","R","?","M","?","$","R","B"],"character_chosen":"DEFECT","items_purchased":["Core Surge","Core Surge"],"campfire_rested":3,"item_purchase_floors":[10,22],"current_hp_per_floor":[75,72,65,65,65,37,22,44,44,44,44,44,44,44,66,38,75,65,65,65,52,52,38,38,41,41,41,46,40,40,40,62,0],"gold":141,"neow_bonus":"ONE_RANDOM_RARE_CARD","is_prod":false,"is_daily":false,"chose_seed":false,"campfire_upgraded":3,"win_rate":0.0,"timestamp":1550681342,"path_taken":["M","?","?","$","?","E","?","R","T","$","R","M","?","M","R","BOSS","M","?","$","M","?","E","R","M","T","R","?","?","?","?","R","BOSS"],"build_version":"2019-01-23","purchased_purges":2,"victory":false,"max_hp_per_floor":[75,75,75,75,75,75,75,75,75,75,75,75,75,75,75,75,75,75,75,75,75,75,75,75,75,75,75,75,75,75,75,75,75],"card_choices":[{"not_picked":["Steam","Hello World"],"picked":"Doom and Gloom","floor":1},{"not_picked":["Storm","Gash"],"picked":"Hologram","floor":2},{"not_picked":["Ball Lightning","Static Discharge"],"picked":"Hologram","floor":6},{"not_picked":["Blizzard","Steam Power"],"picked":"Redo","floor":12},{"not_picked":["Fusion","Gash","Cold Snap"],"picked":"SKIP","floor":14},{"not_picked":["Stack","Heatsinks","Conserve Battery"],"picked":"SKIP","floor":18},{"not_picked":["Steam+1","Stack"],"picked":"Leap+1","floor":21},{"not_picked":["Conserve Battery","White Noise+1"],"picked":"Streamline+1","floor":23},{"not_picked":["Rebound","Chaos","Steam"],"picked":"SKIP","floor":25},{"not_picked":["Loop","Genetic Algorithm","Go for the Eyes"],"picked":"SKIP","floor":29}],"player_experience":119055,"relics_obtained":[{"floor":6,"key":"Bag of Marbles"},{"floor":9,"key":"Meat on the Bone"},{"floor":23,"key":"MawBank"},{"floor":26,"key":"Anchor"}],"event_choices":[{"cards_removed":["Strike_B"],"damage_healed":0,"gold_gain":0,"player_choice":"Card Removal","damage_taken":7,"max_hp_gain":0,"max_hp_loss":0,"event_name":"Golden Wing","floor":3,"gold_loss":0},{"cards_removed":["Defend_B"],"damage_healed":0,"gold_gain":0,"player_choice":"Card Removal","damage_taken":0,"max_hp_gain":0,"max_hp_loss":0,"event_name":"The Cleric","floor":5,"gold_loss":50},{"damage_healed":0,"gold_gain":0,"player_choice":"Entered Light","damage_taken":15,"max_hp_gain":0,"max_hp_loss":0,"event_name":"Shining Light","floor":7,"gold_loss":0,"cards_upgraded":["Defend_B","Strike_B"]},{"cards_removed":["Strike_B"],"damage_healed":0,"gold_gain":0,"player_choice":"Purged","damage_taken":0,"max_hp_gain":0,"max_hp_loss":0,"event_name":"Purifier","floor":13,"gold_loss":0},{"damage_healed":0,"gold_gain":0,"cards_transformed":["Defend_B"],"player_choice":"Transformed","damage_taken":0,"max_hp_gain":0,"max_hp_loss":0,"event_name":"Transmorgrifier","floor":19,"gold_loss":0,"cards_obtained":["Streamline"]},{"cards_removed":["Hologram"],"damage_healed":5,"gold_gain":0,"player_choice":"Offered Common","damage_taken":0,"max_hp_gain":0,"max_hp_loss":0,"event_name":"Bonfire Elementals","floor":28,"gold_loss":0},{"cards_removed":["Hologram"],"damage_healed":5,"gold_gain":0,"player_choice":"Offered Special","damage_taken":0,"max_hp_gain":0,"max_hp_loss":0,"event_name":"Bonfire Elementals","floor":28,"gold_loss":0},{"cards_removed":["Strike_B"],"damage_healed":0,"gold_gain":0,"player_choice":"Gave Gold","damage_taken":0,"max_hp_gain":0,"max_hp_loss":0,"event_name":"Beggar","floor":30,"gold_loss":75}],"is_beta":false,"boss_relics":[{"not_picked":["Cursed Key","Coffee Dripper"],"picked":"Runic Pyramid"}],"items_purged_floors":[4,20],"is_endless":false,"potions_floor_spawned":[2,12,14,16,18,21,29],"killed_by":"Automaton","ascension_level":0}