{"gold_per_floor":[109,173,185,201,212,212,23,51,51,113,128,160,160,160,160,160],"floor_reached":16,"playtime":834,"items_purged":["Strike_R"],"score":143,"play_id":"790d08df-17ff-4ce9-ba4a-421dcc8d6c0e","local_time":"20190221214520","is_ascension_mode":true,"campfire_choices":[{"data":"Inflame","floor":6,"key":"SMITH"},{"floor":15,"key":"REST"}],"neow_cost":"NONE","seed_source_timestamp":359289689106566,"circlet_count":0,"master_deck":["Strike_R","Strike_R","Strike_R","Strike_R","Defend_R","Defend_R","Defend_R","Defend_R","Bash+1","Warcry","Inflame+1","Pommel Strike","Clothesline","Metallicize+1","Rampage","Sword Boomerang","Flame Barrier","Sentinel","Headbutt"],"relics":["Burning Blood","Boot","Gremlin Horn","Mummified Hand","Bottled Tornado"],"potions_floor_usage":[4,10,10,16],"damage_taken":[{"damage":1,"enemies":"Cultist","floor":1,"turns":3},{"damage":13,"enemies":"Small Slimes","floor":3,"turns":4},{"damage":13,"enemies":"2 Louse","floor":4,"turns":2},{"damage":14,"enemies":"2 Fungi Beasts","floor":5,"turns":4},{"damage":24,"enemies":"Lagavulin","floor":8,"turns":7},{"damage":20,"enemies":"3 Sentries","floor":10,"turns":7},{"damage":0,"enemies":"3 Louse","floor":11,"turns":3},{"damage":14,"enemies":"3 Sentries","floor":12,"turns":8},{"damage":54,"enemies":"Slime Boss","floor":16,"turns":8}],"seed_played":"4987635474486550015","potions_obtained":[{"floor":1,"key":"FearPotion"},{"floor":3,"key":"LiquidBronze"},{"floor":8,"key":"Ancient Potion"},{"floor":12,"key":"Fire Potion"}],"is_trial":false,"path_per_floor":["M","?","M","M","M","R","$","E","T","?","M","E","?","?","R","B"],"character_chosen":"IRONCLAD","items_purchased":["Metallicize","Rampage"],"campfire_rested":1,"item_purchase_floors":[7,7],"current_hp_per_floor":[77,77,70,63,55,55,55,37,37,23,29,21,21,21,45,0],"gold":160,"neow_bonus":"UPGRADE_CARD","is_prod":false,"is_daily":false,"chose_seed":false,"campfire_upgraded":1,"win_rate":0,"timestamp":1550781920,"path_taken":["M","?","M","M","M","R","$","E","T","?","M","E","?","?","R","BOSS"],"build_version":"2019-01-23","purchased_purges":1,"victory":false,"max_hp_per_floor":[80,80,80,80,80,80,80,80,80,80,80,80,80,80,80,80],"card_choices":[{"not_picked":["Sentinel","Flex"],"picked":"Warcry","floor":1},{"not_picked":["Sever Soul","Bloodletting"],"picked":"Inflame","floor":3},{"not_picked":["Entrench","Warcry"],"picked":"Pommel Strike","floor":4},{"not_picked":["Warcry","Power Through"],"picked":"Clothesline","floor":5},{"not_picked":["Wild Strike","Flex"],"picked":"Sword Boomerang","floor":8},{"not_picked":["True Grit","Intimidate"],"picked":"Flame Barrier","floor":10},{"not_picked":["Double Tap","Heavy Blade"],"picked":"Sentinel","floor":11},{"not_picked":["Heavy Blade","Anger"],"picked":"Headbutt","floor":12}],"player_experience":707254,"relics_obtained":[{"floor":8,"key":"Boot"},{"floor":9,"key":"Gremlin Horn"},{"floor":10,"key":"Mummified Hand"},{"floor":12,"key":"Bottled Tornado"}],"event_choices":[{"damage_healed":0,"gold_gain":64,"player_choice":"Gained Gold","damage_taken":0,"max_hp_gain":0,"max_hp_loss":0,"event_name":"Golden Wing","floor":2,"gold_loss":0},{"damage_healed":0,"gold_gain":0,"player_choice":"Searched \u00272\u0027 times","damage_taken":0,"max_hp_gain":0,"max_hp_loss":0,"event_name":"Dead Adventurer","floor":10,"gold_loss":0},{"damage_healed":0,"gold_gain":0,"player_choice":"Grow","damage_taken":0,"max_hp_gain":0,"max_hp_loss":0,"event_name":"Living Wall","floor":13,"gold_loss":0,"cards_upgraded":["Metallicize"]},{"damage_healed":0,"gold_gain":0,"player_choice":"Ignored","damage_taken":0,"max_hp_gain":0,"max_hp_loss":0,"event_name":"Shining Light","floor":14,"gold_loss":0}],"is_beta":false,"boss_relics":[],"items_purged_floors":[7],"is_endless":false,"potions_floor_spawned":[1,3,8,12],"killed_by":"Slime Boss","ascension_level":6}