{"gold_per_floor":[112,132,152,31,31,31,56,56,56,56,56,56,33,48,48,153,153,167,67,84,104,117,117,117,117,185,185,285,319,334,334,334,433,433,451,451,464,464,483,510,510,538,565,583,596,607,607,936,936,936],"floor_reached":50,"playtime":2728,"items_purged":["Strike_R","Strike_R"],"score":629,"play_id":"d5ba0a30-284d-4b7c-897b-74e149bf225b","local_time":"20181013185523","is_ascension_mode":true,"campfire_choices":[{"data":"Searing Blow","floor":6.0,"key":"SMITH"},{"data":"Searing Blow+1","floor":8.0,"key":"SMITH"},{"data":"Searing Blow+2","floor":10.0,"key":"SMITH"},{"data":"Searing Blow+3","floor":12.0,"key":"SMITH"},{"data":"Searing Blow+4","floor":15.0,"key":"SMITH"},{"data":"Searing Blow+5","floor":23.0,"key":"SMITH"},{"data":"Searing Blow+6","floor":25.0,"key":"SMITH"},{"data":"Searing Blow+7","floor":27.0,"key":"SMITH"},{"data":"Searing Blow+8","floor":32,"key":"SMITH"},{"data":"Searing Blow+9","floor":41,"key":"SMITH"},{"data":"Searing Blow+10","floor":47,"key":"SMITH"},{"floor":49,"key":"REST"}],"neow_cost":"PERCENT_DAMAGE","seed_source_timestamp":19715969757816,"circlet_count":0,"master_deck":["Strike_R","Strike_R","Strike_R","Defend_R","Defend_R","Defend_R","Defend_R","Bash","Iron Wave","Armaments","Searing Blow+11","Shrug It Off","True Grit","Offering","Headbutt+1","Armaments+1","Fiend Fire+1","Battle Trance","Dual Wield+1","Brutality","True Grit+1"],"special_seed":0,"relics":["Burning Blood","Pocketwatch","Strawberry","Bottled Lightning","Velvet Choker","Kunai","Juzu Bracelet","Cursed Key","Happy Flower","Omamori","Red Skull","Old Coin"],"potions_floor_usage":[42,42,48,48],"damage_taken":[{"damage":1.0,"enemies":"Cultist","floor":1.0,"turns":3.0},{"damage":1.0,"enemies":"Jaw Worm","floor":2.0,"turns":4.0},{"damage":5.0,"enemies":"2 Louse","floor":3.0,"turns":2.0},{"damage":26.0,"enemies":"Lagavulin","floor":7.0,"turns":6.0},{"damage":6.0,"enemies":"Lots of Slimes","floor":14.0,"turns":5.0},{"damage":42.0,"enemies":"Hexaghost","floor":16.0,"turns":6.0},{"damage":6.0,"enemies":"Shell Parasite","floor":18.0,"turns":2.0},{"damage":8.0,"enemies":"2 Thieves","floor":20.0,"turns":4.0},{"damage":6.0,"enemies":"Chosen and Byrds","floor":21.0,"turns":3.0},{"damage":6.0,"enemies":"Cultist and Chosen","floor":22.0,"turns":6.0},{"damage":16.0,"enemies":"Slavers","floor":29.0,"turns":5.0},{"damage":0.0,"enemies":"Centurion and Healer","floor":30.0,"turns":4.0},{"damage":49,"enemies":"Collector","floor":33,"turns":4},{"damage":0,"enemies":"Orb Walker","floor":35,"turns":2},{"damage":11,"enemies":"3 Darklings","floor":37,"turns":3},{"damage":10,"enemies":"Maw","floor":39,"turns":5},{"damage":10,"enemies":"Giant Head","floor":40,"turns":7},{"damage":24,"enemies":"Nemesis","floor":42,"turns":6},{"damage":0,"enemies":"Reptomancer","floor":44,"turns":1},{"damage":9,"enemies":"3 Darklings","floor":45,"turns":5},{"damage":10,"enemies":"Sphere and 2 Shapes","floor":46,"turns":4},{"damage":38,"enemies":"2 Orb Walkers","floor":48,"turns":5},{"damage":60,"enemies":"Time Eater","floor":50,"turns":6}],"seed_played":"4956262394511828684","potions_obtained":[{"floor":2.0,"key":"Energy Potion"},{"floor":14.0,"key":"Swift Potion"},{"floor":16.0,"key":"Block Potion"},{"floor":18.0,"key":"BloodPotion"},{"floor":45,"key":"SpeedPotion"}],"is_trial":false,"path_per_floor":["M","M","M","$","$","R","E","R","T","R","?","R","$","M","R","B",null,"M","$","M","M","M","R","$","R","T","R","?","E","M","?","R","B",null,"M","?","M","?","M","E","R","E","T","M","M","M","R","E","R"],"character_chosen":"IRONCLAD","items_purchased":["Shrug It Off","True Grit"],"campfire_rested":1,"item_purchase_floors":[4,13],"current_hp_per_floor":[61,66,67,67,67,67,54,54,54,54,83,83,83,83,83,47,87,87,87,85,85,85,85,85,85,85,85,85,75,81,87,87,44,87,87,87,82,82,78,74,74,56,56,62,59,55,55,31,55,0],"gold":936,"neow_bonus":"ONE_RARE_RELIC","is_prod":false,"is_daily":false,"chose_seed":false,"campfire_upgraded":11,"win_rate":0,"timestamp":1539449723,"path_taken":["M","M","M","?","$","R","E","R","T","R","?","R","?","?","R","BOSS","M","$","M","M","M","R","$","R","T","R","?","E","M","?","R","BOSS","M","?","M","?","M","E","R","E","T","M","M","M","R","E","R","BOSS"],"build_version":"2018-10-04","purchased_purges":2,"victory":false,"max_hp_per_floor":[80,80,80,80,80,80,87,87,87,87,87,87,87,87,87,87,87,87,87,87,87,87,87,87,87,87,87,87,87,87,87,87,87,87,87,87,87,83,83,83,83,83,83,83,83,83,83,83,83,83],"card_choices":[{"not_picked":["Heavy Blade","Headbutt"],"picked":"Iron Wave","floor":1.0},{"not_picked":["Thunderclap","Metallicize"],"picked":"Armaments","floor":2.0},{"not_picked":["Sword Boomerang","Inflame"],"picked":"Searing Blow","floor":3.0},{"not_picked":["Thunderclap","Dropkick","Clash"],"picked":"SKIP","floor":7.0},{"not_picked":["Shrug It Off","Combust","Pommel Strike"],"picked":"SKIP","floor":14.0},{"not_picked":["Impervious","Barricade"],"picked":"Offering","floor":16.0},{"not_picked":["Searing Blow","Flex","Shockwave"],"picked":"SKIP","floor":18.0},{"not_picked":["Heavy Blade","Flex+1"],"picked":"Headbutt+1","floor":20.0},{"not_picked":["Clash","Rupture","Perfected Strike"],"picked":"SKIP","floor":21.0},{"not_picked":["Hemokinesis+1","Cleave+1","Corruption+1"],"picked":"SKIP","floor":22.0},{"not_picked":["Impervious","Iron Wave+1","Dropkick+1"],"picked":"SKIP","floor":29.0},{"not_picked":["Heavy Blade","Shrug It Off"],"picked":"Armaments+1","floor":30.0},{"not_picked":["Feed","Exhume"],"picked":"Fiend Fire","floor":33},{"not_picked":["Sword Boomerang+1","Anger","Intimidate"],"picked":"SKIP","floor":35},{"not_picked":["Clothesline+1","Sword Boomerang"],"picked":"Battle Trance","floor":37},{"not_picked":["Cleave","Armaments+1","Corruption"],"picked":"SKIP","floor":39},{"not_picked":["Cleave","Combust"],"picked":"Dual Wield+1","floor":40},{"not_picked":["Dropkick+1","Clash+1"],"picked":"Brutality","floor":42},{"not_picked":["Warcry","Metallicize+1","Anger"],"picked":"SKIP","floor":44},{"not_picked":["Corruption+1","Entrench","Havoc+1"],"picked":"SKIP","floor":45},{"not_picked":["Intimidate","Evolve","Perfected Strike+1"],"picked":"SKIP","floor":46},{"not_picked":["Fire Breathing","Seeing Red"],"picked":"True Grit+1","floor":48}],"player_experience":159835,"relics_obtained":[{"floor":7.0,"key":"Strawberry"},{"floor":9.0,"key":"Bottled Lightning"},{"floor":26.0,"key":"Kunai"},{"floor":29.0,"key":"Juzu Bracelet"},{"floor":40,"key":"Happy Flower"},{"floor":42,"key":"Omamori"},{"floor":43,"key":"Red Skull"},{"floor":48,"key":"Old Coin"}],"event_choices":[{"event_name":"Big Fish","player_choice":"Banana","floor":11.0,"damage_taken":0.0},{"event_name":"Golden Shrine","player_choice":"Pray","floor":28.0,"damage_taken":0.0},{"event_name":"The Library","player_choice":"Heal","floor":31,"damage_taken":0},{"event_name":"Accursed Blacksmith","player_choice":"Forge","floor":36,"damage_taken":0},{"event_name":"Winding Halls","player_choice":"Max HP","floor":38,"damage_taken":0}],"is_beta":false,"boss_relics":[{"not_picked":["Black Blood","Eternal Feather"],"picked":"Velvet Choker"},{"not_picked":["Philosopher\u0027s Stone","Fusion Hammer"],"picked":"Cursed Key"}],"items_purged_floors":[4,19],"is_endless":false,"potions_floor_spawned":[2,14,16,18,21,33,35,37,39,45],"killed_by":"Time Eater","ascension_level":1}