{"gold_per_floor":[118,130,145,145,157,157,189,189,240,240,257,286,27,27,27,98,98,109,34,34,34,54,54,82,82,106,136,156,156,174,192,192,268,268,279,229,229,242,254,254,281,281,305,340,359,373,405,423,423,423],"floor_reached":51,"playtime":3584,"items_purged":["Strike_R"],"score":1359,"play_id":"0eebf99d-70a8-4681-a626-a7bc0800dd28","local_time":"20190212165044","is_ascension_mode":true,"campfire_choices":[{"data":"Bash","floor":6,"key":"SMITH"},{"data":"Anger","floor":8,"key":"SMITH"},{"data":"Clothesline","floor":10,"key":"SMITH"},{"data":"Pommel Strike","floor":15,"key":"SMITH"},{"data":"Immolate","floor":23,"key":"SMITH"},{"data":"Bludgeon","floor":29,"key":"SMITH"},{"data":"Disarm","floor":32,"key":"SMITH"},{"floor":40,"key":"REST"},{"data":"Impervious","floor":42,"key":"SMITH"},{"floor":49,"key":"REST"}],"neow_cost":"NONE","seed_source_timestamp":2847418746113839,"circlet_count":0,"master_deck":["AscendersBane","Strike_R+1","Strike_R","Defend_R","Defend_R","Defend_R","Defend_R","Bash+1","Pommel Strike+1","Clothesline+1","Blood for Blood+1","Armaments","Uppercut+1","Immolate+1","Flame Barrier+1","Disarm+1","Bludgeon+1","Dark Embrace","Impervious+1","Disarm","Shrug It Off","Shrug It Off","Dual Wield"],"relics":["Burning Blood","Bottled Flame","Red Skull","PreservedInsect","Pantograph","Snecko Eye","Smiling Mask","Centennial Puzzle","Lantern","Velvet Choker","Mercury Hourglass","Whetstone","Meat on the Bone","Pen Nib"],"potions_floor_usage":[3,24,33,50,50],"damage_taken":[{"damage":4,"enemies":"2 Louse","floor":1,"turns":4},{"damage":6,"enemies":"Cultist","floor":2,"turns":4},{"damage":7,"enemies":"Jaw Worm","floor":3,"turns":3},{"damage":8,"enemies":"Blue Slaver","floor":5,"turns":4},{"damage":25,"enemies":"Lagavulin","floor":7,"turns":6},{"damage":0,"enemies":"Large Slime","floor":11,"turns":5},{"damage":15,"enemies":"Gremlin Nob","floor":12,"turns":4},{"damage":27,"enemies":"Hexaghost","floor":16,"turns":9},{"damage":17,"enemies":"2 Thieves","floor":18,"turns":3},{"damage":8,"enemies":"Chosen","floor":22,"turns":4},{"damage":5,"enemies":"Slavers","floor":24,"turns":3},{"damage":17,"enemies":"Gremlin Leader","floor":27,"turns":5},{"damage":2,"enemies":"3 Cultists","floor":28,"turns":4},{"damage":0,"enemies":"Chosen and Byrds","floor":30,"turns":3},{"damage":0,"enemies":"Snake Plant","floor":31,"turns":2},{"damage":33,"enemies":"Collector","floor":33,"turns":6},{"damage":9,"enemies":"3 Shapes","floor":35,"turns":2},{"damage":1,"enemies":"Orb Walker","floor":38,"turns":2},{"damage":25,"enemies":"Transient","floor":39,"turns":5},{"damage":9,"enemies":"Nemesis","floor":41,"turns":3},{"damage":2,"enemies":"Reptomancer","floor":44,"turns":3},{"damage":21,"enemies":"Sphere and 2 Shapes","floor":45,"turns":5},{"damage":6,"enemies":"Writhing Mass","floor":46,"turns":5},{"damage":39,"enemies":"Giant Head","floor":47,"turns":7},{"damage":3,"enemies":"4 Shapes","floor":48,"turns":3},{"damage":60,"enemies":"Awakened One","floor":50,"turns":10}],"seed_played":"-6155690788962461428","potions_obtained":[{"floor":2,"key":"FearPotion"},{"floor":7,"key":"AttackPotion"},{"floor":24,"key":"Weak Potion"},{"floor":27,"key":"SteroidPotion"},{"floor":31,"key":"Ancient Potion"},{"floor":33,"key":"Fire Potion"},{"floor":38,"key":"BloodPotion"},{"floor":45,"key":"PowerPotion"}],"is_trial":false,"path_per_floor":["M","M","M","?","M","R","E","R","T","R","M","E","$","?","R","B",null,"M","?","?","?","M","R","E","?","T","E","M","R","M","M","R","B",null,"M","$","?","M","M","R","E","R","T","E","M","M","E","M","R","B",null],"character_chosen":"IRONCLAD","items_purchased":["Pantograph"],"campfire_rested":2,"item_purchase_floors":[13],"current_hp_per_floor":[77,77,76,76,74,74,55,55,55,55,61,52,52,52,52,56,76,65,65,65,65,63,63,64,64,64,53,57,57,63,69,69,55,75,72,72,72,77,58,82,79,79,79,82,67,67,46,49,73,48],"gold":423,"neow_bonus":"TEN_PERCENT_HP_BONUS","is_prod":false,"is_daily":false,"chose_seed":false,"campfire_upgraded":8,"win_rate":0,"timestamp":1550008244,"path_taken":["M","M","M","?","?","R","E","R","T","R","M","E","$","?","R","BOSS","M","?","?","?","M","R","E","?","T","E","M","R","M","M","R","BOSS","M","$","?","M","M","R","E","R","T","E","M","M","E","?","R","BOSS"],"build_version":"2019-01-23","purchased_purges":1,"victory":true,"max_hp_per_floor":[82,82,82,82,82,82,82,82,82,82,82,82,82,82,82,82,82,82,82,82,82,82,82,82,82,82,82,82,82,82,82,82,82,82,82,82,82,82,82,82,82,82,82,82,82,82,82,82,82,82],"card_choices":[{"not_picked":["Warcry","Armaments"],"picked":"Pommel Strike","floor":1},{"not_picked":["Havoc","Warcry","Heavy Blade"],"picked":"SKIP","floor":2},{"not_picked":["Havoc","Entrench"],"picked":"Clothesline","floor":3},{"not_picked":["Clash","Twin Strike"],"picked":"Anger","floor":5},{"not_picked":["Flex","Brutality"],"picked":"Armaments","floor":7},{"not_picked":["Perfected Strike","Seeing Red"],"picked":"Uppercut","floor":11},{"not_picked":["Entrench","Combust","Rupture"],"picked":"SKIP","floor":12},{"not_picked":["Brutality","Fiend Fire"],"picked":"Immolate","floor":16},{"not_picked":["Metallicize","Armaments+1"],"picked":"Flame Barrier+1","floor":18},{"not_picked":["Clothesline","Heavy Blade+1","Whirlwind+1"],"picked":"SKIP","floor":22},{"not_picked":["Flex","Seeing Red","Uppercut"],"picked":"SKIP","floor":24},{"not_picked":["Iron Wave","Anger"],"picked":"Bludgeon","floor":27},{"not_picked":["Evolve","Sword Boomerang+1","Rampage"],"picked":"SKIP","floor":28},{"not_picked":["Evolve","Sword Boomerang+1","Rampage"],"picked":"SKIP","floor":28},{"not_picked":["Cleave","Sentinel","Rage"],"picked":"SKIP","floor":30},{"not_picked":["Body Slam","Heavy Blade+1","Havoc"],"picked":"SKIP","floor":31},{"not_picked":["Barricade","Offering"],"picked":"Dark Embrace","floor":33},{"not_picked":["Pummel","Armaments","Thunderclap"],"picked":"SKIP","floor":35},{"not_picked":["Battle Trance","Cleave","Sword Boomerang"],"picked":"SKIP","floor":38},{"not_picked":["Spot Weakness+1","Infernal Blade","Dropkick"],"picked":"SKIP","floor":39},{"not_picked":["Power Through","Sentinel"],"picked":"Impervious","floor":41},{"not_picked":["Intimidate","Iron Wave+1"],"picked":"Disarm","floor":44},{"not_picked":["Pommel Strike","Combust"],"picked":"Shrug It Off","floor":45},{"not_picked":["Burning Pact","Reckless Charge"],"picked":"Shrug It Off","floor":46},{"not_picked":["Uppercut","Anger"],"picked":"Dual Wield","floor":47},{"not_picked":["Headbutt","Armaments","Clothesline+1"],"picked":"SKIP","floor":48}],"player_experience":555187,"relics_obtained":[{"floor":7,"key":"Bottled Flame"},{"floor":9,"key":"Red Skull"},{"floor":12,"key":"PreservedInsect"},{"floor":24,"key":"Smiling Mask"},{"floor":26,"key":"Centennial Puzzle"},{"floor":27,"key":"Lantern"},{"floor":41,"key":"Mercury Hourglass"},{"floor":43,"key":"Whetstone"},{"floor":44,"key":"Meat on the Bone"},{"floor":47,"key":"Pen Nib"}],"event_choices":[{"damage_healed":0,"gold_gain":0,"cards_transformed":["Strike_R"],"player_choice":"Transformed","damage_taken":0,"max_hp_gain":0,"max_hp_loss":0,"event_name":"Transmorgrifier","floor":4,"gold_loss":0,"cards_obtained":["Blood for Blood"]},{"cards_removed":["Strike_R"],"damage_healed":0,"gold_gain":0,"player_choice":"Forget","damage_taken":0,"max_hp_gain":0,"max_hp_loss":0,"event_name":"Living Wall","floor":14,"gold_loss":0},{"cards_removed":["Anger"],"damage_healed":0,"gold_gain":0,"player_choice":"Gave Gold","damage_taken":0,"max_hp_gain":0,"max_hp_loss":0,"event_name":"Beggar","floor":19,"gold_loss":75},{"damage_healed":0,"gold_gain":0,"player_choice":"Read","damage_taken":0,"max_hp_gain":0,"max_hp_loss":0,"event_name":"The Library","floor":20,"gold_loss":0,"cards_obtained":["Disarm"]},{"damage_healed":0,"gold_gain":0,"player_choice":"Ignored","damage_taken":0,"max_hp_gain":0,"max_hp_loss":0,"event_name":"Ghosts","floor":21,"gold_loss":0},{"damage_healed":0,"gold_gain":0,"player_choice":"Upgraded","damage_taken":0,"max_hp_gain":0,"max_hp_loss":0,"event_name":"Upgrade Shrine","floor":37,"gold_loss":0,"cards_upgraded":["Uppercut"]}],"is_beta":false,"boss_relics":[{"not_picked":["Pandora\u0027s Box","Ectoplasm"],"picked":"Snecko Eye"},{"not_picked":["Runic Cube","Runic Pyramid"],"picked":"Velvet Choker"}],"items_purged_floors":[36],"is_endless":false,"potions_floor_spawned":[2,7,24,27,30,31,33,38,41,45,47],"ascension_level":15}