{"gold_per_floor":[110,121,134,8,26,26,58,58,58,85,98,115,134,144,144,245,245,264,264,264,264,276,276],"floor_reached":23,"playtime":1271,"items_purged":["Strike_R"],"score":283,"play_id":"66fb2ddf-d09f-4ca6-908f-c00ff979c787","local_time":"20181030174141","is_ascension_mode":true,"campfire_choices":[{"data":"Hemokinesis","floor":6,"key":"SMITH"},{"data":"Uppercut","floor":8,"key":"SMITH"},{"data":"Armaments","floor":15,"key":"SMITH"}],"neow_cost":"NONE","seed_source_timestamp":1504967009333,"circlet_count":0,"master_deck":["Strike_R","Strike_R","Strike_R","Strike_R","Defend_R","Defend_R","Defend_R","Defend_R","Bash+1","Hemokinesis+1","Sword Boomerang","Headbutt","Iron Wave","Cleave","Uppercut+1","Anger","Corruption","Pummel","Armaments+1","Reaper","Iron Wave+1","J.A.X.+1"],"relics":["Burning Blood","Blood Vial","Sundial","Odd Mushroom","Sozu"],"potions_floor_usage":[11,14,16,16],"damage_taken":[{"damage":1,"enemies":"Cultist","floor":1,"turns":3},{"damage":6,"enemies":"2 Louse","floor":2,"turns":4},{"damage":15,"enemies":"Jaw Worm","floor":3,"turns":2},{"damage":9,"enemies":"Blue Slaver","floor":5,"turns":5},{"damage":26,"enemies":"Gremlin Nob","floor":7,"turns":4},{"damage":21,"enemies":"The Mushroom Lair","floor":10,"turns":4},{"damage":4,"enemies":"Exordium Thugs","floor":11,"turns":3},{"damage":6,"enemies":"2 Fungi Beasts","floor":12,"turns":2},{"damage":9,"enemies":"Blue Slaver","floor":13,"turns":3},{"damage":3,"enemies":"Large Slime","floor":14,"turns":2},{"damage":41,"enemies":"The Guardian","floor":16,"turns":10},{"damage":11,"enemies":"Chosen","floor":18,"turns":4},{"damage":27,"enemies":"Spheric Guardian","floor":22,"turns":4},{"damage":59,"enemies":"Book of Stabbing","floor":23,"turns":4}],"seed_played":"7362485626188378763","potions_obtained":[{"floor":1,"key":"LiquidBronze"},{"floor":2,"key":"SpeedPotion"},{"floor":10,"key":"Fire Potion"},{"floor":12,"key":"Strength Potion"},{"floor":13,"key":"Block Potion"},{"floor":14,"key":"Ancient Potion"}],"is_trial":false,"path_per_floor":["M","M","M","$","M","R","E","R","T","?","M","M","M","M","R","B",null,"M","?","?","$","M"],"character_chosen":"IRONCLAD","items_purchased":["Iron Wave"],"campfire_rested":0,"item_purchase_floors":[4],"current_hp_per_floor":[77,77,68,68,65,65,45,45,45,32,36,38,37,42,42,9,62,59,59,59,59,45,0],"gold":276,"neow_bonus":"UPGRADE_CARD","is_prod":false,"is_daily":false,"chose_seed":false,"campfire_upgraded":3,"win_rate":0,"timestamp":1540917701,"path_taken":["M","M","?","$","M","R","E","R","T","?","M","M","M","M","R","BOSS","M","?","?","$","M","E"],"build_version":"2018-10-11","purchased_purges":1,"victory":false,"max_hp_per_floor":[80,80,80,80,80,80,80,80,80,80,80,80,80,80,80,80,80,80,80,80,80,80,80],"card_choices":[{"not_picked":["True Grit","Pummel"],"picked":"Hemokinesis","floor":1},{"not_picked":["Rampage","Perfected Strike"],"picked":"Sword Boomerang","floor":2},{"not_picked":["Cleave","True Grit"],"picked":"Headbutt","floor":3},{"not_picked":["Clash","Sentinel"],"picked":"Cleave","floor":5},{"not_picked":["Pummel","Limit Break"],"picked":"Uppercut","floor":7},{"not_picked":["Clothesline","Seeing Red"],"picked":"Anger","floor":10},{"not_picked":["Rupture","Twin Strike"],"picked":"Corruption","floor":11},{"not_picked":["Iron Wave","Clothesline"],"picked":"Pummel","floor":12},{"not_picked":["Whirlwind","Dual Wield"],"picked":"Armaments","floor":13},{"not_picked":["Heavy Blade","Warcry","Sword Boomerang"],"picked":"SKIP","floor":14},{"not_picked":["Immolate","Offering"],"picked":"Reaper","floor":16},{"not_picked":["Sentinel","Clothesline+1"],"picked":"Iron Wave+1","floor":18},{"not_picked":["Corruption","Perfected Strike+1","Rupture"],"picked":"SKIP","floor":22}],"player_experience":217302,"relics_obtained":[{"floor":7,"key":"Blood Vial"},{"floor":9,"key":"Sundial"},{"floor":10,"key":"Odd Mushroom"}],"event_choices":[{"event_name":"Mushrooms","player_choice":"Fought Mushrooms","floor":10,"damage_taken":0},{"event_name":"Drug Dealer","player_choice":"Got JAX","floor":19,"damage_taken":0},{"event_name":"Accursed Blacksmith","player_choice":"Forge","floor":20,"damage_taken":0}],"is_beta":false,"boss_relics":[{"not_picked":["Black Star","Philosopher\u0027s Stone"],"picked":"Sozu"}],"items_purged_floors":[4],"is_endless":false,"potions_floor_spawned":[1,2,10,12,13,14],"killed_by":"Book of Stabbing","ascension_level":9}