{"gold_per_floor":[115,134,134,144,94,121,121,156,156,29,60,75,75,110,110,215,215,225,225,236,4,4,4,104,132,132,149,149,149,149,166,166,166],"floor_reached":33,"playtime":1331,"items_purged":["Injury","Strike_B"],"score":451,"play_id":"06160c74-0648-4aba-b2c1-3ae30f1b54f3","local_time":"20190214182351","is_ascension_mode":true,"campfire_choices":[{"data":"Zap","floor":7,"key":"SMITH"},{"floor":13,"key":"REST"},{"data":"Defragment","floor":15,"key":"SMITH"},{"data":"Darkness","floor":23,"key":"SMITH"},{"floor":29,"key":"REST"},{"data":"Dualcast","floor":32,"key":"SMITH"}],"neow_cost":"NONE","seed_source_timestamp":6323161164499,"circlet_count":0,"master_deck":["Strike_B","Strike_B","Defend_B","Defend_B","Defend_B","Defend_B","Zap+1","Dualcast+1","Go for the Eyes","Rebound","Cold Snap","Compile Driver","Darkness+1","Cold Snap","Hologram","Leap","Defragment+1","Electrodynamics","BootSequence+1","Steam Power","Self Repair","Flash of Steel","Gash","Conserve Battery","Shame","Creative AI","Steam"],"relics":["Cursed Key","Sundial","Shuriken","Mercury Hourglass","Nunchaku","Cables","Inserter","Torii","Symbiotic Virus","Matryoshka","Happy Flower","Unceasing Top"],"potions_floor_usage":[6,18,24,24,28],"damage_taken":[{"damage":2,"enemies":"Jaw Worm","floor":1,"turns":4},{"damage":2,"enemies":"2 Louse","floor":2,"turns":2},{"damage":7,"enemies":"Small Slimes","floor":4,"turns":3},{"damage":18,"enemies":"3 Sentries","floor":6,"turns":8},{"damage":7,"enemies":"Lagavulin","floor":8,"turns":8},{"damage":11,"enemies":"Gremlin Nob","floor":11,"turns":3},{"damage":5,"enemies":"Blue Slaver","floor":12,"turns":2},{"damage":1,"enemies":"Lagavulin","floor":14,"turns":5},{"damage":0,"enemies":"Slime Boss","floor":16,"turns":5},{"damage":2,"enemies":"3 Byrds","floor":18,"turns":4},{"damage":0,"enemies":"Chosen","floor":20,"turns":3},{"damage":3,"enemies":"Colosseum Slavers","floor":24,"turns":3},{"damage":32,"enemies":"Colosseum Nobs","floor":24,"turns":5},{"damage":24,"enemies":"Gremlin Leader","floor":25,"turns":6},{"damage":0,"enemies":"Centurion and Healer","floor":27,"turns":3},{"damage":0,"enemies":"Book of Stabbing","floor":28,"turns":1},{"damage":17,"enemies":"Snake Plant","floor":31,"turns":4},{"damage":41,"enemies":"Collector","floor":33,"turns":6}],"seed_played":"5669012891791029399","potions_obtained":[{"floor":1,"key":"FearPotion"},{"floor":2,"key":"Energy Potion"},{"floor":11,"key":"SmokeBomb"},{"floor":18,"key":"EntropicBrew"},{"floor":27,"key":"Ancient Potion"},{"floor":31,"key":"Swift Potion"}],"is_trial":false,"path_per_floor":["M","M","?","M","?","E","R","E","T","$","E","M","R","E","R","B",null,"M","?","M","$","?","R","?","E","T","M","E","R","?","M","R","B"],"character_chosen":"DEFECT","items_purchased":["Cold Snap","Self Repair","Flash of Steel"],"campfire_rested":2,"item_purchase_floors":[10,21,21],"current_hp_per_floor":[73,71,71,64,64,46,46,39,39,39,28,23,45,44,44,44,67,65,65,65,65,51,51,30,13,13,20,20,44,44,34,34,0],"gold":166,"neow_bonus":"BOSS_RELIC","is_prod":false,"is_daily":false,"chose_seed":false,"campfire_upgraded":4,"win_rate":0,"timestamp":1550165031,"path_taken":["M","M","?","M","?","E","R","E","T","$","E","M","R","E","R","BOSS","M","?","M","$","?","R","?","E","T","M","E","R","?","?","R","BOSS"],"build_version":"2019-01-23","purchased_purges":2,"victory":false,"max_hp_per_floor":[75,75,75,75,75,75,75,75,75,75,75,75,75,75,75,75,75,75,75,75,75,80,80,80,80,80,80,80,80,80,80,80,80],"card_choices":[{"not_picked":["Beam Cell","Blizzard"],"picked":"Go for the Eyes","floor":1},{"not_picked":["Hologram","Redo"],"picked":"Rebound","floor":2},{"not_picked":["Streamline","Gash"],"picked":"Cold Snap","floor":4},{"not_picked":["Beam Cell","Lockon"],"picked":"Compile Driver","floor":6},{"not_picked":["Machine Learning","Redo"],"picked":"Darkness","floor":8},{"not_picked":["Cold Snap","Conserve Battery"],"picked":"Hologram","floor":11},{"not_picked":["Streamline","Beam Cell"],"picked":"Leap","floor":12},{"not_picked":["Compile Driver","Meteor Strike"],"picked":"Defragment","floor":14},{"not_picked":["Seek","Hyperbeam"],"picked":"Electrodynamics","floor":16},{"not_picked":["Go for the Eyes","Beam Cell"],"picked":"BootSequence+1","floor":18},{"not_picked":["Sweeping Beam","Compile Driver+1"],"picked":"Steam Power","floor":20},{"not_picked":["Ball Lightning+1","Compile Driver"],"picked":"Gash","floor":24},{"not_picked":["FTL","Streamline+1"],"picked":"Conserve Battery","floor":25},{"not_picked":["Leap","Hello World","Cold Snap"],"picked":"SKIP","floor":27},{"not_picked":["Self Repair+1","Gash"],"picked":"Steam","floor":31}],"player_experience":643903,"relics_obtained":[{"floor":6,"key":"Sundial"},{"floor":8,"key":"Shuriken"},{"floor":9,"key":"Mercury Hourglass"},{"floor":11,"key":"Nunchaku"},{"floor":14,"key":"Cables"},{"floor":24,"key":"Torii"},{"floor":24,"key":"Symbiotic Virus"},{"floor":25,"key":"Matryoshka"},{"floor":26,"key":"Happy Flower"},{"floor":26,"key":"Unceasing Top"}],"event_choices":[{"damage_healed":0,"gold_gain":0,"player_choice":"Ignored","damage_taken":0,"max_hp_gain":0,"max_hp_loss":0,"event_name":"Liars Game","floor":3,"gold_loss":0},{"cards_removed":["Strike_B"],"damage_healed":0,"gold_gain":0,"player_choice":"Card Removal","damage_taken":0,"max_hp_gain":0,"max_hp_loss":0,"event_name":"The Cleric","floor":5,"gold_loss":50},{"damage_healed":0,"gold_gain":0,"player_choice":"Ignored","damage_taken":0,"max_hp_gain":0,"max_hp_loss":0,"event_name":"Ghosts","floor":19,"gold_loss":0},{"damage_healed":0,"gold_gain":0,"player_choice":"Shed Blood","damage_taken":19,"max_hp_gain":5,"max_hp_loss":0,"event_name":"Forgotten Altar","floor":22,"gold_loss":0},{"damage_healed":0,"gold_gain":0,"player_choice":"Fight","damage_taken":0,"max_hp_gain":0,"max_hp_loss":0,"event_name":"Colosseum","floor":24,"gold_loss":0},{"damage_healed":0,"gold_gain":0,"player_choice":"Fought Nobs","damage_taken":0,"max_hp_gain":0,"max_hp_loss":0,"event_name":"Colosseum","floor":24,"gold_loss":0},{"damage_healed":0,"gold_gain":0,"player_choice":"Read","damage_taken":0,"max_hp_gain":0,"max_hp_loss":0,"event_name":"The Library","floor":30,"gold_loss":0,"cards_obtained":["Creative AI"]}],"is_beta":false,"boss_relics":[{"not_picked":["Pandora\u0027s Box","Sozu"],"picked":"Inserter"}],"items_purged_floors":[10,21],"is_endless":false,"potions_floor_spawned":[1,2,11,18,27,31],"killed_by":"Collector","ascension_level":5}