{"gold_per_floor":[109,124,299,312,282,282,40,52,75,75,95,105,133,133,133,256,256,274,274,163,178,198,198,148,180,232,257,257,287,287,297,297,400,400,410,156,256,271,271,271,4,4,4,16,36,36,36,46,46,46],"floor_reached":51,"playtime":3062,"items_purged":["Doubt","Perfected Strike","Strike_R"],"score":1008,"play_id":"6f12875a-a889-464e-ba3b-985a3e93a6d5","local_time":"20181107024538","is_ascension_mode":true,"campfire_choices":[{"data":"Inflame","floor":6,"key":"SMITH"},{"data":"Apotheosis","floor":10,"key":"SMITH"},{"floor":15,"key":"REST"},{"floor":23,"key":"REST"},{"floor":28,"key":"REST"},{"floor":30,"key":"REST"},{"floor":32,"key":"REST"},{"data":"Limit Break","floor":40,"key":"SMITH"},{"data":"Metallicize","floor":42,"key":"SMITH"},{"floor":46,"key":"REST"},{"floor":49,"key":"REST"}],"neow_cost":"NONE","seed_source_timestamp":10180090141753,"circlet_count":0,"master_deck":["AscendersBane","Strike_R","Strike_R","Strike_R","Strike_R","Defend_R","Defend_R","Defend_R","Defend_R","Bash","Inflame+1","Sword Boomerang","Apotheosis+1","Uppercut","Spot Weakness","Rage","Limit Break","Sword Boomerang+1","Flame Barrier","Metallicize+1","Power Through+1","True Grit+1","Flame Barrier+1","Limit Break+1","Whirlwind","Offering","Twin Strike+1","Corruption","Impervious","Parasite"],"relics":["Black Blood","PreservedInsect","Ancient Tea Set","Bloody Idol","Runic Dome","Kunai","Blood Vial","Mummified Hand","Strawberry","Anchor","Calipers","Self Forming Clay"],"potions_floor_usage":[2,4,12,25,35,37,44,45,45,45,50,50],"damage_taken":[{"damage":1,"enemies":"Cultist","floor":1,"turns":3},{"damage":10,"enemies":"2 Louse","floor":2,"turns":3},{"damage":3,"enemies":"Jaw Worm","floor":4,"turns":4},{"damage":12,"enemies":"3 Louse","floor":8,"turns":3},{"damage":3,"enemies":"Looter","floor":11,"turns":3},{"damage":14,"enemies":"Red Slaver","floor":12,"turns":3},{"damage":18,"enemies":"Gremlin Nob","floor":13,"turns":3},{"damage":43,"enemies":"The Guardian","floor":16,"turns":6},{"damage":33,"enemies":"2 Thieves","floor":18,"turns":4},{"damage":20,"enemies":"3 Byrds","floor":21,"turns":5},{"damage":8,"enemies":"Snake Plant","floor":22,"turns":4},{"damage":37,"enemies":"Gremlin Leader","floor":25,"turns":5},{"damage":23,"enemies":"Book of Stabbing","floor":27,"turns":5},{"damage":38,"enemies":"Slavers","floor":29,"turns":4},{"damage":12,"enemies":"Cultist and Chosen","floor":31,"turns":6},{"damage":23,"enemies":"Champ","floor":33,"turns":11},{"damage":30,"enemies":"3 Darklings","floor":35,"turns":4},{"damage":6,"enemies":"Mind Bloom Boss Battle","floor":37,"turns":7},{"damage":8,"enemies":"Orb Walker","floor":38,"turns":2},{"damage":6,"enemies":"Writhing Mass","floor":44,"turns":5},{"damage":102,"enemies":"4 Shapes","floor":45,"turns":16},{"damage":29,"enemies":"Maw","floor":48,"turns":6},{"damage":52,"enemies":"Awakened One","floor":50,"turns":10}],"seed_played":"-2758733698984148032","potions_obtained":[{"floor":0,"key":"GamblersBrew"},{"floor":0,"key":"GamblersBrew"},{"floor":0,"key":"Weak Potion"},{"floor":1,"key":"PowerPotion"},{"floor":5,"key":"EntropicBrew"},{"floor":5,"key":"SpeedPotion"},{"floor":11,"key":"Regen Potion"},{"floor":12,"key":"FearPotion"},{"floor":21,"key":"Regen Potion"},{"floor":22,"key":"FairyPotion"},{"floor":33,"key":"AttackPotion"},{"floor":35,"key":"Fire Potion"},{"floor":38,"key":"PowerPotion"},{"floor":44,"key":"Strength Potion"}],"is_trial":false,"path_per_floor":["M","M","?","M","?","R","$","M","T","R","M","M","E","?","R","B",null,"M","?","$","M","M","R","?","E","T","E","R","E","R","M","R","B",null,"M","$","?","M","?","R","$","R","T","M","M","R","?","M","R","B",null],"character_chosen":"IRONCLAD","items_purchased":["Apotheosis","Flame Barrier","Metallicize","Anchor","Corruption","Impervious"],"campfire_rested":7,"item_purchase_floors":[7,20,20,36,41,41],"current_hp_per_floor":[77,73,73,76,76,76,76,70,70,70,73,74,62,42,66,29,67,40,40,40,31,34,58,58,46,51,41,65,47,73,74,87,75,84,71,71,82,87,83,83,83,83,83,83,16,40,40,28,52,12],"gold":46,"neow_bonus":"THREE_SMALL_POTIONS","is_prod":false,"is_daily":false,"chose_seed":false,"campfire_upgraded":4,"win_rate":0,"timestamp":1541555138,"path_taken":["M","M","?","M","?","R","$","M","T","R","M","?","E","?","R","BOSS","M","?","$","M","M","R","?","E","T","E","R","E","R","M","R","BOSS","M","$","?","M","?","R","$","R","T","M","M","R","?","M","R","BOSS"],"build_version":"2018-11-01","purchased_purges":3,"victory":true,"max_hp_per_floor":[80,80,80,80,80,80,80,80,80,80,80,80,80,80,80,80,80,80,80,80,80,80,80,80,80,80,80,80,87,87,87,87,87,87,87,87,87,87,83,83,83,83,83,83,83,83,83,83,83,83],"card_choices":[{"not_picked":["Rage","Warcry"],"picked":"Perfected Strike","floor":1},{"not_picked":["Pommel Strike","Shrug It Off"],"picked":"Inflame","floor":2},{"not_picked":["Twin Strike","Bloodletting"],"picked":"Sword Boomerang","floor":4},{"not_picked":["Clash","Body Slam","Thunderclap"],"picked":"SKIP","floor":8},{"not_picked":["Spot Weakness","Armaments"],"picked":"Uppercut","floor":11},{"not_picked":["Thunderclap","Iron Wave"],"picked":"Spot Weakness","floor":12},{"not_picked":["Double Tap","Carnage"],"picked":"Rage","floor":13},{"not_picked":["Fiend Fire","Barricade"],"picked":"Limit Break","floor":16},{"not_picked":["Twin Strike+1","Pommel Strike"],"picked":"Sword Boomerang+1","floor":18},{"not_picked":["Thunderclap","Disarm"],"picked":"Power Through+1","floor":21},{"not_picked":["Cleave+1","Pommel Strike+1"],"picked":"True Grit+1","floor":22},{"not_picked":["Dark Embrace","True Grit"],"picked":"Flame Barrier+1","floor":25},{"not_picked":["Dropkick","Twin Strike"],"picked":"Limit Break","floor":27},{"not_picked":["Anger+1","Power Through+1","Intimidate"],"picked":"SKIP","floor":29},{"not_picked":["Flex","Sentinel"],"picked":"Whirlwind","floor":31},{"not_picked":["Fiend Fire","Berserk"],"picked":"Offering","floor":33},{"not_picked":["Anger+1","Armaments+1"],"picked":"Twin Strike+1","floor":35},{"not_picked":["Twin Strike","Berserk","Anger"],"picked":"SKIP","floor":38},{"not_picked":["Spot Weakness","Clothesline+1","Hemokinesis"],"picked":"SKIP","floor":44},{"not_picked":["Flame Barrier","Entrench+1","Warcry+1"],"picked":"SKIP","floor":45},{"not_picked":["Headbutt","Rupture","Wild Strike"],"picked":"SKIP","floor":48}],"player_experience":234831,"relics_obtained":[{"floor":9,"key":"PreservedInsect"},{"floor":13,"key":"Ancient Tea Set"},{"floor":25,"key":"Kunai"},{"floor":26,"key":"Blood Vial"},{"floor":27,"key":"Mummified Hand"},{"floor":29,"key":"Strawberry"},{"floor":37,"key":"Calipers"},{"floor":43,"key":"Self Forming Clay"}],"event_choices":[{"damage_healed":0,"gold_gain":175,"player_choice":"AGREE","damage_taken":0,"max_hp_gain":0,"max_hp_loss":0,"event_name":"Liars Game","floor":3,"gold_loss":0,"cards_obtained":["Doubt"]},{"damage_healed":0,"gold_gain":0,"player_choice":"Bought 2 Potions","damage_taken":0,"max_hp_gain":0,"max_hp_loss":0,"event_name":"The Woman in Blue","floor":5,"gold_loss":0},{"damage_healed":0,"gold_gain":0,"player_choice":"Take Damage","damage_taken":20,"relics_obtained":["Golden Idol"],"max_hp_gain":0,"max_hp_loss":0,"event_name":"Golden Idol","floor":14,"gold_loss":0},{"damage_healed":0,"gold_gain":0,"player_choice":"Gave Idol","damage_taken":0,"relics_obtained":["Bloody Idol"],"max_hp_gain":0,"max_hp_loss":0,"event_name":"Forgotten Altar","floor":19,"relics_lost":["Golden Idol"],"gold_loss":0},{"damage_healed":0,"gold_gain":0,"player_choice":"Bet on Murderer","damage_taken":0,"max_hp_gain":0,"max_hp_loss":0,"event_name":"The Joust","floor":24,"gold_loss":50},{"damage_healed":0,"gold_gain":0,"player_choice":"Fight","damage_taken":0,"max_hp_gain":0,"max_hp_loss":0,"event_name":"MindBloom","floor":37,"gold_loss":0},{"damage_healed":0,"gold_gain":0,"player_choice":"Max HP","damage_taken":0,"max_hp_gain":0,"max_hp_loss":4,"event_name":"Winding Halls","floor":39,"gold_loss":0},{"damage_healed":0,"gold_gain":0,"player_choice":"Memory 1","damage_taken":0,"max_hp_gain":0,"max_hp_loss":0,"event_name":"SensoryStone","floor":47,"gold_loss":0}],"is_beta":false,"boss_relics":[{"not_picked":["Coffee Dripper","Empty Cage"],"picked":"Runic Dome"},{"not_picked":["Astrolabe","Pandora\u0027s Box"],"picked":"Black Blood"}],"items_purged_floors":[7,36,41],"is_endless":false,"potions_floor_spawned":[1,11,12,16,18,21,22,31,33,35,38,44],"ascension_level":10}