{"path_per_floor":["M","?","M","M","?","R","M","R","T","$","R","M","?","?","R","B",null,"M","?","M","?"],"character_chosen":"THE_SILENT","items_purchased":["Lantern"],"gold_per_floor":[110,110,122,141,141,141,155,155,179,26,26,41,6,6,6,109,109,121,121,132,132,132],"floor_reached":22,"campfire_rested":1,"playtime":1316,"item_purchase_floors":[10],"current_hp_per_floor":[58,44,42,41,41,62,57,57,57,57,57,52,69,74,74,24,77,56,56,30,15,1],"items_purged":[],"gold":132,"score":183,"play_id":"4aa6ae94-3192-4147-a521-f2f4f18e69fa","local_time":"20180601022750","is_prod":false,"is_daily":false,"chose_seed":false,"is_ascension_mode":true,"campfire_upgraded":3,"win_rate":0,"timestamp":1527834470,"campfire_choices":[{"floor":6,"key":"REST"},{"data":"Infinite Blades","floor":8,"key":"SMITH"},{"data":"Finisher","floor":11,"key":"SMITH"},{"data":"Neutralize","floor":15,"key":"SMITH"}],"path_taken":["M","?","M","?","?","R","M","R","T","?","R","M","?","?","R","BOSS","M","?","?","?","M"],"build_version":"2018-05-31","seed_source_timestamp":40163964537996,"purchased_purges":0,"victory":false,"master_deck":["Defend_G","Defend_G","Defend_G","Defend_G","Defend_G","Strike_G+1","Strike_G","Strike_G+1","Strike_G","Strike_G","Survivor","Neutralize+1","Finisher+1","Slice","Leg Sweep","Infinite Blades+1","Dodge and Roll","Unload","Choke","Cloak And Dagger","Terror","Finisher","A Thousand Cuts"],"max_hp_per_floor":[70,70,70,70,70,70,70,70,70,70,70,70,70,75,75,75,77,77,77,79,84,84],"relics":["Ring of the Snake","Singing Bowl","Lantern","Orrery","Dream Catcher"],"card_choices":[{"not_picked":["Backflip","Cloak And Dagger"],"picked":"Finisher","floor":1},{"not_picked":["Backflip","Predator"],"picked":"Slice","floor":3},{"not_picked":["Deflect","PiercingWail"],"picked":"Leg Sweep","floor":4},{"not_picked":["Choke","Flechettes"],"picked":"Infinite Blades","floor":7},{"not_picked":["Flying Knee","Catalyst"],"picked":"Dodge and Roll","floor":12},{"not_picked":["Wraith Form v2","Die Die Die"],"picked":"Unload","floor":16},{"not_picked":["Prepared","Poisoned Stab"],"picked":"Choke","floor":17},{"not_picked":["Predator","Deflect"],"picked":"Cloak And Dagger","floor":17},{"not_picked":["Bane","Slice"],"picked":"Terror","floor":17},{"not_picked":["Cloak And Dagger","Predator"],"picked":"Finisher","floor":17},{"not_picked":["Poisoned Stab","Dagger Throw","Dodge and Roll"],"picked":"Singing Bowl","floor":17},{"not_picked":["Choke+1","Dodge and Roll+1"],"picked":"A Thousand Cuts","floor":18},{"not_picked":["Quick Slash+1","Dagger Throw","Dodge and Roll"],"picked":"Singing Bowl","floor":20}],"player_experience":353142,"potions_floor_usage":[16,18],"damage_taken":[{"damage":12,"enemies":"Jaw Worm","floor":1,"turns":5},{"damage":2,"enemies":"Small Slimes","floor":3,"turns":2},{"damage":1,"enemies":"Cultist","floor":4,"turns":3},{"damage":5,"enemies":"Large Slime","floor":7,"turns":7},{"damage":5,"enemies":"3 Louse","floor":12,"turns":3},{"damage":50,"enemies":"Hexaghost","floor":16,"turns":13},{"damage":21,"enemies":"Chosen","floor":18,"turns":5},{"damage":28,"enemies":"2 Thieves","floor":20,"turns":4},{"damage":14,"enemies":"Centurion and Healer","floor":22,"turns":2}],"relics_obtained":[{"floor":9,"key":"Singing Bowl"}],"event_choices":[{"event_name":"Shining Light","player_choice":"Entered Light","floor":2,"damage_taken":0},{"event_name":"Liars Game","player_choice":"disagreed","floor":5,"damage_taken":0},{"event_name":"The Cleric","player_choice":"Healed","floor":13,"damage_taken":0},{"event_name":"Big Fish","player_choice":"Donut","floor":14,"damage_taken":0},{"event_name":"Wheel of Change","player_choice":"Relic","floor":19,"damage_taken":0},{"event_name":"Forgotten Altar","player_choice":"Shed Blood","floor":21,"damage_taken":0}],"boss_relics":[{"not_picked":["Philosopher\u0027s Stone","Astrolabe"],"picked":"Orrery"}],"items_purged_floors":[],"potions_floor_spawned":[1,3,16],"seed_played":"1900616580520653334","killed_by":"Centurion and Healer","ascension_level":1,"potions_obtained":[{"floor":1,"key":"FairyPotion"},{"floor":3,"key":"SteroidPotion"},{"floor":16,"key":"Block Potion"}],"is_trial":false}