{"gold_per_floor":[118,64,76,86,86,118,118,146,224,243,219,66,66,78,78,175,175,195,207,207,86,100,125,125,125,148,148,175,175,191,210,210,315,315,330,330,1329,1345,442,442,476,476,476,154,154,169,185,205,205,205],"floor_reached":51,"playtime":2903,"items_purged":["Parasite","Normality","Normality"],"score":894,"play_id":"43b6d258-09f1-46ec-bd90-8d1cc30436e4","local_time":"20181130212212","is_ascension_mode":true,"campfire_choices":[{"floor":7,"key":"REST"},{"data":"Defragment","floor":15,"key":"SMITH"},{"floor":25,"key":"REST"},{"floor":27,"key":"REST"},{"floor":32,"key":"REST"},{"floor":40,"key":"REST"},{"floor":49,"key":"REST"}],"neow_cost":"NONE","seed_source_timestamp":30271735731963,"circlet_count":0,"master_deck":["Strike_B+1","Strike_B+1","Strike_B+1","Defend_B+1","Defend_B+1","Defend_B+1","Defend_B+1","Zap+1","Dualcast","Ball Lightning","Sweeping Beam","Rebound","Defragment+1","Leap","Conserve Battery","Loop","Hologram","Biased Cognition","Chill","Go for the Eyes+1","Capacitor+1","Gash+1","Hologram","Buffer","Conserve Battery","Sweeping Beam","FTL","Coolheaded","Self Repair","Defragment+1","Master of Strategy","Coolheaded","Thunder Strike","Parasite"],"relics":["Cracked Core","StoneCalendar","Pen Nib","Art of War","Whetstone","Shuriken","Philosopher\u0027s Stone","Nunchaku","Regal Pillow","Girya","Cursed Key","Emotion Chip","Happy Flower","Strawberry"],"potions_floor_usage":[8,22,23,23,33,41,48,50,50],"damage_taken":[{"damage":0,"enemies":"2 Louse","floor":1,"turns":2},{"damage":0,"enemies":"Cultist","floor":3,"turns":2},{"damage":0,"enemies":"Small Slimes","floor":4,"turns":2},{"damage":27,"enemies":"Gremlin Nob","floor":6,"turns":4},{"damage":10,"enemies":"Lagavulin","floor":8,"turns":5},{"damage":7,"enemies":"3 Louse","floor":10,"turns":2},{"damage":0,"enemies":"Exordium Wildlife","floor":14,"turns":2},{"damage":10,"enemies":"The Guardian","floor":16,"turns":9},{"damage":9,"enemies":"Chosen","floor":18,"turns":4},{"damage":3,"enemies":"Spheric Guardian","floor":19,"turns":3},{"damage":11,"enemies":"Snake Plant","floor":22,"turns":4},{"damage":16,"enemies":"Book of Stabbing","floor":23,"turns":5},{"damage":7,"enemies":"Gremlin Leader","floor":28,"turns":6},{"damage":15,"enemies":"Snecko","floor":30,"turns":4},{"damage":5,"enemies":"Centurion and Healer","floor":31,"turns":6},{"damage":15,"enemies":"Automaton","floor":33,"turns":9},{"damage":25,"enemies":"3 Shapes","floor":35,"turns":3},{"damage":18,"enemies":"Orb Walker","floor":38,"turns":5},{"damage":17,"enemies":"Nemesis","floor":41,"turns":6},{"damage":12,"enemies":"Maw","floor":46,"turns":7},{"damage":17,"enemies":"Spire Growth","floor":47,"turns":6},{"damage":11,"enemies":"Writhing Mass","floor":48,"turns":7},{"damage":51,"enemies":"Donu and Deca","floor":50,"turns":10}],"seed_played":"3846566688292364710","potions_obtained":[{"floor":3,"key":"SpeedPotion"},{"floor":8,"key":"SteroidPotion"},{"floor":14,"key":"SteroidPotion"},{"floor":16,"key":"FocusPotion"},{"floor":19,"key":"SkillPotion"},{"floor":22,"key":"Ancient Potion"},{"floor":38,"key":"FearPotion"},{"floor":47,"key":"Regen Potion"}],"is_trial":false,"path_per_floor":["M","?","M","M","?","E","R","E","T","M","?","$","?","M","R","B",null,"M","M","?","$","M","E","?","R","T","R","E","?","M","M","R","B",null,"M","?","?","M","$","R","E","?","T","$","?","M","M","M","R","B",null],"character_chosen":"DEFECT","items_purchased":["Loop","LiquidBronze","Go for the Eyes","Ancient Potion","Ancient Potion","FTL","Emotion Chip","Coolheaded","Happy Flower","Self Repair","Master of Strategy"],"campfire_rested":6,"item_purchase_floors":[12,12,21,39,39,39,39,39,39,39,44],"current_hp_per_floor":[75,75,75,75,50,23,45,35,35,28,28,28,46,46,46,36,65,56,53,53,53,42,26,26,47,47,72,65,65,50,45,72,57,68,43,43,43,25,25,61,58,58,58,58,58,53,43,39,75,41],"gold":205,"neow_bonus":"UPGRADE_CARD","is_prod":false,"is_daily":false,"chose_seed":false,"campfire_upgraded":1,"win_rate":0,"timestamp":1543609332,"path_taken":["M","?","?","M","?","E","R","E","T","M","?","$","?","?","R","BOSS","M","M","?","$","M","E","?","R","T","R","E","?","M","?","R","BOSS","M","?","?","M","$","R","E","?","T","$","?","M","M","M","R","BOSS"],"build_version":"2018-11-15","purchased_purges":3,"victory":true,"max_hp_per_floor":[75,75,75,75,75,75,75,75,75,75,75,75,75,75,75,75,75,75,75,75,72,72,72,72,72,72,72,72,72,72,72,72,72,72,72,72,72,72,72,72,79,75,75,75,75,75,75,75,75,75],"card_choices":[{"not_picked":["Barrage","Darkness"],"picked":"Ball Lightning","floor":1},{"not_picked":["Compile Driver","Force Field"],"picked":"Sweeping Beam","floor":3},{"not_picked":["Cold Snap","Stack"],"picked":"Rebound","floor":4},{"not_picked":["Streamline","Rainbow"],"picked":"Defragment","floor":6},{"not_picked":["Sweeping Beam","Tempest"],"picked":"Leap","floor":8},{"not_picked":["Double Energy","Hologram"],"picked":"Conserve Battery","floor":10},{"not_picked":["Leap","Steam"],"picked":"Hologram","floor":14},{"not_picked":["Multi-Cast","Thunder Strike"],"picked":"Biased Cognition","floor":16},{"not_picked":["Turbo","Darkness","Gash+1"],"picked":"SKIP","floor":18},{"not_picked":["Barrage","Consume+1"],"picked":"Chill","floor":19},{"not_picked":["Steam Power","Stack","Double Energy"],"picked":"SKIP","floor":22},{"not_picked":["Auto Shields","Beam Cell"],"picked":"Capacitor+1","floor":23},{"not_picked":["Redo","Barrage"],"picked":"Gash+1","floor":28},{"not_picked":["Steam Power","Beam Cell"],"picked":"Hologram","floor":30},{"not_picked":["Turbo+1","Rainbow","Skim"],"picked":"SKIP","floor":31},{"not_picked":["Hyperbeam","Thunder Strike"],"picked":"Buffer","floor":33},{"not_picked":["White Noise","Sunder+1"],"picked":"Conserve Battery","floor":35},{"not_picked":["Redo","Hologram"],"picked":"Sweeping Beam","floor":38},{"not_picked":["Conserve Battery","Steam+1"],"picked":"Defragment+1","floor":41},{"not_picked":["Steam","Auto Shields+1"],"picked":"Coolheaded","floor":46},{"not_picked":["Chaos","Rebound"],"picked":"Thunder Strike","floor":47},{"not_picked":["Go for the Eyes","Reprogram","Lockon"],"picked":"SKIP","floor":48}],"player_experience":290778,"relics_obtained":[{"floor":6,"key":"Art of War"},{"floor":8,"key":"Whetstone"},{"floor":9,"key":"Shuriken"},{"floor":23,"key":"Nunchaku"},{"floor":26,"key":"Regal Pillow"},{"floor":28,"key":"Girya"},{"floor":41,"key":"Strawberry"}],"event_choices":[{"damage_healed":0,"gold_gain":0,"player_choice":"Paid Gold","damage_taken":0,"relics_obtained":["StoneCalendar"],"max_hp_gain":0,"max_hp_loss":0,"event_name":"WeMeetAgain","floor":2,"gold_loss":54},{"damage_healed":0,"gold_gain":0,"player_choice":"Success","damage_taken":25,"relics_obtained":["Pen Nib"],"max_hp_gain":0,"max_hp_loss":0,"event_name":"Scrap Ooze","floor":5,"gold_loss":0},{"damage_healed":0,"gold_gain":0,"player_choice":"Left Gold","damage_taken":0,"max_hp_gain":0,"max_hp_loss":0,"event_name":"World of Goop","floor":11,"gold_loss":24},{"damage_healed":18,"gold_gain":0,"player_choice":"Healed and dodged fight","damage_taken":0,"max_hp_gain":0,"max_hp_loss":0,"event_name":"Mushrooms","floor":13,"gold_loss":0,"cards_obtained":["Parasite"]},{"damage_healed":0,"gold_gain":0,"player_choice":"Simplicity","damage_taken":0,"max_hp_gain":0,"max_hp_loss":0,"event_name":"Back to Basics","floor":20,"gold_loss":0,"cards_upgraded":["Strike_B","Strike_B","Defend_B","Defend_B","Defend_B","Defend_B"]},{"damage_healed":0,"gold_gain":0,"player_choice":"Ignored","damage_taken":0,"max_hp_gain":0,"max_hp_loss":0,"event_name":"Vampires","floor":24,"gold_loss":0},{"damage_healed":0,"gold_gain":0,"player_choice":"Forge","damage_taken":0,"max_hp_gain":0,"max_hp_loss":0,"event_name":"Accursed Blacksmith","floor":29,"gold_loss":0,"cards_upgraded":["Go for the Eyes"]},{"damage_healed":0,"gold_gain":0,"player_choice":"Ignored","damage_taken":0,"max_hp_gain":0,"max_hp_loss":0,"event_name":"Mysterious Sphere","floor":36,"gold_loss":0},{"damage_healed":0,"gold_gain":999,"player_choice":"Gold","damage_taken":0,"max_hp_gain":0,"max_hp_loss":0,"event_name":"MindBloom","floor":37,"gold_loss":0,"cards_obtained":["Normality","Normality"]},{"damage_healed":0,"gold_gain":0,"player_choice":"Max HP","damage_taken":0,"max_hp_gain":0,"max_hp_loss":4,"event_name":"Winding Halls","floor":42,"gold_loss":0},{"cards_removed":["Strike_B"],"damage_healed":0,"gold_gain":0,"player_choice":"Removed Attack","damage_taken":0,"max_hp_gain":0,"max_hp_loss":0,"event_name":"Falling","floor":45,"gold_loss":0}],"is_beta":false,"boss_relics":[{"not_picked":["Coffee Dripper","Fusion Hammer"],"picked":"Philosopher\u0027s Stone"},{"not_picked":["White Beast Statue","Orrery"],"picked":"Cursed Key"}],"items_purged_floors":[21,39,44],"is_endless":false,"potions_floor_spawned":[3,8,14,16,19,22,38,47],"ascension_level":5}