{"gold_per_floor":[114,114,114,124,200,226,226,245,245,245,245,260,260,260,260,357,407,422,220,220,230,230,230,145,159,159,58,8,8,26,37,37,37],"floor_reached":33,"playtime":3420,"items_purged":["Defend_R","Defend_R","Defend_R"],"score":345,"play_id":"a48615ff-f950-4bb5-bd76-7b9855e7c480","local_time":"20180724220945","is_ascension_mode":false,"campfire_choices":[{"data":"Bash","floor":7,"key":"SMITH"},{"data":"Strike_R","floor":11,"key":"SMITH"},{"data":"Perfected Strike","floor":13,"key":"SMITH"},{"floor":15,"key":"REST"},{"floor":23,"key":"REST"},{"data":"Iron Wave","floor":32,"key":"SMITH"}],"neow_cost":"NONE","seed_source_timestamp":965202436242883,"circlet_count":0,"master_deck":["Strike_R","Strike_R","Strike_R","Strike_R+1","Strike_R","Defend_R+1","Bash+1","Perfected Strike+1","Anger","Infernal Blade","Headbutt","Perfected Strike+1","Cleave","Offering","Carnage","Iron Wave+1","Rupture","Shrug It Off","Pain","Limit Break","Pommel Strike","Rage","Iron Wave+1","Armaments","Clothesline","Iron Wave"],"relics":["Burning Blood","NeowsBlessing","Letter Opener","Pear","Ornamental Fan","Dream Catcher","Tiny House","Boot","Smiling Mask"],"potions_floor_usage":[16,22,25,33,33,33],"damage_taken":[{"damage":0,"enemies":"Jaw Worm","floor":1,"turns":1},{"damage":0,"enemies":"Small Slimes","floor":4,"turns":1},{"damage":0,"enemies":"Gremlin Nob","floor":6,"turns":1},{"damage":2,"enemies":"2 Louse","floor":8,"turns":3},{"damage":4,"enemies":"Blue Slaver","floor":12,"turns":3},{"damage":0,"enemies":"Slime Boss","floor":16,"turns":5},{"damage":21,"enemies":"3 Byrds","floor":18,"turns":6},{"damage":22,"enemies":"Spheric Guardian","floor":21,"turns":4},{"damage":0,"enemies":"Snake Plant","floor":22,"turns":1},{"damage":5,"enemies":"Snecko","floor":25,"turns":5},{"damage":14,"enemies":"Sentry and Sphere","floor":30,"turns":5},{"damage":0,"enemies":"Snake Plant","floor":31,"turns":3},{"damage":95,"enemies":"Collector","floor":33,"turns":13}],"seed_played":"8851412790920981325","potions_obtained":[{"floor":4,"key":"BloodPotion"},{"floor":6,"key":"LiquidBronze"},{"floor":12,"key":"GamblersBrew"},{"floor":16,"key":"GamblersBrew"},{"floor":17,"key":"Weak Potion"},{"floor":18,"key":"SmokeBomb"},{"floor":25,"key":"LiquidBronze"},{"floor":30,"key":"EssenceOfSteel"}],"is_trial":false,"path_per_floor":["M","?","?","M","T","E","R","M","T","?","R","M","R","?","R","B",null,"M","$","?","M","M","R","?","M","T","$","$","?","M","M","R"],"character_chosen":"IRONCLAD","items_purchased":["Rupture","Shrug It Off","Armaments"],"campfire_rested":2,"item_purchase_floors":[19,19,27],"current_hp_per_floor":[80,80,80,80,80,90,90,90,90,90,90,90,90,78,90,90,95,80,80,80,64,70,95,95,95,95,95,95,95,87,93,93,0],"gold":37,"neow_bonus":"THREE_ENEMY_KILL","is_prod":false,"is_daily":false,"chose_seed":false,"campfire_upgraded":4,"win_rate":0,"timestamp":1532462985,"path_taken":["M","?","?","M","?","E","R","M","T","?","R","M","R","?","R","BOSS","M","?","?","?","M","R","?","M","T","?","$","?","M","M","R","BOSS"],"build_version":"2018-07-19v2","purchased_purges":3,"victory":false,"max_hp_per_floor":[80,80,80,80,80,90,90,90,90,90,90,90,90,90,90,90,95,95,95,95,95,95,95,95,95,95,95,95,95,95,95,95,95],"card_choices":[{"not_picked":["Twin Strike","Shockwave"],"picked":"Perfected Strike","floor":1},{"not_picked":["Power Through","Heavy Blade"],"picked":"Anger","floor":4},{"not_picked":["Clothesline","Berserk"],"picked":"Infernal Blade","floor":6},{"not_picked":["Second Wind","Infernal Blade"],"picked":"Headbutt","floor":8},{"not_picked":["Pommel Strike","Shrug It Off"],"picked":"Perfected Strike","floor":12},{"not_picked":["Pummel","Flex"],"picked":"Cleave","floor":15},{"not_picked":["Dark Embrace","Brutality"],"picked":"Offering","floor":16},{"not_picked":["Armaments","Twin Strike"],"picked":"Carnage","floor":17},{"not_picked":["Cleave","Clothesline"],"picked":"Iron Wave","floor":18},{"not_picked":["Warcry","Brutality"],"picked":"Pommel Strike","floor":21},{"not_picked":["Uppercut+1","Disarm"],"picked":"Rage","floor":23},{"not_picked":["Clothesline","Carnage"],"picked":"Iron Wave+1","floor":25},{"not_picked":["Dual Wield","Cleave"],"picked":"Clothesline","floor":30},{"not_picked":["True Grit","Cleave"],"picked":"Iron Wave","floor":31}],"player_experience":18616,"relics_obtained":[{"floor":5,"key":"Letter Opener"},{"floor":6,"key":"Pear"},{"floor":9,"key":"Ornamental Fan"},{"floor":26,"key":"Smiling Mask"}],"event_choices":[{"event_name":"Liars Game","player_choice":"disagreed","floor":2,"damage_taken":0},{"event_name":"Living Wall","player_choice":"Grow","floor":3,"damage_taken":0},{"event_name":"Dead Adventurer","player_choice":"Searched \u00270\u0027 times","floor":10,"damage_taken":0},{"event_name":"Scrap Ooze","player_choice":"success","floor":14,"damage_taken":12},{"event_name":"Match and Keep!","player_choice":"2 cards matched","floor":20,"damage_taken":0},{"event_name":"Addict","player_choice":"Obtained Relic","floor":24,"damage_taken":0},{"event_name":"Vampires","player_choice":"Ignored","floor":29,"damage_taken":0}],"is_beta":false,"boss_relics":[{"not_picked":["Coffee Dripper","Snecko Eye"],"picked":"Tiny House"}],"items_purged_floors":[19,27,28],"is_endless":false,"potions_floor_spawned":[4,6,12,16,18,25,30],"killed_by":"Collector","ascension_level":0}