{"gold_per_floor":[118,118,15,15,33,33,33,51,81,96,171,189,74,92,92,213,213,231,12,30,54,54],"floor_reached":22,"playtime":986,"items_purged":["Strike_G","Strike_G"],"score":240,"play_id":"1b31e47f-bb3a-4347-a955-7a6b0bd2488d","local_time":"20190105195448","is_ascension_mode":true,"campfire_choices":[{"data":"Neutralize","floor":6,"key":"SMITH"},{"floor":15,"key":"REST"}],"neow_cost":"NONE","seed_source_timestamp":329594334047849,"circlet_count":0,"master_deck":["Defend_G","Defend_G","Defend_G","Defend_G+1","Defend_G","Strike_G","Strike_G","Strike_G+1","Survivor","Neutralize+1","Flechettes","Backflip","Noxious Fumes","Flechettes","Sucker Punch","Deflect","Bouncing Flask","Tactician","Dagger Spray","Burst","Bane","Footwork","Flying Knee","Deflect","Backflip"],"relics":["Ring of the Snake","Golden Idol","Tiny Chest","Cursed Key"],"potions_floor_usage":[10,10,16,21],"damage_taken":[{"damage":8,"enemies":"Small Slimes","floor":1,"turns":5},{"damage":0,"enemies":"Jaw Worm","floor":5,"turns":5},{"damage":0,"enemies":"Cultist","floor":8,"turns":4},{"damage":14,"enemies":"Lots of Slimes","floor":10,"turns":5},{"damage":5,"enemies":"2 Fungi Beasts","floor":12,"turns":4},{"damage":10,"enemies":"3 Louse","floor":14,"turns":4},{"damage":13,"enemies":"Hexaghost","floor":16,"turns":9},{"damage":2,"enemies":"3 Byrds","floor":18,"turns":5},{"damage":11,"enemies":"2 Thieves","floor":20,"turns":4},{"damage":24,"enemies":"Chosen and Byrds","floor":21,"turns":7},{"damage":28,"enemies":"Shelled Parasite and Fungi","floor":22,"turns":7}],"seed_played":"670259341738198284","potions_obtained":[{"floor":5,"key":"Dexterity Potion"},{"floor":10,"key":"Fruit Juice"},{"floor":14,"key":"SkillPotion"},{"floor":18,"key":"GhostInAJar"}],"is_trial":false,"path_per_floor":["M","?","$","?","M","R","?","M","T","M","?","M","$","M","R","B",null,"M","$","M","M","M"],"character_chosen":"THE_SILENT","items_purchased":["Noxious Fumes","Flechettes","Tactician","Footwork","Flying Knee"],"campfire_rested":1,"item_purchase_floors":[3,3,13,19,19],"current_hp_per_floor":[55,55,55,65,65,65,52,52,52,43,36,31,31,21,42,29,60,58,58,47,23,0],"gold":54,"neow_bonus":"THREE_CARDS","is_prod":false,"is_daily":false,"chose_seed":false,"campfire_upgraded":1,"win_rate":0,"timestamp":1546714488,"path_taken":["M","?","$","?","M","R","?","M","T","M","?","?","$","M","R","BOSS","M","$","M","?","M"],"build_version":"2019-01-03v4","purchased_purges":2,"victory":false,"max_hp_per_floor":[70,65,65,65,65,65,65,65,65,70,70,70,70,70,70,70,70,70,70,70,70,70],"card_choices":[{"not_picked":["Acrobatics","Slice"],"picked":"Flechettes","floor":0},{"not_picked":["Outmaneuver","Underhanded Strike"],"picked":"Backflip","floor":1},{"not_picked":["Outmaneuver","Prepared","Eviscerate"],"picked":"SKIP","floor":5},{"not_picked":["Dodge and Roll","Dagger Throw"],"picked":"Sucker Punch","floor":8},{"not_picked":["Cloak And Dagger","Catalyst"],"picked":"Deflect","floor":10},{"not_picked":["Leg Sweep","Malaise"],"picked":"Bouncing Flask","floor":12},{"not_picked":["Calculated Gamble","Endless Agony"],"picked":"Dagger Spray","floor":14},{"not_picked":["Wraith Form v2","Die Die Die"],"picked":"Burst","floor":16},{"not_picked":["Underhanded Strike","Riddle With Holes"],"picked":"Bane","floor":18},{"not_picked":["Noxious Fumes","Backstab"],"picked":"Deflect","floor":20},{"not_picked":["Reflex","PiercingWail"],"picked":"Backflip","floor":21}],"player_experience":481995,"relics_obtained":[{"floor":9,"key":"Tiny Chest"}],"event_choices":[{"damage_healed":0,"gold_gain":0,"player_choice":"Lose Max HP","damage_taken":0,"relics_obtained":["Golden Idol"],"max_hp_gain":0,"max_hp_loss":5,"event_name":"Golden Idol","floor":2,"gold_loss":0},{"damage_healed":21,"gold_gain":0,"player_choice":"Banana","damage_taken":0,"max_hp_gain":0,"max_hp_loss":0,"event_name":"Big Fish","floor":4,"gold_loss":0},{"damage_healed":0,"gold_gain":0,"player_choice":"Entered Light","damage_taken":13,"max_hp_gain":0,"max_hp_loss":0,"event_name":"Shining Light","floor":7,"gold_loss":0,"cards_upgraded":["Defend_G","Strike_G"]},{"damage_healed":0,"gold_gain":75,"player_choice":"Touch","damage_taken":7,"max_hp_gain":0,"max_hp_loss":0,"event_name":"FaceTrader","floor":11,"gold_loss":0}],"is_beta":false,"boss_relics":[{"not_picked":["Runic Pyramid","Runic Dome"],"picked":"Cursed Key"}],"items_purged_floors":[13,19],"is_endless":false,"potions_floor_spawned":[5,10,14,18],"killed_by":"Shelled Parasite and Fungi","ascension_level":7}