{"gold_per_floor":[118,118,138,138,88,123,123,123,123,155,165,180,195,40,40,143,143,127,127,127,146,146,146,146,146,146,146,172,189,63,77,77,181,181,198,216,236,5,17,43,43,76,102,102,62,80,80,80,80,80],"floor_reached":50,"playtime":3217,"items_purged":["Defend_G"],"score":684,"play_id":"4327047e-f042-49d1-99f3-fe8811b7d71b","local_time":"20181125183321","is_ascension_mode":true,"campfire_choices":[{"floor":15,"key":"REST"},{"data":"Cloak And Dagger","floor":23,"key":"SMITH"},{"data":"Blade Dance","floor":25,"key":"SMITH"},{"data":"Finisher","floor":27,"key":"SMITH"},{"floor":32,"key":"REST"},{"floor":41,"key":"REST"},{"floor":49,"key":"REST"}],"neow_cost":"NONE","seed_source_timestamp":1118452914002,"circlet_count":0,"master_deck":["Defend_G","Defend_G","Defend_G","Strike_G","Strike_G","Survivor","Neutralize","Finisher+1","Dagger Spray","Malaise","Dodge and Roll","Cloak And Dagger+1","A Thousand Cuts+1","Noxious Fumes+1","Blur","A Thousand Cuts+1","Glass Knife+1","Wraith Form v2+1","Deadly Poison+1","Blade Dance+1","Ghostly","Ghostly","Ghostly","Ghostly","Ghostly","PiercingWail","Cloak And Dagger","Finisher+1","Blade Dance+1","Die Die Die","Dagger Throw+1","Cloak And Dagger+1","Well Laid Plans+1"],"relics":["Ring of the Snake","Pear","Question Card","Letter Opener","Frozen Egg 2","Regal Pillow","Astrolabe","MutagenicStrength","Lantern","Omamori","Philosopher\u0027s Stone","Bag of Preparation","Unceasing Top","Calipers","Happy Flower"],"potions_floor_usage":[6,10,10,28,33,50,50,50],"damage_taken":[{"damage":1,"enemies":"Cultist","floor":1,"turns":3},{"damage":1,"enemies":"Jaw Worm","floor":3,"turns":4},{"damage":18,"enemies":"Gremlin Nob","floor":6,"turns":5},{"damage":16,"enemies":"3 Sentries","floor":10,"turns":7},{"damage":0,"enemies":"2 Louse","floor":11,"turns":2},{"damage":0,"enemies":"Looter","floor":12,"turns":4},{"damage":9,"enemies":"Large Slime","floor":13,"turns":8},{"damage":24,"enemies":"Hexaghost","floor":16,"turns":12},{"damage":2,"enemies":"2 Thieves","floor":18,"turns":4},{"damage":10,"enemies":"Shell Parasite","floor":21,"turns":7},{"damage":27,"enemies":"Book of Stabbing","floor":28,"turns":7},{"damage":1,"enemies":"Centurion and Healer","floor":29,"turns":6},{"damage":3,"enemies":"Chosen and Byrds","floor":31,"turns":8},{"damage":33,"enemies":"Automaton","floor":33,"turns":12},{"damage":1,"enemies":"3 Darklings","floor":35,"turns":4},{"damage":1,"enemies":"Orb Walker","floor":36,"turns":3},{"damage":0,"enemies":"Jaw Worm Horde","floor":37,"turns":4},{"damage":0,"enemies":"4 Shapes","floor":39,"turns":3},{"damage":5,"enemies":"Reptomancer","floor":40,"turns":9},{"damage":6,"enemies":"Nemesis","floor":42,"turns":7},{"damage":1,"enemies":"Transient","floor":46,"turns":5},{"damage":40,"enemies":"Time Eater","floor":50,"turns":10}],"seed_played":"-1631043042531997740","potions_obtained":[{"floor":0,"key":"SneckoOil"},{"floor":0,"key":"Weak Potion"},{"floor":0,"key":"Block Potion"},{"floor":1,"key":"Regen Potion"},{"floor":6,"key":"EssenceOfSteel"},{"floor":18,"key":"Fire Potion"},{"floor":31,"key":"SpeedPotion"},{"floor":33,"key":"SpeedPotion"},{"floor":39,"key":"Weak Potion"},{"floor":46,"key":"SteroidPotion"}],"is_trial":false,"path_per_floor":["M","?","M","?","?","E","?","T","T","E","M","M","M","$","R","B",null,"M","?","?","M","?","R","?","R","T","R","E","M","$","M","R","B",null,"M","M","M","$","M","E","R","E","T","?","?","M","?","$","R","B"],"character_chosen":"THE_SILENT","items_purchased":["Noxious Fumes+1","Blur","Cloak And Dagger","Finisher","Bag of Preparation"],"campfire_rested":4,"item_purchase_floors":[14,14,30,30,38],"current_hp_per_floor":[69,62,61,71,71,53,46,46,46,45,45,45,36,36,75,51,80,78,78,63,53,42,42,42,42,42,42,15,14,14,11,38,5,42,41,40,40,40,40,35,42,36,36,36,36,35,35,35,40,0],"gold":80,"neow_bonus":"THREE_SMALL_POTIONS","is_prod":false,"is_daily":false,"chose_seed":false,"campfire_upgraded":3,"win_rate":0,"timestamp":1543167201,"path_taken":["M","?","?","?","?","E","?","?","T","E","M","M","M","$","R","BOSS","M","?","?","M","?","R","?","R","T","R","E","M","?","M","R","BOSS","M","M","M","$","M","E","R","E","T","?","?","?","?","?","R","BOSS"],"build_version":"2018-11-15","purchased_purges":1,"victory":false,"max_hp_per_floor":[70,70,70,80,80,80,80,80,80,80,80,80,80,80,80,80,80,80,80,85,85,42,42,42,42,42,42,42,42,42,42,42,42,42,42,42,42,42,42,42,42,42,42,42,42,42,40,40,40,40],"card_choices":[{"not_picked":["Bane","Underhanded Strike"],"picked":"Finisher","floor":1},{"not_picked":["Outmaneuver","Backflip"],"picked":"Dagger Spray","floor":3},{"not_picked":["Bouncing Flask","Backflip"],"picked":"Malaise","floor":6},{"not_picked":["Deflect","Bane","Underhanded Strike"],"picked":"Dodge and Roll","floor":10},{"not_picked":["Poisoned Stab","Flying Knee","Acrobatics"],"picked":"Cloak And Dagger","floor":11},{"not_picked":["Prepared","Backflip","Bane"],"picked":"A Thousand Cuts+1","floor":12},{"not_picked":["Predator","Dagger Spray","Dodge and Roll","Deadly Poison"],"picked":"SKIP","floor":13},{"not_picked":["Bullet Time","Wraith Form v2+1","Glass Knife"],"picked":"A Thousand Cuts+1","floor":16},{"not_picked":["Leg Sweep","Poisoned Stab","Acrobatics+1","Predator+1"],"picked":"SKIP","floor":18},{"not_picked":["Dagger Throw","Deadly Poison","Night Terror"],"picked":"Blade Dance","floor":21},{"not_picked":["Poisoned Stab","Bane","Dodge and Roll"],"picked":"PiercingWail","floor":28},{"not_picked":["Heel Hook","Underhanded Strike","Prepared","Acrobatics"],"picked":"SKIP","floor":29},{"not_picked":["Poisoned Stab","Caltrops+1","Dagger Spray"],"picked":"Blade Dance","floor":31},{"not_picked":["Venomology","Glass Knife","Malaise"],"picked":"Die Die Die","floor":33},{"not_picked":["PiercingWail+1","Deflect","Deadly Poison+1","Heel Hook"],"picked":"SKIP","floor":35},{"not_picked":["Deflect","Heel Hook","Accuracy+1"],"picked":"Dagger Throw+1","floor":36},{"not_picked":["Slice+1","Backflip+1","Sucker Punch"],"picked":"Cloak And Dagger+1","floor":37},{"not_picked":["Heel Hook+1","Deadly Poison","Burst","Bane+1"],"picked":"SKIP","floor":39},{"not_picked":["Backflip","Acrobatics+1","Riddle With Holes","Deflect"],"picked":"SKIP","floor":40},{"not_picked":["PiercingWail","Blade Dance+1","Riddle With Holes"],"picked":"Well Laid Plans+1","floor":42},{"not_picked":["Deadly Poison+1","Finisher","Reflex+1","Poisoned Stab"],"picked":"SKIP","floor":46}],"player_experience":266311,"relics_obtained":[{"floor":6,"key":"Question Card"},{"floor":8,"key":"Letter Opener"},{"floor":9,"key":"Frozen Egg 2"},{"floor":10,"key":"Regal Pillow"},{"floor":26,"key":"Lantern"},{"floor":28,"key":"Omamori"},{"floor":40,"key":"Unceasing Top"},{"floor":42,"key":"Calipers"},{"floor":43,"key":"Happy Flower"}],"event_choices":[{"damage_healed":0,"gold_gain":0,"player_choice":"Damaged","damage_taken":7,"max_hp_gain":0,"max_hp_loss":0,"event_name":"Wheel of Change","floor":2,"gold_loss":0},{"damage_healed":0,"gold_gain":0,"player_choice":"Box","damage_taken":0,"relics_obtained":["Pear"],"max_hp_gain":0,"max_hp_loss":0,"event_name":"Big Fish","floor":4,"gold_loss":0,"cards_obtained":["Regret"]},{"cards_removed":["Regret"],"damage_healed":0,"gold_gain":0,"player_choice":"Card Removal","damage_taken":0,"max_hp_gain":0,"max_hp_loss":0,"event_name":"The Cleric","floor":5,"gold_loss":50},{"cards_removed":["Strike_G"],"damage_healed":0,"gold_gain":0,"player_choice":"Card Removal","damage_taken":7,"max_hp_gain":0,"max_hp_loss":0,"event_name":"Golden Wing","floor":7,"gold_loss":0},{"damage_healed":0,"gold_gain":0,"player_choice":"Inject Mutagens","damage_taken":0,"relics_obtained":["MutagenicStrength"],"max_hp_gain":0,"max_hp_loss":0,"event_name":"Drug Dealer","floor":19,"gold_loss":0},{"damage_healed":0,"gold_gain":0,"player_choice":"Shed Blood","damage_taken":20,"max_hp_gain":5,"max_hp_loss":0,"event_name":"Forgotten Altar","floor":20,"gold_loss":0},{"damage_healed":0,"gold_gain":0,"player_choice":"Became a Ghost","damage_taken":0,"max_hp_gain":0,"max_hp_loss":43,"event_name":"Ghosts","floor":22,"gold_loss":0,"cards_obtained":["Ghostly","Ghostly","Ghostly","Ghostly","Ghostly"]},{"damage_healed":0,"gold_gain":0,"player_choice":"Ignored","damage_taken":0,"max_hp_gain":0,"max_hp_loss":0,"event_name":"Vampires","floor":24,"gold_loss":0},{"damage_healed":0,"gold_gain":0,"player_choice":"Ignored","damage_taken":0,"max_hp_gain":0,"max_hp_loss":0,"event_name":"Mysterious Sphere","floor":44,"gold_loss":0},{"damage_healed":0,"gold_gain":0,"player_choice":"Upgraded Two","damage_taken":0,"max_hp_gain":0,"max_hp_loss":0,"event_name":"Designer","floor":45,"gold_loss":40,"cards_upgraded":["Finisher","Blade Dance"]},{"damage_healed":0,"gold_gain":0,"player_choice":"Max HP","damage_taken":0,"max_hp_gain":0,"max_hp_loss":2,"event_name":"Winding Halls","floor":47,"gold_loss":0}],"is_beta":false,"boss_relics":[{"not_picked":["Tiny House","Empty Cage"],"picked":"Astrolabe"},{"not_picked":["Eternal Feather","HoveringKite"],"picked":"Philosopher\u0027s Stone"}],"items_purged_floors":[38],"is_endless":false,"potions_floor_spawned":[1,6,18,31,33,39,46],"killed_by":"Time Eater","ascension_level":4}