{"gold_per_floor":[212,229,229,26,42,69,69,87,87,118,118,147,165,223,223,223],"floor_reached":16,"playtime":638,"items_purged":[],"score":174,"play_id":"1c67951b-c281-407b-850f-da55f448dcc9","local_time":"20190223183820","is_ascension_mode":true,"campfire_choices":[{"data":"Uppercut","floor":7,"key":"SMITH"},{"floor":11,"key":"REST"},{"data":"Offering","floor":15,"key":"SMITH"}],"neow_cost":"NONE","seed_source_timestamp":521068084658068,"circlet_count":0,"master_deck":["Strike_R","Strike_R","Strike_R","Strike_R","Strike_R","Defend_R","Defend_R","Defend_R","Defend_R","Clothesline","Uppercut+1","Offering+1","Wild Strike","Battle Trance","Rupture","Pummel","Shrug It Off","Perfected Strike"],"relics":["Burning Blood","Red Skull","Darkstone Periapt","Incense Burner","Juzu Bracelet","Omamori"],"potions_floor_usage":[6,10,14,16],"damage_taken":[{"damage":6,"enemies":"Cultist","floor":1,"turns":3},{"damage":7,"enemies":"2 Louse","floor":2,"turns":3},{"damage":15,"enemies":"Small Slimes","floor":5,"turns":4},{"damage":14,"enemies":"Gremlin Nob","floor":6,"turns":3},{"damage":11,"enemies":"Red Slaver","floor":8,"turns":2},{"damage":20,"enemies":"Lagavulin","floor":10,"turns":5},{"damage":20,"enemies":"Gremlin Nob","floor":12,"turns":4},{"damage":5,"enemies":"Exordium Thugs","floor":13,"turns":4},{"damage":10,"enemies":"Lagavulin Event","floor":14,"turns":4},{"damage":53,"enemies":"Hexaghost","floor":16,"turns":10}],"seed_played":"-5340776972173045234","potions_obtained":[{"floor":6,"key":"Strength Potion"},{"floor":12,"key":"Energy Potion"},{"floor":14,"key":"BloodPotion"}],"is_trial":false,"path_per_floor":["M","M","?","$","M","E","R","M","T","E","R","E","M","?","R","B"],"character_chosen":"IRONCLAD","items_purchased":["Fire Potion","Offering"],"campfire_rested":1,"item_purchase_floors":[4,4],"current_hp_per_floor":[72,71,71,71,62,54,54,49,49,35,59,45,46,42,42,0],"gold":223,"neow_bonus":"HUNDRED_GOLD","is_prod":false,"is_daily":false,"chose_seed":false,"campfire_upgraded":2,"win_rate":0,"timestamp":1550943500,"path_taken":["M","M","?","$","M","E","R","M","T","E","R","E","M","?","R","BOSS"],"build_version":"2019-01-23","purchased_purges":0,"victory":false,"max_hp_per_floor":[80,80,80,80,80,80,80,80,80,80,80,80,80,80,80,80],"card_choices":[{"not_picked":["Havoc","Anger"],"picked":"Clothesline","floor":1},{"not_picked":["Flex","Armaments"],"picked":"Uppercut","floor":2},{"not_picked":["Anger","Berserk"],"picked":"Wild Strike","floor":5},{"not_picked":["Wild Strike","Fire Breathing"],"picked":"Battle Trance","floor":6},{"not_picked":["Twin Strike","Second Wind","Reckless Charge"],"picked":"SKIP","floor":8},{"not_picked":["Intimidate","Twin Strike"],"picked":"Rupture","floor":10},{"not_picked":["True Grit","Twin Strike"],"picked":"Pummel","floor":12},{"not_picked":["Perfected Strike","Bloodletting"],"picked":"Shrug It Off","floor":13},{"not_picked":["Sword Boomerang","Thunderclap"],"picked":"Perfected Strike","floor":14}],"player_experience":748135,"relics_obtained":[{"floor":6,"key":"Red Skull"},{"floor":9,"key":"Darkstone Periapt"},{"floor":10,"key":"Incense Burner"},{"floor":12,"key":"Juzu Bracelet"},{"floor":14,"key":"Omamori"}],"event_choices":[{"cards_removed":["Bash"],"damage_healed":0,"gold_gain":0,"player_choice":"Purged","damage_taken":0,"max_hp_gain":0,"max_hp_loss":0,"event_name":"Purifier","floor":3,"gold_loss":0},{"damage_healed":0,"gold_gain":0,"player_choice":"Searched \u00271\u0027 times","damage_taken":0,"max_hp_gain":0,"max_hp_loss":0,"event_name":"Dead Adventurer","floor":14,"gold_loss":0}],"is_beta":false,"boss_relics":[],"items_purged_floors":[],"is_endless":false,"potions_floor_spawned":[6,12,14],"killed_by":"Hexaghost","ascension_level":9}