{"gold_per_floor":[210,210,230,240,16,47,47,47,47,47,62,76,76,106,106,106],"floor_reached":16,"playtime":589,"items_purged":[],"score":176,"play_id":"6225513a-50ae-44bc-8ace-6dee4d0eda07","local_time":"20190226180241","is_ascension_mode":true,"campfire_choices":[{"floor":7,"key":"REST"},{"data":"Whirlwind","floor":13,"key":"SMITH"},{"data":"Seeing Red","floor":15,"key":"SMITH"}],"neow_cost":"NONE","seed_source_timestamp":2831317991940,"circlet_count":0,"master_deck":["AscendersBane","Strike_R","Strike_R","Strike_R","Strike_R","Defend_R","Defend_R","Defend_R","Defend_R","Bash","Thunderclap","Pummel","Twin Strike","Metallicize","Seeing Red+1","Shrug It Off","Whirlwind+1","Seeing Red"],"relics":["Burning Blood","Happy Flower","Peace Pipe","Unceasing Top","Kunai","Pen Nib"],"potions_floor_usage":[6,14,16,16],"damage_taken":[{"damage":13,"enemies":"Jaw Worm","floor":1,"turns":4},{"damage":10,"enemies":"Small Slimes","floor":3,"turns":3},{"damage":12,"enemies":"2 Louse","floor":4,"turns":3},{"damage":46,"enemies":"Lagavulin","floor":6,"turns":8},{"damage":13,"enemies":"Exordium Thugs","floor":11,"turns":5},{"damage":10,"enemies":"Exordium Wildlife","floor":12,"turns":5},{"damage":20,"enemies":"3 Sentries","floor":14,"turns":7},{"damage":49,"enemies":"Hexaghost","floor":16,"turns":9}],"seed_played":"-7760937451205758746","potions_obtained":[{"floor":4,"key":"Fire Potion"},{"floor":6,"key":"Dexterity Potion"},{"floor":11,"key":"FearPotion"},{"floor":12,"key":"Regen Potion"},{"floor":14,"key":"Strength Potion"}],"is_trial":false,"path_per_floor":["M","?","M","M","$","E","R","?","T","?","M","M","R","E","R","B"],"character_chosen":"IRONCLAD","items_purchased":["Happy Flower","Metallicize"],"campfire_rested":1,"item_purchase_floors":[5,5],"current_hp_per_floor":[65,58,54,48,48,8,32,58,58,58,51,47,47,48,48,0],"gold":106,"neow_bonus":"HUNDRED_GOLD","is_prod":false,"is_daily":false,"chose_seed":false,"campfire_upgraded":2,"win_rate":0,"timestamp":1551200561,"path_taken":["M","?","M","M","$","E","R","?","T","?","?","M","R","E","R","BOSS"],"build_version":"2019-01-23","purchased_purges":0,"victory":false,"max_hp_per_floor":[80,80,80,80,80,80,80,80,80,80,80,80,80,80,80,80],"card_choices":[{"not_picked":["Anger","True Grit"],"picked":"Thunderclap","floor":1},{"not_picked":["True Grit","Clash"],"picked":"Pummel","floor":3},{"not_picked":["Perfected Strike","Iron Wave"],"picked":"Twin Strike","floor":4},{"not_picked":["Shrug It Off","Barricade"],"picked":"Seeing Red","floor":6},{"not_picked":["Anger","Heavy Blade"],"picked":"Shrug It Off","floor":11},{"not_picked":["Anger","Thunderclap"],"picked":"Whirlwind","floor":12},{"not_picked":["Dual Wield","Anger"],"picked":"Seeing Red","floor":14}],"player_experience":775883,"relics_obtained":[{"floor":6,"key":"Peace Pipe"},{"floor":9,"key":"Unceasing Top"},{"floor":14,"key":"Pen Nib"}],"event_choices":[{"cards_removed":["Strike_R"],"damage_healed":0,"gold_gain":0,"player_choice":"Card Removal","damage_taken":7,"max_hp_gain":0,"max_hp_loss":0,"event_name":"Golden Wing","floor":2,"gold_loss":0},{"damage_healed":26,"gold_gain":0,"player_choice":"Banana","damage_taken":0,"max_hp_gain":0,"max_hp_loss":0,"event_name":"Big Fish","floor":8,"gold_loss":0},{"damage_healed":0,"gold_gain":0,"player_choice":"Gave Potion","damage_taken":0,"relics_obtained":["Kunai"],"max_hp_gain":0,"max_hp_loss":0,"event_name":"WeMeetAgain","floor":10,"gold_loss":0}],"is_beta":false,"boss_relics":[],"items_purged_floors":[],"is_endless":false,"potions_floor_spawned":[4,6,11,12,14],"killed_by":"Hexaghost","ascension_level":12}