{"gold_per_floor":[115,133,133,133,154,154,72,90,90,15,15,15,34,77,77,203,203,216,216,41,41,62,62,76,100,157,157,171,46,46,46,46,169,169,184,517,517,537,547,547,558,558,585,585],"floor_reached":44,"playtime":1833,"items_purged":["Regret","Strike_G","Defend_G"],"score":433,"play_id":"612133e8-9b12-4804-9214-6e8bcd0516a2","local_time":"20181118001650","is_ascension_mode":false,"campfire_choices":[{"data":"Neutralize","floor":6,"key":"SMITH"},{"data":"Footwork","floor":12,"key":"SMITH"},{"data":"Dash","floor":15,"key":"SMITH"},{"data":"Noxious Fumes","floor":23,"key":"SMITH"},{"data":"Footwork","floor":27,"key":"SMITH"},{"floor":32,"key":"REST"},{"data":"Adrenaline","floor":40,"key":"SMITH"},{"data":"Survivor","floor":42,"key":"SMITH"}],"neow_cost":"NONE","seed_source_timestamp":136412311350,"circlet_count":0,"master_deck":["Defend_G","Defend_G","Defend_G","Defend_G","Strike_G","Strike_G","Strike_G","Strike_G","Survivor+1","Neutralize+1","Deflect","Slice","Deadly Poison","Footwork+1","Poisoned Stab","Dash+1","Deadly Poison","Tools of the Trade","Flying Knee","Well Laid Plans","Necronomicurse","Noxious Fumes+1","Backflip","Footwork+1","Predator+1","Acrobatics","Unload","Deadly Poison+1","Adrenaline+1","Slice+1","Dagger Spray+1"],"relics":["Ring of the Snake","Calipers","Singing Bowl","Strawberry","Dream Catcher","Black Star","Necronomicon","Tiny Chest","MutagenicStrength","Sozu","Bronze Scales"],"potions_floor_usage":[8,14,14,14,24,33,39,44],"damage_taken":[{"damage":0,"enemies":"Small Slimes","floor":1,"turns":6},{"damage":0,"enemies":"Jaw Worm","floor":2,"turns":5},{"damage":0,"enemies":"2 Louse","floor":5,"turns":3},{"damage":1,"enemies":"2 Fungi Beasts","floor":8,"turns":6},{"damage":0,"enemies":"Exordium Thugs","floor":13,"turns":5},{"damage":0,"enemies":"3 Sentries","floor":14,"turns":8},{"damage":10,"enemies":"Hexaghost","floor":16,"turns":11},{"damage":2,"enemies":"Shell Parasite","floor":18,"turns":8},{"damage":8,"enemies":"Colosseum Slavers","floor":19,"turns":7},{"damage":0,"enemies":"Chosen","floor":22,"turns":5},{"damage":8,"enemies":"Shelled Parasite and Fungi","floor":24,"turns":7},{"damage":24,"enemies":"Snake Plant","floor":25,"turns":5},{"damage":12,"enemies":"Sentry and Sphere","floor":28,"turns":6},{"damage":13,"enemies":"Automaton","floor":33,"turns":11},{"damage":0,"enemies":"3 Shapes","floor":35,"turns":4},{"damage":18,"enemies":"Orb Walker","floor":38,"turns":4},{"damage":11,"enemies":"3 Darklings","floor":39,"turns":6},{"damage":11,"enemies":"Spire Growth","floor":41,"turns":5},{"damage":35,"enemies":"Sphere and 2 Shapes","floor":44,"turns":4}],"seed_played":"-5735296126724790753","potions_obtained":[{"floor":0,"key":"Poison Potion"},{"floor":0,"key":"GamblersBrew"},{"floor":0,"key":"Block Potion"},{"floor":8,"key":"AttackPotion"},{"floor":16,"key":"Swift Potion"},{"floor":18,"key":"GhostInAJar"},{"floor":28,"key":"PowerPotion"},{"floor":33,"key":"Fire Potion"}],"is_trial":false,"path_per_floor":["M","M","?","?","M","R","$","M","T","$","T","R","M","E","R","B",null,"M","?","$","?","M","R","M","M","T","R","M","$","?","?","R","B",null,"M","?","?","M","M","R","M","R","T","M"],"character_chosen":"THE_SILENT","items_purchased":["Footwork","Well Laid Plans"],"campfire_rested":1,"item_purchase_floors":[7,20],"current_hp_per_floor":[70,70,65,65,65,65,65,64,64,64,71,71,71,71,71,61,72,70,62,62,46,46,46,38,14,14,14,2,2,2,2,23,10,72,72,72,72,54,43,43,32,32,32,0],"gold":585,"neow_bonus":"THREE_SMALL_POTIONS","is_prod":false,"is_daily":false,"chose_seed":false,"campfire_upgraded":7,"win_rate":0,"timestamp":1542496610,"path_taken":["M","M","?","?","M","R","?","M","T","$","?","R","M","E","R","BOSS","M","?","$","?","M","R","M","M","T","R","M","$","?","?","R","BOSS","M","?","?","M","?","R","M","R","T","M"],"build_version":"2018-11-15","purchased_purges":3,"victory":false,"max_hp_per_floor":[70,70,65,65,65,65,65,65,65,65,72,72,72,72,72,72,72,72,72,72,72,72,72,72,72,72,72,72,72,72,72,72,72,72,72,72,72,72,72,72,72,72,72,72],"card_choices":[{"not_picked":["Slice","Underhanded Strike"],"picked":"Deflect","floor":1},{"not_picked":["Predator","Catalyst"],"picked":"Slice","floor":2},{"not_picked":["Calculated Gamble","Prepared"],"picked":"Deadly Poison","floor":5},{"not_picked":["Phantasmal Killer","Caltrops"],"picked":"Poisoned Stab","floor":8},{"not_picked":["Dodge and Roll","Backflip"],"picked":"Dash","floor":13},{"not_picked":["Dagger Throw","Burst"],"picked":"Deadly Poison","floor":14},{"not_picked":["Wraith Form v2","Glass Knife"],"picked":"Tools of the Trade","floor":16},{"not_picked":["Bane","Setup+1"],"picked":"Flying Knee","floor":18},{"not_picked":["Caltrops+1","Flying Knee"],"picked":"Noxious Fumes","floor":22},{"not_picked":["Cloak And Dagger","Flying Knee+1"],"picked":"Backflip","floor":24},{"not_picked":["Outmaneuver","Acrobatics"],"picked":"Footwork","floor":25},{"not_picked":["Poisoned Stab","Acrobatics"],"picked":"Predator+1","floor":28},{"not_picked":["Deflect","Dagger Spray"],"picked":"Acrobatics","floor":32},{"not_picked":["A Thousand Cuts","Tools of the Trade"],"picked":"Unload","floor":33},{"not_picked":["Quick Slash","Dagger Throw+1"],"picked":"Deadly Poison+1","floor":35},{"not_picked":["Slice+1","Bane+1"],"picked":"Adrenaline","floor":38},{"not_picked":["Bane+1","Predator"],"picked":"Slice+1","floor":39},{"not_picked":["Cloak And Dagger","PiercingWail+1"],"picked":"Dagger Spray+1","floor":41}],"player_experience":308861,"relics_obtained":[{"floor":9,"key":"Singing Bowl"},{"floor":11,"key":"Strawberry"},{"floor":14,"key":"Dream Catcher"},{"floor":21,"key":"Necronomicon"},{"floor":26,"key":"Tiny Chest"},{"floor":43,"key":"Bronze Scales"}],"event_choices":[{"damage_healed":0,"gold_gain":0,"player_choice":"Lose Max HP","damage_taken":0,"relics_obtained":["Golden Idol"],"max_hp_gain":0,"max_hp_loss":5,"event_name":"Golden Idol","floor":3,"gold_loss":0},{"damage_healed":0,"gold_gain":0,"player_choice":"Box","damage_taken":0,"relics_obtained":["Calipers"],"max_hp_gain":0,"max_hp_loss":0,"event_name":"Big Fish","floor":4,"gold_loss":0,"cards_obtained":["Regret"]},{"damage_healed":0,"gold_gain":0,"player_choice":"Fight","damage_taken":0,"max_hp_gain":0,"max_hp_loss":0,"event_name":"Colosseum","floor":19,"gold_loss":0},{"damage_healed":0,"gold_gain":0,"player_choice":"Fled From Nobs","damage_taken":0,"max_hp_gain":0,"max_hp_loss":0,"event_name":"Colosseum","floor":19,"gold_loss":0},{"damage_healed":0,"gold_gain":0,"player_choice":"Obtained Book","damage_taken":16,"max_hp_gain":0,"max_hp_loss":0,"event_name":"Cursed Tome","floor":21,"gold_loss":0},{"damage_healed":0,"gold_gain":0,"player_choice":"Ignored","damage_taken":0,"max_hp_gain":0,"max_hp_loss":0,"event_name":"Ghosts","floor":30,"gold_loss":0},{"damage_healed":0,"gold_gain":0,"player_choice":"Inject Mutagens","damage_taken":0,"relics_obtained":["MutagenicStrength"],"max_hp_gain":0,"max_hp_loss":0,"event_name":"Drug Dealer","floor":31,"gold_loss":0},{"damage_healed":0,"gold_gain":333,"player_choice":"Gave Idol","damage_taken":0,"max_hp_gain":0,"max_hp_loss":0,"event_name":"The Moai Head","floor":36,"relics_lost":["Golden Idol"],"gold_loss":0},{"damage_healed":0,"gold_gain":0,"player_choice":"Full Heal","damage_taken":0,"max_hp_gain":0,"max_hp_loss":0,"event_name":"Wheel of Change","floor":37,"gold_loss":0}],"is_beta":false,"boss_relics":[{"not_picked":["Runic Pyramid","Ring of the Serpent"],"picked":"Black Star"},{"not_picked":["White Beast Statue","Busted Crown"],"picked":"Sozu"}],"items_purged_floors":[10,20,29],"is_endless":false,"potions_floor_spawned":[2,5,8,16,18,19,28,33,38],"killed_by":"Sphere and 2 Shapes","ascension_level":0}