{"gold_per_floor":[361,380,398,348,348,348,378,378,378,378,389,32,64,64,64,169,169,188,198,216,216,233,233],"floor_reached":23,"playtime":3898,"items_purged":["Strike_B"],"score":281,"play_id":"c33e53b5-ea5b-481a-a7b9-e5cb3ab57bc2","local_time":"20190114122224","is_ascension_mode":true,"campfire_choices":[{"data":"Zap","floor":6,"key":"SMITH"},{"data":"Genetic Algorithm","floor":8,"key":"SMITH"},{"data":"Coolheaded","floor":15,"key":"SMITH"}],"neow_cost":"TEN_PERCENT_HP_LOSS","seed_source_timestamp":1954431257948773,"circlet_count":0,"master_deck":["Strike_B+1","Strike_B","Defend_B","Defend_B+1","Defend_B","Defend_B","Zap+1","Dualcast","Cold Snap","Coolheaded+1","Genetic Algorithm+1","Core Surge","Reboot","Rainbow","Consume+1","Defragment","FTL+1","Defragment+1","Auto Shields"],"relics":["Cracked Core","Emotion Chip","Incense Burner","Lee\u0027s Waffle","Dream Catcher","Prayer Wheel","Sozu"],"potions_floor_usage":[13,20],"damage_taken":[{"damage":0,"enemies":"Small Slimes","floor":1,"turns":3},{"damage":0,"enemies":"2 Louse","floor":2,"turns":2},{"damage":0,"enemies":"Jaw Worm","floor":3,"turns":5},{"damage":34,"enemies":"3 Sentries","floor":7,"turns":11},{"damage":12,"enemies":"Lots of Slimes","floor":11,"turns":4},{"damage":8,"enemies":"Gremlin Nob","floor":13,"turns":4},{"damage":17,"enemies":"The Guardian","floor":16,"turns":18},{"damage":3,"enemies":"3 Byrds","floor":18,"turns":7},{"damage":0,"enemies":"Spheric Guardian","floor":19,"turns":4},{"damage":5,"enemies":"Shelled Parasite and Fungi","floor":20,"turns":4},{"damage":0,"enemies":"Sentry and Sphere","floor":22,"turns":4},{"damage":72,"enemies":"Gremlin Leader","floor":23,"turns":10}],"seed_played":"4152407046139128790","potions_obtained":[{"floor":3,"key":"FearPotion"},{"floor":11,"key":"LiquidBronze"},{"floor":16,"key":"FearPotion"}],"is_trial":false,"path_per_floor":["M","M","M","?","?","R","E","R","T","?","M","$","E","?","R","B",null,"M","M","M","?","M","E"],"character_chosen":"DEFECT","items_purchased":["Lee\u0027s Waffle","Core Surge"],"campfire_rested":0,"item_purchase_floors":[12,12],"current_hp_per_floor":[68,68,68,68,73,73,39,39,39,24,12,80,72,69,69,52,73,70,70,65,65,65,0],"gold":233,"neow_bonus":"TWO_FIFTY_GOLD","is_prod":false,"is_daily":false,"chose_seed":false,"campfire_upgraded":3,"win_rate":0,"timestamp":1547490144,"path_taken":["M","M","M","?","?","R","E","R","T","?","M","$","E","?","R","BOSS","M","M","M","?","M","E"],"build_version":"2019-01-10","purchased_purges":1,"victory":false,"max_hp_per_floor":[68,68,68,68,73,73,73,73,73,73,73,80,80,80,80,80,80,80,80,80,80,80,80],"card_choices":[{"not_picked":["Static Discharge","Leap"],"picked":"Cold Snap","floor":1},{"not_picked":["Stack","Storm"],"picked":"Coolheaded","floor":2},{"not_picked":["Stack","Beam Cell"],"picked":"Genetic Algorithm","floor":3},{"not_picked":["Barrage","Tempest","Reprogram"],"picked":"SKIP","floor":7},{"not_picked":["Stack","Hello World","Compile Driver"],"picked":"SKIP","floor":11},{"not_picked":["Recycle","Thunder Strike"],"picked":"Reboot","floor":13},{"not_picked":["Reboot","Thunder Strike"],"picked":"Rainbow","floor":16},{"not_picked":["Leap","Cold Snap"],"picked":"Consume+1","floor":18},{"not_picked":["FTL","Conserve Battery+1"],"picked":"Defragment","floor":18},{"not_picked":["Barrage","All For One"],"picked":"FTL+1","floor":19},{"not_picked":["Go for the Eyes","Barrage","Beam Cell"],"picked":"SKIP","floor":19},{"not_picked":["Melter","Sunder+1"],"picked":"Defragment+1","floor":20},{"not_picked":["Sweeping Beam","Cold Snap"],"picked":"Auto Shields","floor":20},{"not_picked":["Fusion","Sweeping Beam","Gash"],"picked":"SKIP","floor":22},{"not_picked":["Force Field+1","Hello World+1","Undo"],"picked":"SKIP","floor":22}],"player_experience":594040,"relics_obtained":[{"floor":7,"key":"Emotion Chip"},{"floor":9,"key":"Incense Burner"},{"floor":13,"key":"Dream Catcher"}],"event_choices":[{"cards_removed":["Strike_B"],"damage_healed":0,"gold_gain":0,"player_choice":"Card Removal","damage_taken":0,"max_hp_gain":0,"max_hp_loss":0,"event_name":"The Cleric","floor":4,"gold_loss":50},{"damage_healed":0,"gold_gain":0,"player_choice":"Donut","damage_taken":0,"max_hp_gain":5,"max_hp_loss":0,"event_name":"Big Fish","floor":5,"gold_loss":0},{"damage_healed":0,"gold_gain":0,"player_choice":"Entered Light","damage_taken":15,"max_hp_gain":0,"max_hp_loss":0,"event_name":"Shining Light","floor":10,"gold_loss":0,"cards_upgraded":["Strike_B","Defend_B"]},{"damage_healed":0,"gold_gain":0,"player_choice":"Success","damage_taken":3,"relics_obtained":["Prayer Wheel"],"max_hp_gain":0,"max_hp_loss":0,"event_name":"Scrap Ooze","floor":14,"gold_loss":0},{"damage_healed":0,"gold_gain":0,"player_choice":"Ignored","damage_taken":0,"max_hp_gain":0,"max_hp_loss":0,"event_name":"Ghosts","floor":21,"gold_loss":0}],"is_beta":false,"boss_relics":[{"not_picked":["FrozenCore","Empty Cage"],"picked":"Sozu"}],"items_purged_floors":[12],"is_endless":false,"potions_floor_spawned":[3,11,16,18,22],"killed_by":"Gremlin Leader","ascension_level":8}