{"gold_per_floor":[13,13,13,33,51,51,85,85,85,110,110,110,110,143,143,143],"floor_reached":16,"playtime":530,"items_purged":[],"score":191,"play_id":"e3c33bc9-a19e-4926-95be-6989a5d66435","local_time":"20190205050501","is_ascension_mode":true,"campfire_choices":[{"data":"Zap","floor":6,"key":"SMITH"},{"floor":8,"key":"REST"},{"data":"Capacitor","floor":13,"key":"SMITH"},{"floor":15,"key":"REST"}],"neow_cost":"NO_GOLD","seed_source_timestamp":1813684676435365,"circlet_count":0,"master_deck":["AscendersBane","Strike_B","Strike_B","Defend_B","Defend_B","Defend_B","Defend_B","Zap+1","Dualcast","Barrage","Conserve Battery","Coolheaded","Capacitor+1"],"relics":["Cracked Core","Bottled Lightning","Kunai","Prayer Wheel","Bag of Marbles"],"potions_floor_usage":[10],"damage_taken":[{"damage":0,"enemies":"Small Slimes","floor":1,"turns":3},{"damage":3,"enemies":"2 Louse","floor":4,"turns":3},{"damage":0,"enemies":"Jaw Worm","floor":5,"turns":3},{"damage":51,"enemies":"Gremlin Nob","floor":7,"turns":6},{"damage":12,"enemies":"Lagavulin","floor":10,"turns":7},{"damage":24,"enemies":"3 Sentries","floor":14,"turns":8},{"damage":45,"enemies":"Slime Boss","floor":16,"turns":6}],"seed_played":"-3981765444424617116","potions_obtained":[{"floor":4,"key":"Strength Potion"},{"floor":14,"key":"Ancient Potion"}],"is_trial":false,"path_per_floor":["M","$","?","M","M","R","E","R","T","E","?","?","R","E","R","B"],"character_chosen":"DEFECT","items_purchased":[],"campfire_rested":2,"item_purchase_floors":[],"current_hp_per_floor":[68,68,68,65,65,65,14,36,36,24,29,29,29,5,29,0],"gold":143,"neow_bonus":"TRANSFORM_TWO_CARDS","is_prod":false,"is_daily":false,"chose_seed":false,"campfire_upgraded":2,"win_rate":0,"timestamp":1549364701,"path_taken":["M","$","?","M","M","R","E","R","T","E","?","?","R","E","R","BOSS"],"build_version":"2019-01-23","purchased_purges":0,"victory":false,"max_hp_per_floor":[75,75,75,75,75,75,75,75,75,75,80,80,80,80,80,80],"card_choices":[{"not_picked":["Static Discharge","Compile Driver"],"picked":"Conserve Battery","floor":1},{"not_picked":["Stack","Turbo","Barrage"],"picked":"SKIP","floor":4},{"not_picked":["Blizzard","Recycle"],"picked":"Coolheaded","floor":5},{"not_picked":["Stack","Hologram"],"picked":"Capacitor","floor":7},{"not_picked":["Rebound","Beam Cell","Lockon"],"picked":"SKIP","floor":10},{"not_picked":["Barrage","Redo","Streamline"],"picked":"SKIP","floor":14}],"player_experience":967028,"relics_obtained":[{"floor":7,"key":"Bottled Lightning"},{"floor":9,"key":"Kunai"},{"floor":10,"key":"Prayer Wheel"},{"floor":14,"key":"Bag of Marbles"}],"event_choices":[{"damage_healed":0,"gold_gain":0,"player_choice":"Ignored","damage_taken":0,"max_hp_gain":0,"max_hp_loss":0,"event_name":"Liars Game","floor":3,"gold_loss":0},{"damage_healed":0,"gold_gain":0,"player_choice":"Donut","damage_taken":0,"max_hp_gain":5,"max_hp_loss":0,"event_name":"Big Fish","floor":11,"gold_loss":0},{"cards_removed":["Meteor Strike"],"damage_healed":0,"gold_gain":0,"player_choice":"Forget","damage_taken":0,"max_hp_gain":0,"max_hp_loss":0,"event_name":"Living Wall","floor":12,"gold_loss":0}],"is_beta":false,"boss_relics":[],"items_purged_floors":[],"is_endless":false,"potions_floor_spawned":[4,14],"killed_by":"Slime Boss","ascension_level":13}