{"gold_per_floor":[118,118,138,150,36,36,56,56,80,114,142,142,170,170,170,268,268,255,180,196,96,96],"floor_reached":22,"playtime":955,"items_purged":["Strike_G","Strike_G"],"score":192,"play_id":"69e99ba1-53f2-4ce8-bc0a-d5a6c8b58855","local_time":"20181101222203","is_ascension_mode":false,"campfire_choices":[{"data":"Neutralize","floor":6,"key":"SMITH"},{"data":"Skewer","floor":8,"key":"SMITH"},{"floor":15,"key":"REST"}],"neow_cost":"NONE","seed_source_timestamp":1299105975774081,"circlet_count":0,"master_deck":["Defend_G","Defend_G","Defend_G","Defend_G","Strike_G","Strike_G","Strike_G","Survivor","Neutralize+1","Skewer+1","Dagger Spray","Terror","Backflip","Deflect","Footwork","Slice","PiercingWail","Tools of the Trade","Outmaneuver+1","Sucker Punch"],"relics":["Ring of the Snake","Omamori","Juzu Bracelet","Bag of Marbles","Odd Mushroom","Dream Catcher","Snake Skull","Lizard Tail"],"potions_floor_usage":[13,16,16,16],"damage_taken":[{"damage":0,"enemies":"2 Louse","floor":1,"turns":4},{"damage":2,"enemies":"Small Slimes","floor":3,"turns":5},{"damage":0,"enemies":"Jaw Worm","floor":4,"turns":3},{"damage":2,"enemies":"Blue Slaver","floor":7,"turns":4},{"damage":13,"enemies":"Gremlin Nob","floor":10,"turns":5},{"damage":13,"enemies":"The Mushroom Lair","floor":11,"turns":5},{"damage":7,"enemies":"Lagavulin","floor":13,"turns":5},{"damage":32,"enemies":"Slime Boss","floor":16,"turns":14},{"damage":29,"enemies":"2 Thieves","floor":18,"turns":4},{"damage":74,"enemies":"Spheric Guardian","floor":20,"turns":10},{"damage":6,"enemies":"3 Cultists","floor":22,"turns":2}],"seed_played":"5439445444312170841","potions_obtained":[{"floor":1,"key":"Strength Potion"},{"floor":3,"key":"Poison Potion"},{"floor":11,"key":"FearPotion"},{"floor":13,"key":"Explosive Potion"},{"floor":20,"key":"Strength Potion"}],"is_trial":false,"path_per_floor":["M","?","M","M","$","R","M","R","T","E","?","?","E","?","R","B",null,"M","?","M","$"],"character_chosen":"THE_SILENT","items_purchased":["Terror"],"campfire_rested":1,"item_purchase_floors":[5],"current_hp_per_floor":[70,70,68,68,68,68,66,66,66,53,40,28,21,21,42,10,70,41,41,5,5,0],"gold":96,"neow_bonus":"RANDOM_COMMON_RELIC","is_prod":false,"is_daily":false,"chose_seed":false,"campfire_upgraded":2,"win_rate":0,"timestamp":1541107323,"path_taken":["M","?","M","M","$","R","M","R","T","E","?","?","E","?","R","BOSS","M","?","M","$","M"],"build_version":"2018-10-25v2","purchased_purges":2,"victory":false,"max_hp_per_floor":[70,70,70,70,70,70,70,70,70,70,70,70,70,70,70,70,70,70,70,70,70,70],"card_choices":[{"not_picked":["Eviscerate","Catalyst","Setup"],"picked":"SKIP","floor":1},{"not_picked":["Quick Slash","Slice"],"picked":"Skewer","floor":3},{"not_picked":["Dodge and Roll","Concentrate"],"picked":"Dagger Spray","floor":4},{"not_picked":["Riddle With Holes","Blade Dance"],"picked":"Backflip","floor":7},{"not_picked":["Poisoned Stab","Slice"],"picked":"Deflect","floor":10},{"not_picked":["Envenom","Acrobatics"],"picked":"Footwork","floor":11},{"not_picked":["Accuracy","Deadly Poison"],"picked":"Slice","floor":13},{"not_picked":["Outmaneuver","Reflex"],"picked":"PiercingWail","floor":15},{"not_picked":["Wraith Form v2","A Thousand Cuts"],"picked":"Tools of the Trade","floor":16},{"not_picked":["Dodge and Roll","Poisoned Stab+1"],"picked":"Outmaneuver+1","floor":18},{"not_picked":["Concentrate+1","Acrobatics+1"],"picked":"Sucker Punch","floor":20}],"player_experience":249769,"relics_obtained":[{"floor":9,"key":"Juzu Bracelet"},{"floor":10,"key":"Bag of Marbles"},{"floor":11,"key":"Odd Mushroom"},{"floor":13,"key":"Snake Skull"}],"event_choices":[{"damage_healed":0,"gold_gain":0,"player_choice":"Ignored","damage_taken":0,"max_hp_gain":0,"max_hp_loss":0,"event_name":"Shining Light","floor":2,"gold_loss":0},{"damage_healed":0,"gold_gain":0,"player_choice":"Fought Mushrooms","damage_taken":0,"max_hp_gain":0,"max_hp_loss":0,"event_name":"Mushrooms","floor":11,"gold_loss":0},{"damage_healed":0,"gold_gain":0,"player_choice":"Success","damage_taken":12,"relics_obtained":["Dream Catcher"],"max_hp_gain":0,"max_hp_loss":0,"event_name":"Scrap Ooze","floor":12,"gold_loss":0},{"damage_healed":0,"gold_gain":0,"player_choice":"0 cards matched","damage_taken":0,"max_hp_gain":0,"max_hp_loss":0,"event_name":"Match and Keep!","floor":14,"gold_loss":0,"cards_obtained":[]},{"cards_removed":["Defend_G"],"damage_healed":0,"gold_gain":0,"player_choice":"Gave Gold","damage_taken":0,"max_hp_gain":0,"max_hp_loss":0,"event_name":"Beggar","floor":19,"gold_loss":75}],"is_beta":false,"boss_relics":[{"not_picked":["Empty Cage","Velvet Choker"],"picked":"Lizard Tail"}],"items_purged_floors":[5,21],"is_endless":false,"potions_floor_spawned":[1,3,11,13,20],"killed_by":"3 Cultists","ascension_level":0}