{"gold_per_floor":[114,114,1,1,1,1,32,32,57,75,75,75,113,113,113,233,233,256,256,256,256,281,281,281,281,281,281],"floor_reached":27,"playtime":1022,"items_purged":["Strike_B"],"score":213,"play_id":"96f76911-7d90-4bf5-96a2-7a2a80656e9e","local_time":"20181024223638","is_ascension_mode":false,"campfire_choices":[{"data":"Dualcast","floor":6,"key":"SMITH"},{"floor":8,"key":"REST"},{"data":"Auto Shields","floor":15,"key":"SMITH"},{"data":"Seek","floor":23,"key":"SMITH"},{"floor":25,"key":"REST"}],"neow_cost":"NONE","seed_source_timestamp":605111208912813,"circlet_count":0,"master_deck":["Strike_B","Strike_B","Strike_B","Defend_B","Defend_B","Defend_B","Defend_B","Zap+1","Dualcast+1","Go for the Eyes","Self Repair+1","Beam Cell","Auto Shields+1","Hologram","Seek+1","Stack+1","Necronomicurse","Melter"],"relics":["Cracked Core","Golden Idol","Dodecahedron","Calipers","Orichalcum","Ancient Tea Set","Runic Pyramid","Necronomicon","MutagenicStrength","Shovel"],"potions_floor_usage":[7,16,16],"damage_taken":[{"damage":0,"enemies":"Small Slimes","floor":1,"turns":3},{"damage":38,"enemies":"Lagavulin","floor":7,"turns":7},{"damage":3,"enemies":"Jaw Worm","floor":10,"turns":4},{"damage":18,"enemies":"3 Sentries","floor":13,"turns":8},{"damage":42,"enemies":"The Guardian","floor":16,"turns":18},{"damage":5,"enemies":"Shell Parasite","floor":18,"turns":6},{"damage":22,"enemies":"Chosen","floor":22,"turns":5},{"damage":53,"enemies":"Centurion and Healer","floor":27,"turns":11}],"seed_played":"3110159792663824561","potions_obtained":[{"floor":1,"key":"Swift Potion"},{"floor":10,"key":"Weak Potion"},{"floor":13,"key":"Weak Potion"}],"is_trial":false,"path_per_floor":["M","?","$","$","?","R","E","R","T","M","?","?","E","?","R","B",null,"M","?","?","?","M","R","?","R","T"],"character_chosen":"DEFECT","items_purchased":["Self Repair"],"campfire_rested":2,"item_purchase_floors":[3],"current_hp_per_floor":[75,69,69,69,69,69,38,58,58,62,62,55,47,47,47,15,69,69,53,53,53,41,41,41,61,61,8],"gold":281,"neow_bonus":"UPGRADE_CARD","is_prod":false,"is_daily":false,"chose_seed":false,"campfire_upgraded":3,"win_rate":0,"timestamp":1540413398,"path_taken":["M","?","?","$","?","R","E","R","T","M","?","?","E","?","R","BOSS","M","?","?","?","M","R","?","R","T","M"],"build_version":"2018-10-18","purchased_purges":1,"victory":false,"max_hp_per_floor":[75,69,69,69,69,69,69,69,69,69,69,69,69,69,69,69,69,69,69,69,69,69,69,69,69,69,69],"card_choices":[{"not_picked":["Heatsinks","Defragment"],"picked":"Go for the Eyes","floor":1},{"not_picked":["Meteor Strike","Biased Cognition"],"picked":"Beam Cell","floor":7},{"not_picked":["Hologram","Steam Power"],"picked":"Auto Shields","floor":10},{"not_picked":["Barrage","Capacitor"],"picked":"Hologram","floor":13},{"not_picked":["Machine Learning","Fission"],"picked":"Seek","floor":16},{"not_picked":["Barrage","Redo"],"picked":"Stack+1","floor":18},{"not_picked":["Leap","Gash"],"picked":"Melter","floor":22}],"player_experience":233381,"relics_obtained":[{"floor":7,"key":"Calipers"},{"floor":9,"key":"Orichalcum"},{"floor":13,"key":"Ancient Tea Set"},{"floor":19,"key":"Necronomicon"},{"floor":26,"key":"Shovel"}],"event_choices":[{"damage_healed":0,"gold_gain":0,"player_choice":"Lose Max HP","damage_taken":0,"relics_obtained":["Golden Idol"],"max_hp_gain":0,"max_hp_loss":6,"event_name":"Golden Idol","floor":2,"gold_loss":0},{"damage_healed":0,"gold_gain":0,"player_choice":"Box","damage_taken":0,"relics_obtained":["Dodecahedron"],"max_hp_gain":0,"max_hp_loss":0,"event_name":"Big Fish","floor":5,"gold_loss":0,"cards_obtained":["Regret"]},{"damage_healed":0,"gold_gain":0,"player_choice":"Upgraded","damage_taken":0,"max_hp_gain":0,"max_hp_loss":0,"event_name":"Upgrade Shrine","floor":11,"gold_loss":0,"cards_upgraded":["Self Repair"]},{"cards_removed":["Regret"],"damage_healed":0,"gold_gain":0,"player_choice":"Card Removal","damage_taken":7,"max_hp_gain":0,"max_hp_loss":0,"event_name":"Golden Wing","floor":12,"gold_loss":0},{"damage_healed":0,"gold_gain":0,"player_choice":"Bought 0 Potions","damage_taken":0,"max_hp_gain":0,"max_hp_loss":0,"event_name":"The Woman in Blue","floor":14,"gold_loss":0},{"damage_healed":0,"gold_gain":0,"player_choice":"Obtained Book","damage_taken":16,"max_hp_gain":0,"max_hp_loss":0,"event_name":"Cursed Tome","floor":19,"gold_loss":0},{"damage_healed":0,"gold_gain":0,"player_choice":"Ignored","damage_taken":0,"max_hp_gain":0,"max_hp_loss":0,"event_name":"Ghosts","floor":20,"gold_loss":0},{"damage_healed":0,"gold_gain":0,"player_choice":"Ignored","damage_taken":0,"max_hp_gain":0,"max_hp_loss":0,"event_name":"Vampires","floor":21,"gold_loss":0},{"damage_healed":0,"gold_gain":0,"player_choice":"Inject Mutagens","damage_taken":0,"relics_obtained":["MutagenicStrength"],"max_hp_gain":0,"max_hp_loss":0,"event_name":"Drug Dealer","floor":24,"gold_loss":0}],"is_beta":false,"boss_relics":[{"not_picked":["Eternal Feather","Runic Dome"],"picked":"Runic Pyramid"}],"items_purged_floors":[3],"is_endless":false,"potions_floor_spawned":[1,10,13],"killed_by":"Centurion and Healer","ascension_level":0}