{"gold_per_floor":[112,122,14,33,33,33,48,62,62,94,105,132,132,146,146,249,249,266,266,128,141,141,141,168,185,238,255,270,270,142,161,161,258,258,277,377,377,15,33,59,59,89,89,101,128,140,152,182,194,206],"floor_reached":50,"playtime":5670,"items_purged":["Strike_G"],"score":587,"play_id":"4f197638-83d2-4c1c-888e-dd01b7dccf4e","local_time":"20190224235914","is_ascension_mode":true,"campfire_choices":[{"data":"Footwork","floor":6,"key":"SMITH"},{"data":"After Image","floor":13,"key":"SMITH"},{"floor":15,"key":"REST"},{"data":"Apotheosis","floor":23,"key":"SMITH"},{"floor":29,"key":"REST"},{"floor":32,"key":"REST"},{"data":"Footwork","floor":41,"key":"SMITH"},{"floor":47,"key":"RECALL"},{"data":"Accuracy","floor":49,"key":"SMITH"}],"neow_cost":"NONE","seed_source_timestamp":248106946781526,"circlet_count":0,"master_deck":["Survivor","Neutralize","Cloak And Dagger","All Out Attack","Footwork+1","All Out Attack","Prepared","Dagger Throw","After Image+1","Footwork+1","PiercingWail","Cloak And Dagger","Malaise","Unload","Blur","Escape Plan","Dagger Throw","Corpse Explosion","Masterful Stab","Finisher","Crippling Poison","Apotheosis+1","After Image+1","Leg Sweep","Die Die Die","Underhanded Strike","Noxious Fumes","Noxious Fumes","Corpse Explosion","PiercingWail+1","Accuracy+1","Deadly Poison+1"],"relics":["Ring of the Snake","NeowsBlessing","The Courier","Matryoshka","Shuriken","Pandora\u0027s Box","Bird Faced Urn","Happy Flower","Anchor","Coffee Dripper","Turnip","Mango","Art of War","The Specimen","Dream Catcher","MawBank","Juzu Bracelet"],"potions_floor_usage":[10,11,14,24,28,35,36,36,36,40,45,48,50],"damage_taken":[{"damage":0,"enemies":"Cultist","floor":1,"turns":1},{"damage":0,"enemies":"2 Louse","floor":2,"turns":1},{"damage":0,"enemies":"Jaw Worm","floor":4,"turns":1},{"damage":5,"enemies":"Lots of Slimes","floor":7,"turns":2},{"damage":0,"enemies":"Exordium Thugs","floor":8,"turns":4},{"damage":38,"enemies":"Lagavulin","floor":10,"turns":7},{"damage":0,"enemies":"Large Slime","floor":11,"turns":8},{"damage":16,"enemies":"3 Sentries","floor":12,"turns":5},{"damage":0,"enemies":"2 Fungi Beasts","floor":14,"turns":5},{"damage":36,"enemies":"Slime Boss","floor":16,"turns":14},{"damage":0,"enemies":"Spheric Guardian","floor":18,"turns":5},{"damage":0,"enemies":"Chosen","floor":21,"turns":5},{"damage":49,"enemies":"Slavers","floor":24,"turns":5},{"damage":1,"enemies":"3 Cultists","floor":25,"turns":5},{"damage":13,"enemies":"Snecko","floor":27,"turns":6},{"damage":0,"enemies":"Shelled Parasite and Fungi","floor":28,"turns":5},{"damage":0,"enemies":"3 Cultists","floor":31,"turns":4},{"damage":10,"enemies":"Automaton","floor":33,"turns":9},{"damage":0,"enemies":"3 Shapes","floor":35,"turns":4},{"damage":0,"enemies":"Mind Bloom Boss Battle","floor":36,"turns":7},{"damage":8,"enemies":"3 Darklings","floor":39,"turns":4},{"damage":15,"enemies":"Nemesis","floor":40,"turns":9},{"damage":23,"enemies":"Giant Head","floor":42,"turns":10},{"damage":12,"enemies":"Transient","floor":45,"turns":5},{"damage":12,"enemies":"Jaw Worm Horde","floor":48,"turns":4},{"damage":66,"enemies":"Donu and Deca","floor":50,"turns":8}],"seed_played":"7638764089319107094","potions_obtained":[{"floor":1,"key":"SteroidPotion"},{"floor":4,"key":"Regen Potion"},{"floor":8,"key":"SkillPotion"},{"floor":12,"key":"Regen Potion"},{"floor":21,"key":"Block Potion"},{"floor":24,"key":"FearPotion"},{"floor":27,"key":"EntropicBrew"},{"floor":31,"key":"EssenceOfSteel"},{"floor":40,"key":"Block Potion"},{"floor":42,"key":"Block Potion"}],"is_trial":false,"path_per_floor":["M","M","$","M","$","R","M","M","T","E","M","E","R","M","R","B",null,"M","?","$","M","?","R","E","M","T","M","M","R","$","M","R","B",null,"M","?","?","$","M","E","R","E","T","T","M","$","R","M","R","B"],"character_chosen":"THE_SILENT","items_purchased":["Footwork","Apotheosis","Noxious Fumes","Noxious Fumes","Mango","Art of War"],"campfire_rested":3,"item_purchase_floors":[3,20,30,30,38,38],"current_hp_per_floor":[70,70,70,70,70,70,65,65,65,27,42,26,26,40,61,25,70,70,70,70,70,70,70,21,28,28,21,27,48,48,58,70,66,70,70,70,70,84,78,69,69,58,58,58,56,56,56,54,54,0],"gold":206,"neow_bonus":"THREE_ENEMY_KILL","is_prod":false,"is_daily":false,"chose_seed":false,"campfire_upgraded":5,"win_rate":0,"timestamp":1551070754,"path_taken":["M","?","$","M","?","R","M","?","T","E","M","E","R","M","R","BOSS","M","?","$","?","?","R","E","?","T","M","M","R","?","?","R","BOSS","M","?","?","$","?","E","R","E","T","?","M","$","R","M","R","BOSS"],"build_version":"2019-01-23","purchased_purges":1,"victory":false,"max_hp_per_floor":[70,70,70,70,70,70,70,70,70,70,70,70,70,70,70,70,70,70,70,70,70,70,70,70,70,70,70,70,70,70,70,70,70,70,70,70,70,84,84,84,84,84,84,84,84,84,84,84,84,84],"card_choices":[{"not_picked":["Prepared","Quick Slash"],"picked":"Cloak And Dagger","floor":1},{"not_picked":["Quick Slash","Blur"],"picked":"All Out Attack","floor":2},{"not_picked":["Sucker Punch","Flying Knee"],"picked":"All Out Attack","floor":4},{"not_picked":["Endless Agony","PiercingWail"],"picked":"Prepared","floor":7},{"not_picked":["Phantasmal Killer","Flying Knee"],"picked":"Dagger Throw","floor":8},{"not_picked":["Dodge and Roll","Slice"],"picked":"After Image","floor":10},{"not_picked":["Expertise","Dodge and Roll"],"picked":"Footwork","floor":11},{"not_picked":["Well Laid Plans","Quick Slash"],"picked":"PiercingWail","floor":12},{"not_picked":["Prepared","Deadly Poison"],"picked":"Cloak And Dagger","floor":14},{"not_picked":["Unload","Wraith Form v2"],"picked":"Malaise","floor":16},{"not_picked":["Bane+1","Skewer","Escape Plan"],"picked":"SKIP","floor":18},{"not_picked":["Deadly Poison","Deflect","PiercingWail"],"picked":"SKIP","floor":21},{"not_picked":["Distraction","Slice+1","Blade Dance"],"picked":"SKIP","floor":24},{"not_picked":["Dagger Throw","PiercingWail"],"picked":"Leg Sweep","floor":25},{"not_picked":["Sucker Punch","Well Laid Plans"],"picked":"Die Die Die","floor":27},{"not_picked":["Poisoned Stab","Deflect"],"picked":"Underhanded Strike","floor":28},{"not_picked":["Flying Knee","Flechettes","Slice"],"picked":"SKIP","floor":31},{"not_picked":["Burst","Malaise"],"picked":"Corpse Explosion","floor":33},{"not_picked":["Deflect+1","Skewer+1"],"picked":"PiercingWail+1","floor":35},{"not_picked":["Calculated Gamble","Heel Hook","Dagger Spray"],"picked":"SKIP","floor":39},{"not_picked":["Reflex+1","Phantasmal Killer","Flying Knee+1"],"picked":"SKIP","floor":40},{"not_picked":["Calculated Gamble","Tools of the Trade","Flying Knee+1"],"picked":"SKIP","floor":42},{"not_picked":["Expertise","Dodge and Roll"],"picked":"Accuracy","floor":45},{"not_picked":["Poisoned Stab+1","PiercingWail+1"],"picked":"Deadly Poison+1","floor":48}],"player_experience":209777,"relics_obtained":[{"floor":9,"key":"The Courier"},{"floor":10,"key":"Matryoshka"},{"floor":12,"key":"Shuriken"},{"floor":24,"key":"Bird Faced Urn"},{"floor":26,"key":"Happy Flower"},{"floor":26,"key":"Anchor"},{"floor":36,"key":"Turnip"},{"floor":40,"key":"The Specimen"},{"floor":42,"key":"Dream Catcher"},{"floor":43,"key":"MawBank"},{"floor":44,"key":"Juzu Bracelet"}],"event_choices":[{"cards_removed":["Choke"],"damage_healed":0,"gold_gain":0,"player_choice":"Offered Uncommon","damage_taken":0,"max_hp_gain":0,"max_hp_loss":0,"event_name":"Bonfire Elementals","floor":19,"gold_loss":0},{"damage_healed":0,"gold_gain":0,"player_choice":"Copied","damage_taken":0,"max_hp_gain":0,"max_hp_loss":0,"event_name":"Duplicator","floor":22,"gold_loss":0,"cards_obtained":["After Image"]},{"damage_healed":0,"gold_gain":0,"player_choice":"Fight","damage_taken":0,"max_hp_gain":0,"max_hp_loss":0,"event_name":"MindBloom","floor":36,"gold_loss":0},{"damage_healed":0,"gold_gain":0,"player_choice":"Leave","damage_taken":0,"max_hp_gain":0,"max_hp_loss":0,"event_name":"FaceTrader","floor":37,"gold_loss":0}],"is_beta":false,"boss_relics":[{"not_picked":["Philosopher\u0027s Stone","Runic Dome"],"picked":"Pandora\u0027s Box"},{"not_picked":["Busted Crown","WristBlade"],"picked":"Coffee Dripper"}],"items_purged_floors":[3],"is_endless":false,"potions_floor_spawned":[1,4,8,12,21,24,27,31,40,42],"killed_by":"Donu and Deca","ascension_level":1}