{"gold_per_floor":[114,114,128,148,162,194,212,239,239,239],"floor_reached":10,"playtime":1249,"items_purged":[],"score":84,"play_id":"3cd05691-4dae-4019-baec-27b8a9e27abf","local_time":"20190227005800","is_ascension_mode":true,"campfire_choices":[],"neow_cost":"NONE","seed_source_timestamp":187004171487711,"circlet_count":0,"master_deck":["Defend_G","Defend_G","Defend_G","Defend_G","Defend_G","Strike_G","Strike_G","Strike_G","Strike_G","Survivor","Neutralize","Distraction","Tools of the Trade","Blade Dance","Accuracy","Skewer","Backstab"],"relics":["Ring of the Snake","NeowsBlessing","The Courier","Shuriken","Toxic Egg 2"],"potions_floor_usage":[6,7,8],"damage_taken":[{"damage":0,"enemies":"Small Slimes","floor":1,"turns":1},{"damage":0,"enemies":"Cultist","floor":3,"turns":1},{"damage":0,"enemies":"2 Louse","floor":4,"turns":1},{"damage":8,"enemies":"Red Slaver","floor":5,"turns":5},{"damage":24,"enemies":"Gremlin Nob","floor":6,"turns":5},{"damage":5,"enemies":"Looter","floor":7,"turns":4},{"damage":8,"enemies":"Lagavulin","floor":8,"turns":8},{"damage":25,"enemies":"Gremlin Gang","floor":10,"turns":2}],"seed_played":"9124851513549369415","potions_obtained":[{"floor":1,"key":"FearPotion"},{"floor":3,"key":"SteroidPotion"},{"floor":7,"key":"GhostInAJar"}],"is_trial":false,"path_per_floor":["M","?","M","M","M","E","M","E","T","M"],"character_chosen":"THE_SILENT","items_purchased":[],"campfire_rested":0,"item_purchase_floors":[],"current_hp_per_floor":[70,70,70,70,62,38,33,25,25,0],"gold":239,"neow_bonus":"THREE_ENEMY_KILL","is_prod":false,"is_daily":false,"chose_seed":false,"campfire_upgraded":0,"win_rate":0,"timestamp":1551247080,"path_taken":["M","?","M","?","M","E","M","E","T","M"],"build_version":"2019-01-23","purchased_purges":0,"victory":false,"max_hp_per_floor":[70,70,70,70,70,70,70,70,70,70],"card_choices":[{"not_picked":["Slice","Flying Knee"],"picked":"Distraction","floor":1},{"not_picked":["Sucker Punch","Slice"],"picked":"Blade Dance","floor":3},{"not_picked":["Riddle With Holes","Dodge and Roll"],"picked":"Accuracy","floor":4},{"not_picked":["Flying Knee","Outmaneuver"],"picked":"Skewer","floor":5},{"not_picked":["Quick Slash","Bouncing Flask","Night Terror"],"picked":"SKIP","floor":6},{"not_picked":["Footwork","Dagger Spray"],"picked":"Backstab","floor":7},{"not_picked":["Catalyst","Outmaneuver","Predator"],"picked":"SKIP","floor":8}],"player_experience":486707,"relics_obtained":[{"floor":6,"key":"The Courier"},{"floor":8,"key":"Shuriken"},{"floor":9,"key":"Toxic Egg 2"}],"event_choices":[{"damage_healed":0,"gold_gain":0,"cards_transformed":["Strike_G"],"player_choice":"Transformed","damage_taken":0,"max_hp_gain":0,"max_hp_loss":0,"event_name":"Transmorgrifier","floor":2,"gold_loss":0,"cards_obtained":["Tools of the Trade"]}],"is_beta":false,"boss_relics":[],"items_purged_floors":[],"is_endless":false,"potions_floor_spawned":[1,3,7],"killed_by":"Gremlin Gang","ascension_level":1}