{"gold_per_floor":[214,214,136,151,172,172,172,172,250,275,201,224,224,260,260,381,381,406,43,59,59,80,80,98,111,111,111,132,132,168,183,183,309,309,324,324,344,344,19,53,53,53,78,78,11,11,25,40,40,40],"floor_reached":50,"playtime":1745,"items_purged":["Sentinel"],"score":492,"play_id":"d1c4d4a3-627e-42e5-aeeb-b4b3d8045cd6","local_time":"20181006013255","is_ascension_mode":false,"campfire_choices":[{"data":"Perfected Strike","floor":6,"key":"SMITH"},{"data":"Rage","floor":8,"key":"SMITH"},{"data":"Bash","floor":13,"key":"SMITH"},{"data":"Immolate","floor":15,"key":"SMITH"},{"floor":23,"key":"REST"},{"data":"Apotheosis","floor":27,"key":"SMITH"},{"floor":29,"key":"REST"},{"floor":32,"key":"REST"},{"floor":41,"key":"REST"},{"floor":46,"key":"REST"},{"floor":49,"key":"REST"}],"neow_cost":"NONE","seed_source_timestamp":315264030326524,"circlet_count":0,"master_deck":["Strike_R","Strike_R","Strike_R","Strike_R","Strike_R+1","Defend_R","Defend_R","Defend_R","Defend_R","Bash+1","Rage+1","Perfected Strike+1","Cleave+1","Intimidate","Shrug It Off","Immolate+1","Limit Break","Clothesline","Apotheosis+1","Metallicize","Infernal Blade","Flex+1","Sever Soul","Battle Trance","Heavy Blade","Flex","Demon Form","Anger","Inflame","Rage+1","Inflame"],"relics":["Burning Blood","Golden Idol","Calipers","Singing Bowl","Ginger","Vajra","Philosopher\u0027s Stone","PreservedInsect","MutagenicStrength","Question Card","Red Skull","Sozu","Nunchaku","Self Forming Clay","Whetstone","Smiling Mask","Pocketwatch"],"potions_floor_usage":[14,16,25,30,31],"damage_taken":[{"damage":6,"enemies":"2 Louse","floor":1,"turns":4},{"damage":0,"enemies":"Small Slimes","floor":4,"turns":4},{"damage":0,"enemies":"Jaw Worm","floor":5,"turns":3},{"damage":38,"enemies":"Gremlin Gang","floor":10,"turns":4},{"damage":0,"enemies":"2 Fungi Beasts","floor":12,"turns":4},{"damage":1,"enemies":"Gremlin Nob","floor":14,"turns":3},{"damage":33,"enemies":"Hexaghost","floor":16,"turns":8},{"damage":25,"enemies":"2 Thieves","floor":18,"turns":3},{"damage":16,"enemies":"Shell Parasite","floor":20,"turns":5},{"damage":34,"enemies":"Sentry and Sphere","floor":22,"turns":4},{"damage":0,"enemies":"Snake Plant","floor":24,"turns":2},{"damage":13,"enemies":"Snecko","floor":25,"turns":5},{"damage":0,"enemies":"Cultist and Chosen","floor":28,"turns":4},{"damage":64,"enemies":"Gremlin Leader","floor":30,"turns":4},{"damage":14,"enemies":"Chosen and Byrds","floor":31,"turns":3},{"damage":6,"enemies":"Champ","floor":33,"turns":6},{"damage":15,"enemies":"3 Shapes","floor":35,"turns":3},{"damage":35,"enemies":"Mind Bloom Boss Battle","floor":36,"turns":6},{"damage":21,"enemies":"3 Darklings","floor":37,"turns":3},{"damage":38,"enemies":"Nemesis","floor":40,"turns":5},{"damage":32,"enemies":"Sphere and 2 Shapes","floor":47,"turns":5},{"damage":21,"enemies":"Reptomancer","floor":48,"turns":5},{"damage":62,"enemies":"Awakened One","floor":50,"turns":2}],"seed_played":"-2579986311914284638","potions_obtained":[{"floor":4,"key":"Weak Potion"},{"floor":5,"key":"SpeedPotion"},{"floor":14,"key":"AttackPotion"},{"floor":22,"key":"Strength Potion"},{"floor":25,"key":"Regen Potion"},{"floor":30,"key":"SpeedPotion"},{"floor":33,"key":"Dexterity Potion"}],"is_trial":false,"path_per_floor":["M","?","$","M","M","R","T","R","T","M","?","M","R","E","R","B",null,"M","$","M","?","M","R","M","M","T","R","M","R","E","M","R","B",null,"M","?","M","?","$","E","R","?","T","T","$","R","M","M","R"],"character_chosen":"IRONCLAD","items_purchased":["Perfected Strike","Cleave","Apotheosis","PreservedInsect","Self Forming Clay","Inflame"],"campfire_rested":6,"item_purchase_floors":[3,3,19,19,39,45],"current_hp_per_floor":[80,74,74,74,74,74,74,74,74,44,44,52,52,57,57,30,78,59,59,49,49,21,44,50,43,43,43,49,72,23,15,38,38,78,71,42,27,70,70,38,59,59,59,59,59,70,46,33,55,0],"gold":40,"neow_bonus":"HUNDRED_GOLD","is_prod":false,"is_daily":false,"chose_seed":false,"campfire_upgraded":5,"win_rate":0,"timestamp":1538782375,"path_taken":["M","?","$","M","M","R","?","R","T","?","?","M","R","E","R","BOSS","M","$","M","?","M","R","M","?","T","R","M","R","E","M","R","BOSS","M","?","M","?","$","E","R","?","T","?","$","R","M","M","R","BOSS"],"build_version":"2018-10-04","purchased_purges":1,"victory":false,"max_hp_per_floor":[80,74,74,74,74,74,74,74,74,76,76,78,78,78,78,78,78,78,78,78,78,78,78,78,78,78,78,78,78,78,78,78,78,78,80,80,80,70,70,70,70,70,70,70,70,70,72,74,74,74],"card_choices":[{"not_picked":["Iron Wave","Wild Strike"],"picked":"Rage","floor":1},{"not_picked":["True Grit","Wild Strike"],"picked":"Intimidate","floor":4},{"not_picked":["Havoc","Clothesline"],"picked":"Shrug It Off","floor":5},{"not_picked":["Disarm","Shockwave","Pummel"],"picked":"Singing Bowl","floor":10},{"not_picked":["Bloodletting","Power Through","Havoc"],"picked":"Singing Bowl","floor":12},{"not_picked":["Searing Blow","Burning Pact"],"picked":"Immolate","floor":14},{"not_picked":["Exhume","Offering"],"picked":"Limit Break","floor":16},{"not_picked":["Corruption","True Grit+1"],"picked":"Clothesline","floor":18},{"not_picked":["Armaments","Sever Soul"],"picked":"Metallicize","floor":20},{"not_picked":["Thunderclap","Havoc+1"],"picked":"Infernal Blade","floor":22},{"not_picked":["Shrug It Off+1","Body Slam"],"picked":"Flex+1","floor":24},{"not_picked":["Armaments","Entrench+1"],"picked":"Sever Soul","floor":25},{"not_picked":["Pummel","Heavy Blade+1","Combust"],"picked":"Battle Trance","floor":28},{"not_picked":["Searing Blow","Bludgeon","Armaments"],"picked":"Heavy Blade","floor":30},{"not_picked":["True Grit+1","Headbutt","Second Wind"],"picked":"Flex","floor":31},{"not_picked":["Bludgeon","Reaper","Exhume"],"picked":"Demon Form","floor":33},{"not_picked":["Sword Boomerang+1","Heavy Blade","Feel No Pain+1","Armaments+1"],"picked":"Singing Bowl","floor":35},{"not_picked":["Body Slam+1","Rupture","Clash+1"],"picked":"Anger","floor":36},{"not_picked":["Sword Boomerang","Burning Pact+1","Reckless Charge"],"picked":"Sentinel","floor":37},{"not_picked":["Burning Pact+1","Armaments+1","Body Slam"],"picked":"Inflame","floor":40},{"not_picked":["Iron Wave+1","Anger+1","Wild Strike","Rupture+1"],"picked":"Singing Bowl","floor":47},{"not_picked":["Headbutt+1","Body Slam+1","Sword Boomerang","Shrug It Off"],"picked":"Singing Bowl","floor":48}],"player_experience":181340,"relics_obtained":[{"floor":7,"key":"Calipers"},{"floor":9,"key":"Singing Bowl"},{"floor":14,"key":"Vajra"},{"floor":26,"key":"Question Card"},{"floor":30,"key":"Red Skull"},{"floor":36,"key":"Nunchaku"},{"floor":40,"key":"Whetstone"},{"floor":43,"key":"Smiling Mask"},{"floor":44,"key":"Pocketwatch"}],"event_choices":[{"event_name":"Golden Idol","player_choice":"Lose Max HP","floor":2,"damage_taken":0},{"event_name":"WeMeetAgain","player_choice":"Gold","floor":11,"damage_taken":0},{"event_name":"Drug Dealer","player_choice":"Inject Mutagens","floor":21,"damage_taken":0},{"event_name":"MindBloom","player_choice":"Fight","floor":36,"damage_taken":0},{"event_name":"The Moai Head","player_choice":"Heal","floor":38,"damage_taken":0},{"event_name":"Duplicator","player_choice":"One dupe","floor":42,"damage_taken":0}],"is_beta":false,"boss_relics":[{"not_picked":["Mark of Pain","Calling Bell"],"picked":"Philosopher\u0027s Stone"},{"not_picked":["Pandora\u0027s Box","White Beast Statue"],"picked":"Sozu"}],"items_purged_floors":[39],"is_endless":false,"potions_floor_spawned":[4,5,14,22,25,30,33,35,40,48],"killed_by":"Awakened One","ascension_level":0}