{"gold_per_floor":[112,62,72,72,91,119,136,166,234,132,132,148,148,162,162,262,262,272,287,305,305,320,320],"floor_reached":23,"playtime":12384,"items_purged":[],"score":205,"play_id":"c710c040-1a70-4b66-8884-e8b1e043bbf7","local_time":"20190217095707","is_ascension_mode":false,"campfire_choices":[{"floor":11,"key":"REST"},{"floor":13,"key":"DIG"},{"floor":15,"key":"DIG"}],"neow_cost":"NONE","seed_source_timestamp":513329823605304,"circlet_count":0,"master_deck":["Strike_R","Strike_R","Strike_R","Defend_R","Defend_R","Defend_R","Bash","Shockwave","Thunderclap","True Grit","Shrug It Off","Iron Wave","Metallicize","Clothesline","Iron Wave","Thunderclap","Body Slam","Reaper","Armaments","Body Slam","Clothesline","Warcry","Anger","Warcry+1","Pommel Strike","Twin Strike+1","Iron Wave"],"relics":["Burning Blood","Girya","Shovel","Juzu Bracelet","Mercury Hourglass","Happy Flower","Ginger","Orrery"],"potions_floor_usage":[5,6,12,16,16,20],"damage_taken":[{"damage":5,"enemies":"Small Slimes","floor":1,"turns":4},{"damage":2,"enemies":"2 Louse","floor":3,"turns":3},{"damage":0,"enemies":"Cultist","floor":5,"turns":3},{"damage":57,"enemies":"Lagavulin","floor":6,"turns":12},{"damage":0,"enemies":"Exordium Wildlife","floor":7,"turns":7},{"damage":22,"enemies":"Gremlin Nob","floor":8,"turns":6},{"damage":3,"enemies":"Large Slime","floor":12,"turns":5},{"damage":1,"enemies":"3 Louse","floor":14,"turns":2},{"damage":13,"enemies":"Hexaghost","floor":16,"turns":11},{"damage":27,"enemies":"Spheric Guardian","floor":18,"turns":6},{"damage":34,"enemies":"3 Byrds","floor":19,"turns":5},{"damage":23,"enemies":"Centurion and Healer","floor":20,"turns":10},{"damage":28,"enemies":"Snake Plant","floor":22,"turns":5},{"damage":25,"enemies":"Book of Stabbing","floor":23,"turns":4}],"seed_played":"6467165949480181930","potions_obtained":[{"floor":3,"key":"AttackPotion"},{"floor":5,"key":"LiquidBronze"},{"floor":8,"key":"BloodPotion"},{"floor":14,"key":"PowerPotion"},{"floor":19,"key":"Regen Potion"}],"is_trial":false,"path_per_floor":["M","?","M","?","M","E","M","E","T","$","R","M","R","M","R","B",null,"M","M","M","?","M","E"],"character_chosen":"IRONCLAD","items_purchased":["Iron Wave","SkillPotion"],"campfire_rested":1,"item_purchase_floors":[10,10],"current_hp_per_floor":[80,80,80,73,79,28,34,18,18,18,42,45,45,50,50,51,80,59,37,35,35,17,0],"gold":320,"neow_bonus":"TRANSFORM_CARD","is_prod":false,"is_daily":false,"chose_seed":false,"campfire_upgraded":0,"win_rate":0.0,"timestamp":1550415427,"path_taken":["M","?","M","?","M","E","M","E","T","$","R","M","R","M","R","BOSS","M","M","M","?","M","E"],"build_version":"2019-01-23","purchased_purges":0,"victory":false,"max_hp_per_floor":[80,80,80,80,80,80,80,80,80,80,80,80,80,80,80,80,80,80,80,80,80,80,80],"card_choices":[{"not_picked":["Blood for Blood","Spot Weakness"],"picked":"Thunderclap","floor":1},{"not_picked":["Twin Strike","Sever Soul"],"picked":"True Grit","floor":3},{"not_picked":["Cleave","Hemokinesis"],"picked":"Shrug It Off","floor":5},{"not_picked":["Fiend Fire","Searing Blow"],"picked":"Iron Wave","floor":6},{"not_picked":["Uppercut","Armaments"],"picked":"Metallicize","floor":7},{"not_picked":["Hemokinesis","Flex"],"picked":"Clothesline","floor":8},{"not_picked":["Carnage","Pommel Strike"],"picked":"Thunderclap","floor":12},{"not_picked":["Sword Boomerang","Anger"],"picked":"Body Slam","floor":14},{"not_picked":["Berserk","Fiend Fire"],"picked":"Reaper","floor":16},{"not_picked":["Cleave","Flex"],"picked":"Armaments","floor":17},{"not_picked":["Entrench","Second Wind"],"picked":"Body Slam","floor":17},{"not_picked":["Dual Wield","Twin Strike"],"picked":"Clothesline","floor":17},{"not_picked":["Twin Strike","Carnage"],"picked":"Warcry","floor":17},{"not_picked":["Heavy Blade","Dark Embrace"],"picked":"Anger","floor":17},{"not_picked":["True Grit","Cleave+1"],"picked":"Warcry+1","floor":18},{"not_picked":["Anger","Cleave"],"picked":"Pommel Strike","floor":19},{"not_picked":["Fire Breathing","Cleave"],"picked":"Twin Strike+1","floor":20},{"not_picked":["Thunderclap","Heavy Blade+1"],"picked":"Iron Wave","floor":22}],"player_experience":57984,"relics_obtained":[{"floor":6,"key":"Shovel"},{"floor":8,"key":"Juzu Bracelet"},{"floor":9,"key":"Mercury Hourglass"},{"floor":13,"key":"Happy Flower"},{"floor":15,"key":"Ginger"}],"event_choices":[{"cards_removed":["Strike_R"],"damage_healed":0,"gold_gain":0,"player_choice":"Card Removal","damage_taken":0,"max_hp_gain":0,"max_hp_loss":0,"event_name":"The Cleric","floor":2,"gold_loss":50},{"damage_healed":0,"gold_gain":0,"player_choice":"Success","damage_taken":7,"relics_obtained":["Girya"],"max_hp_gain":0,"max_hp_loss":0,"event_name":"Scrap Ooze","floor":4,"gold_loss":0},{"cards_removed":["Strike_R"],"damage_healed":0,"gold_gain":0,"player_choice":"Purged","damage_taken":0,"max_hp_gain":0,"max_hp_loss":0,"event_name":"Purifier","floor":21,"gold_loss":0}],"is_beta":false,"boss_relics":[{"not_picked":["Velvet Choker","Black Star"],"picked":"Orrery"}],"items_purged_floors":[],"is_endless":false,"potions_floor_spawned":[3,5,8,14,19],"killed_by":"Book of Stabbing","ascension_level":0}