{"gold_per_floor":[110,110,120,195,49,49,64,64,89,106,125,125,125,144,144,240,290,305,291,302,315,331,331,331,341,417,417,437,437,437],"floor_reached":30,"playtime":1413,"items_purged":[],"score":251,"play_id":"7082f78a-c25b-4875-8714-92f2e9e2b02f","local_time":"20180729131113","is_ascension_mode":false,"campfire_choices":[{"data":"Zap","floor":6,"key":"SMITH"},{"data":"Beam Cell","floor":8,"key":"SMITH"},{"floor":13,"key":"REST"},{"data":"Buffer","floor":15,"key":"SMITH"},{"floor":23,"key":"REST"},{"data":"Defragment","floor":27,"key":"SMITH"},{"floor":29,"key":"REST"}],"neow_cost":"NONE","seed_source_timestamp":1366903078473102,"circlet_count":0,"master_deck":["Strike_B","Strike_B","Strike_B","Strike_B+1","Defend_B","Defend_B","Defend_B","Defend_B","Zap+1","Dualcast","Auto Shields","Steam","Buffer+1","Beam Cell+1","Glacier","Cold Snap","Aggregate","Rainbow","Steam","Ball Lightning+1","Sweeping Beam+1","Redo+1","Defragment+1","Sunder","Gash+1","Coolheaded"],"relics":["Cracked Core","Orichalcum","Vajra","Tiny House","The Courier"],"potions_floor_usage":[16,16,16,19,22,25],"damage_taken":[{"damage":6,"enemies":"2 Louse","floor":1,"turns":3},{"damage":1,"enemies":"Jaw Worm","floor":3,"turns":5},{"damage":9,"enemies":"Small Slimes","floor":7,"turns":4},{"damage":0,"enemies":"Exordium Wildlife","floor":10,"turns":3},{"damage":0,"enemies":"2 Fungi Beasts","floor":11,"turns":4},{"damage":12,"enemies":"Lots of Slimes","floor":14,"turns":4},{"damage":20,"enemies":"The Guardian","floor":16,"turns":15},{"damage":8,"enemies":"3 Byrds","floor":18,"turns":7},{"damage":16,"enemies":"2 Thieves","floor":19,"turns":4},{"damage":0,"enemies":"3 Cultists","floor":20,"turns":5},{"damage":2,"enemies":"Cultist and Chosen","floor":21,"turns":6},{"damage":18,"enemies":"Snake Plant","floor":22,"turns":5},{"damage":11,"enemies":"Centurion and Healer","floor":25,"turns":10},{"damage":13,"enemies":"Sentry and Sphere","floor":28,"turns":5},{"damage":60,"enemies":"Gremlin Leader","floor":30,"turns":9}],"seed_played":"-3354699308613840435","potions_obtained":[{"floor":3,"key":"Weak Potion"},{"floor":10,"key":"SkillPotion"},{"floor":11,"key":"Block Potion"},{"floor":17,"key":"Poison Potion"},{"floor":21,"key":"AttackPotion"},{"floor":22,"key":"Fire Potion"},{"floor":28,"key":"SpeedPotion"}],"is_trial":false,"path_per_floor":["M","?","M","?","$","R","M","R","T","M","M","?","R","M","R","B",null,"M","M","M","M","M","R","?","M","T","R","M","R"],"character_chosen":"DEFECT","items_purchased":["Buffer"],"campfire_rested":3,"item_purchase_floors":[5],"current_hp_per_floor":[76,76,75,64,64,64,55,55,55,55,55,30,54,42,42,22,87,79,63,63,61,43,69,52,41,41,41,28,55,0],"gold":437,"neow_bonus":"TEN_PERCENT_HP_BONUS","is_prod":false,"is_daily":false,"chose_seed":false,"campfire_upgraded":4,"win_rate":0,"timestamp":1532862673,"path_taken":["M","?","M","?","$","R","M","R","T","M","M","?","R","?","R","BOSS","M","M","M","M","M","R","?","M","T","R","M","R","E"],"build_version":"2018-07-26","purchased_purges":0,"victory":false,"max_hp_per_floor":[82,82,82,82,82,82,82,82,82,82,82,82,82,82,82,82,87,87,87,87,87,87,87,92,92,92,92,92,92,92],"card_choices":[{"not_picked":["Beam Cell","Conserve Battery"],"picked":"Auto Shields","floor":1},{"not_picked":["Genetic Algorithm","Glacier"],"picked":"Steam","floor":3},{"not_picked":["Doom and Gloom","Aggregate"],"picked":"Beam Cell","floor":7},{"not_picked":["Barrage","Storm"],"picked":"Glacier","floor":10},{"not_picked":["Multi-Cast","Skim"],"picked":"Cold Snap","floor":11},{"not_picked":["Heatsinks","FTL"],"picked":"Aggregate","floor":14},{"not_picked":["Creative AI","Machine Learning"],"picked":"Rainbow","floor":16},{"not_picked":["Aggregate","Chill"],"picked":"Steam","floor":17},{"not_picked":["BootSequence","Streamline"],"picked":"Ball Lightning+1","floor":18},{"not_picked":["Rebound+1","Stack"],"picked":"Sweeping Beam+1","floor":19},{"not_picked":["Core Surge","Skim"],"picked":"Redo+1","floor":20},{"not_picked":["Reinforced Body","Chill"],"picked":"Defragment","floor":21},{"not_picked":["Barrage+1","Cold Snap"],"picked":"Sunder","floor":22},{"not_picked":["Stack+1","Darkness"],"picked":"Gash+1","floor":25},{"not_picked":["Storm+1","Redo"],"picked":"Coolheaded","floor":28}],"player_experience":76614,"relics_obtained":[{"floor":9,"key":"Orichalcum"},{"floor":26,"key":"The Courier"}],"event_choices":[{"event_name":"Liars Game","player_choice":"disagreed","floor":2,"damage_taken":0},{"event_name":"World of Goop","player_choice":"Gather Gold","floor":4,"damage_taken":0},{"event_name":"Scrap Ooze","player_choice":"success","floor":12,"damage_taken":25},{"event_name":"Forgotten Altar","player_choice":"Shed Blood","floor":24,"damage_taken":0}],"is_beta":false,"boss_relics":[{"not_picked":["Coffee Dripper","Astrolabe"],"picked":"Tiny House"}],"items_purged_floors":[],"is_endless":false,"potions_floor_spawned":[3,10,11,21,22,28],"killed_by":"Gremlin Leader","ascension_level":0}