{"gold_per_floor":[112,62,62,81,3,3,63,63,63,63,89,89,108,124,124,221,221,235,160,173,193,193,193,193],"floor_reached":24,"playtime":1126,"items_purged":["Strike_G"],"score":309,"play_id":"7909fc40-488b-44ae-9f64-1c698e0bffe7","local_time":"20190111193621","is_ascension_mode":true,"campfire_choices":[{"data":"After Image","floor":6,"key":"SMITH"},{"floor":12,"key":"REST"},{"data":"Bouncing Flask","floor":15,"key":"SMITH"},{"data":"Noxious Fumes","floor":23,"key":"SMITH"}],"neow_cost":"NONE","seed_source_timestamp":9309747879065,"circlet_count":0,"master_deck":["Defend_G","Defend_G","Defend_G","Defend_G","Strike_G+1","Strike_G","Strike_G","Survivor+1","Neutralize","Deflect","Sucker Punch","After Image+1","Tactician","Bouncing Flask+1","Calculated Gamble","Glass Knife","Cloak And Dagger","Tactician","Noxious Fumes+1","Flechettes","Bane+1","Noxious Fumes","Blur"],"relics":["Ring of the Snake","NeowsBlessing","Tiny Chest","Pantograph","Gambling Chip","Orrery"],"potions_floor_usage":[11,14,20,21,24],"damage_taken":[{"damage":0,"enemies":"2 Louse","floor":1,"turns":1},{"damage":0,"enemies":"Jaw Worm","floor":4,"turns":1},{"damage":0,"enemies":"3 Sentries","floor":7,"turns":1},{"damage":30,"enemies":"Lagavulin","floor":11,"turns":12},{"damage":0,"enemies":"Small Slimes","floor":13,"turns":4},{"damage":3,"enemies":"3 Louse","floor":14,"turns":6},{"damage":21,"enemies":"Hexaghost","floor":16,"turns":9},{"damage":10,"enemies":"Shell Parasite","floor":18,"turns":6},{"damage":11,"enemies":"2 Thieves","floor":20,"turns":4},{"damage":20,"enemies":"Snecko","floor":21,"turns":5},{"damage":37,"enemies":"Book of Stabbing","floor":24,"turns":4}],"seed_played":"8180929824532842311","potions_obtained":[{"floor":4,"key":"EssenceOfSteel"},{"floor":7,"key":"SpeedPotion"},{"floor":13,"key":"Regen Potion"},{"floor":18,"key":"PowerPotion"},{"floor":21,"key":"AttackPotion"}],"is_trial":false,"path_per_floor":["M","?","?","M","$","R","E","?","T","?","E","R","M","M","R","B",null,"M","$","M","M","?","R","E"],"character_chosen":"THE_SILENT","items_purchased":["After Image"],"campfire_rested":1,"item_purchase_floors":[5],"current_hp_per_floor":[63,63,63,63,63,63,63,49,49,42,12,33,33,30,30,34,61,51,51,40,34,34,34,0],"gold":193,"neow_bonus":"THREE_ENEMY_KILL","is_prod":false,"is_daily":false,"chose_seed":false,"campfire_upgraded":3,"win_rate":0,"timestamp":1547231781,"path_taken":["M","?","?","M","$","R","E","?","T","?","E","R","M","M","R","BOSS","M","$","M","M","?","R","E"],"build_version":"2019-01-10","purchased_purges":1,"victory":false,"max_hp_per_floor":[70,70,70,70,70,70,70,70,70,70,70,70,70,70,70,70,70,70,70,70,70,70,70,70],"card_choices":[{"not_picked":["Flying Knee","Sucker Punch"],"picked":"Deflect","floor":1},{"not_picked":["Outmaneuver","Deflect"],"picked":"Sucker Punch","floor":4},{"not_picked":["Quick Slash","Sucker Punch","Masterful Stab"],"picked":"SKIP","floor":7},{"not_picked":["Unload","Quick Slash"],"picked":"Tactician","floor":11},{"not_picked":["Bane","Cloak And Dagger"],"picked":"Bouncing Flask","floor":13},{"not_picked":["Blade Dance","Masterful Stab"],"picked":"Calculated Gamble","floor":14},{"not_picked":["Night Terror","Tools of the Trade"],"picked":"Glass Knife","floor":16},{"not_picked":["Heel Hook","Setup"],"picked":"Cloak And Dagger","floor":17},{"not_picked":["Crippling Poison","Slice"],"picked":"Tactician","floor":17},{"not_picked":["Quick Slash","Sucker Punch"],"picked":"Noxious Fumes","floor":17},{"not_picked":["Calculated Gamble","Prepared"],"picked":"Flechettes","floor":17},{"not_picked":["Choke+1","Dodge and Roll"],"picked":"Bane+1","floor":18},{"not_picked":["Deflect","Underhanded Strike"],"picked":"Noxious Fumes","floor":20},{"not_picked":["Predator","Quick Slash+1"],"picked":"Blur","floor":21}],"player_experience":496235,"relics_obtained":[{"floor":7,"key":"Tiny Chest"},{"floor":9,"key":"Pantograph"},{"floor":11,"key":"Gambling Chip"}],"event_choices":[{"cards_removed":["Defend_G"],"damage_healed":0,"gold_gain":0,"player_choice":"Card Removal","damage_taken":0,"max_hp_gain":0,"max_hp_loss":0,"event_name":"The Cleric","floor":2,"gold_loss":50},{"damage_healed":0,"gold_gain":0,"player_choice":"Ignored","damage_taken":0,"max_hp_gain":0,"max_hp_loss":0,"event_name":"Liars Game","floor":3,"gold_loss":0},{"damage_healed":0,"gold_gain":0,"player_choice":"Entered Light","damage_taken":14,"max_hp_gain":0,"max_hp_loss":0,"event_name":"Shining Light","floor":8,"gold_loss":0,"cards_upgraded":["Survivor","Strike_G"]},{"cards_removed":["Strike_G"],"damage_healed":0,"gold_gain":0,"player_choice":"Card Removal","damage_taken":7,"max_hp_gain":0,"max_hp_loss":0,"event_name":"Golden Wing","floor":10,"gold_loss":0},{"damage_healed":0,"gold_gain":0,"player_choice":"Ignored","damage_taken":0,"max_hp_gain":0,"max_hp_loss":0,"event_name":"Ghosts","floor":22,"gold_loss":0}],"is_beta":false,"boss_relics":[{"not_picked":["Astrolabe","Empty Cage"],"picked":"Orrery"}],"items_purged_floors":[19],"is_endless":false,"potions_floor_spawned":[4,7,13,18,21],"killed_by":"Book of Stabbing","ascension_level":7}