{"gold_per_floor":[111,111,130,130,142,177,177,194,194,51,51,51,64,91,91,196,196,208,227,142,42,42,42,52,52,76,76,96,18,28,45,45,45],"floor_reached":33,"playtime":1293,"items_purged":["Defend_B","Strike_B"],"score":257,"play_id":"a09ef952-2174-4d7e-9803-482fbee475f9","local_time":"20181117180915","is_ascension_mode":false,"campfire_choices":[{"data":"Zap","floor":7,"key":"SMITH"},{"data":"Self Repair","floor":12,"key":"SMITH"},{"floor":15,"key":"REST"},{"data":"Echo Form","floor":23,"key":"SMITH"},{"data":"Dualcast","floor":25,"key":"SMITH"},{"data":"Double Energy","floor":27,"key":"SMITH"},{"data":"Go for the Eyes","floor":32,"key":"SMITH"}],"neow_cost":"NONE","seed_source_timestamp":251075339961497,"circlet_count":0,"master_deck":["Strike_B","Strike_B","Strike_B","Defend_B","Defend_B","Defend_B","Zap+1","Dualcast+1","Turbo","Leap","Genetic Algorithm","Reinforced Body","Gash","Self Repair+1","Go for the Eyes+1","Machine Learning","Echo Form+1","White Noise+1","White Noise+1","Double Energy+1","Tempest","Sunder","BootSequence","Beam Cell+1"],"relics":["Cracked Core","Strawberry","CultistMask","Symbiotic Virus","Darkstone Periapt","Orichalcum","Nuclear Battery","Blood Vial","Anchor"],"potions_floor_usage":[6,6,6,6,30],"damage_taken":[{"damage":0,"enemies":"2 Louse","floor":1,"turns":3},{"damage":0,"enemies":"Cultist","floor":3,"turns":3},{"damage":6,"enemies":"Jaw Worm","floor":5,"turns":3},{"damage":20,"enemies":"Gremlin Nob","floor":6,"turns":4},{"damage":0,"enemies":"Red Slaver","floor":8,"turns":5},{"damage":8,"enemies":"Lots of Slimes","floor":13,"turns":5},{"damage":22,"enemies":"3 Sentries","floor":14,"turns":7},{"damage":48,"enemies":"Hexaghost","floor":16,"turns":12},{"damage":19,"enemies":"Spheric Guardian","floor":18,"turns":4},{"damage":31,"enemies":"2 Thieves","floor":19,"turns":5},{"damage":2,"enemies":"Centurion and Healer","floor":24,"turns":9},{"damage":12,"enemies":"Snake Plant","floor":28,"turns":4},{"damage":30,"enemies":"Sentry and Sphere","floor":30,"turns":4},{"damage":9,"enemies":"Cultist and Chosen","floor":31,"turns":6},{"damage":56,"enemies":"Champ","floor":33,"turns":10}],"seed_played":"-1422961137885786059","potions_obtained":[{"floor":0,"key":"SneckoOil"},{"floor":0,"key":"EntropicBrew"},{"floor":0,"key":"Strength Potion"},{"floor":5,"key":"FocusPotion"},{"floor":6,"key":"Energy Potion"},{"floor":13,"key":"Ancient Potion"},{"floor":16,"key":"SteroidPotion"},{"floor":24,"key":"Energy Potion"}],"is_trial":false,"path_per_floor":["M","?","M","?","M","E","R","M","T","$","$","R","M","E","R","B",null,"M","M","?","$","?","R","M","R","T","R","M","$","M","M","R","B"],"character_chosen":"DEFECT","items_purchased":["Self Repair","Sunder"],"campfire_rested":1,"item_purchase_floors":[10,29],"current_hp_per_floor":[75,75,75,75,69,49,49,49,49,49,49,49,51,39,63,15,82,73,52,52,52,52,52,62,62,62,62,62,62,44,47,47,0],"gold":45,"neow_bonus":"THREE_SMALL_POTIONS","is_prod":false,"is_daily":false,"chose_seed":false,"campfire_upgraded":6,"win_rate":0,"timestamp":1542474555,"path_taken":["M","?","M","?","?","E","R","M","T","?","$","R","M","E","R","BOSS","M","?","?","$","?","R","M","R","T","R","?","?","M","M","R","BOSS"],"build_version":"2018-11-15","purchased_purges":2,"victory":false,"max_hp_per_floor":[75,82,82,82,82,82,82,82,82,82,82,82,82,82,82,82,82,82,82,82,82,82,82,82,82,82,82,82,82,82,82,82,82],"card_choices":[{"not_picked":["Rip and Tear","Capacitor"],"picked":"Turbo","floor":1},{"not_picked":["Reprogram","Turbo"],"picked":"Leap","floor":3},{"not_picked":["Compile Driver","Lockon"],"picked":"Genetic Algorithm","floor":5},{"not_picked":["Rebound","Redo"],"picked":"Reinforced Body","floor":6},{"not_picked":["Compile Driver","Leap"],"picked":"Gash","floor":8},{"not_picked":["Melter","Beam Cell"],"picked":"Go for the Eyes","floor":13},{"not_picked":["Chaos","Compile Driver"],"picked":"Machine Learning","floor":14},{"not_picked":["Biased Cognition","All For One"],"picked":"Echo Form","floor":16},{"not_picked":["Cold Snap+1","Sweeping Beam"],"picked":"White Noise+1","floor":18},{"not_picked":["Consume+1","Scrape+1"],"picked":"White Noise+1","floor":19},{"not_picked":["Stack+1","Go for the Eyes+1"],"picked":"Double Energy","floor":24},{"not_picked":["Turbo+1","Stack"],"picked":"Tempest","floor":28},{"not_picked":["Ball Lightning+1","Core Surge"],"picked":"BootSequence","floor":30},{"not_picked":["Force Field","Leap"],"picked":"Beam Cell+1","floor":31}],"player_experience":305423,"relics_obtained":[{"floor":6,"key":"Symbiotic Virus"},{"floor":9,"key":"Darkstone Periapt"},{"floor":14,"key":"Orichalcum"},{"floor":26,"key":"Anchor"}],"event_choices":[{"damage_healed":0,"gold_gain":0,"player_choice":"Success","damage_taken":7,"relics_obtained":["Strawberry"],"max_hp_gain":0,"max_hp_loss":0,"event_name":"Scrap Ooze","floor":2,"gold_loss":0},{"damage_healed":0,"gold_gain":0,"player_choice":"Trade","damage_taken":0,"relics_obtained":["CultistMask"],"max_hp_gain":0,"max_hp_loss":0,"event_name":"FaceTrader","floor":4,"gold_loss":0},{"damage_healed":0,"gold_gain":0,"player_choice":"Obtained Relic","damage_taken":0,"relics_obtained":["Blood Vial"],"max_hp_gain":0,"max_hp_loss":0,"event_name":"Addict","floor":20,"gold_loss":85},{"damage_healed":0,"gold_gain":0,"player_choice":"Got Potions","damage_taken":0,"max_hp_gain":0,"max_hp_loss":0,"event_name":"Lab","floor":22,"gold_loss":0}],"is_beta":false,"boss_relics":[{"not_picked":["Lizard Tail","Tiny House"],"picked":"Nuclear Battery"}],"items_purged_floors":[10,21],"is_endless":false,"potions_floor_spawned":[5,6,13,16,18,24],"killed_by":"Champ","ascension_level":0}