{"gold_per_floor":[109,120,135,135,59,59,94,19,68,87,151,151,161,186,186,285,285,285,210,75,75,75,75,75,75,75,75,75,75,75,75,75,75,75,75,75,75],"floor_reached":37,"playtime":1927,"items_purged":["Strike_G","Strike_G"],"score":427,"play_id":"3712cc2d-5d3e-4eae-a00a-7c30c8f4c373","local_time":"20181124131734","is_ascension_mode":true,"campfire_choices":[{"data":"Neutralize","floor":6.0,"key":"SMITH"},{"floor":12.0,"key":"REST"},{"data":"Survivor","floor":15.0,"key":"SMITH"},{"data":"Noxious Fumes","floor":23.0,"key":"SMITH"},{"data":"Doppelganger","floor":28.0,"key":"SMITH"},{"data":"Burst","floor":32.0,"key":"SMITH"}],"neow_cost":"NONE","seed_source_timestamp":0,"circlet_count":0,"master_deck":["Defend_G","Defend_G","Defend_G","Strike_G","Strike_G","Survivor+1","Neutralize+1","PiercingWail","Poisoned Stab","Dash","Doppelganger+1","Acrobatics","Dagger Spray","Caltrops","Backstab","A Thousand Cuts","Noxious Fumes+1","Deadly Poison","Poisoned Stab","Burst+1","Well Laid Plans+1","Sucker Punch","Bullet Time","Predator+1"],"special_seed":0,"relics":["Ring of the Snake","Ancient Tea Set","PreservedInsect","Strawberry","Tiny Chest","Pen Nib","Ectoplasm","Singing Bowl","Frozen Egg 2","Potion Belt","Lizard Tail","Turnip","Paper Crane"],"potions_floor_usage":[],"damage_taken":[{"damage":4.0,"enemies":"Cultist","floor":1.0,"turns":5.0},{"damage":0.0,"enemies":"2 Louse","floor":2.0,"turns":5.0},{"damage":0.0,"enemies":"Small Slimes","floor":3.0,"turns":3.0},{"damage":8.0,"enemies":"Lagavulin","floor":7.0,"turns":8.0},{"damage":4.0,"enemies":"Red Slaver","floor":10.0,"turns":5.0},{"damage":19.0,"enemies":"3 Sentries","floor":11.0,"turns":10.0},{"damage":0.0,"enemies":"Looter","floor":13.0,"turns":3.0},{"damage":10.0,"enemies":"Gremlin Nob","floor":14.0,"turns":4.0},{"damage":26.0,"enemies":"Hexaghost","floor":16.0,"turns":12.0},{"damage":0.0,"enemies":"3 Byrds","floor":18.0,"turns":5.0},{"damage":0.0,"enemies":"Chosen","floor":21.0,"turns":4.0},{"damage":1.0,"enemies":"Centurion and Healer","floor":25.0,"turns":5.0},{"damage":21.0,"enemies":"Slavers","floor":27.0,"turns":4.0},{"damage":0.0,"enemies":"Snake Plant","floor":29.0,"turns":4.0},{"damage":1.0,"enemies":"Cultist and Chosen","floor":31.0,"turns":6.0},{"damage":20.0,"enemies":"Collector","floor":33.0,"turns":10.0},{"damage":23.0,"enemies":"Orb Walker","floor":35.0,"turns":5.0},{"damage":27.0,"enemies":"2 Orb Walkers","floor":36.0,"turns":5.0},{"damage":13,"enemies":"3 Darklings","floor":37,"turns":3}],"seed_played":"3441539357548651550","potions_obtained":[{"floor":7.0,"key":"Ancient Potion"},{"floor":11.0,"key":"Ancient Potion"},{"floor":13.0,"key":"GhostInAJar"},{"floor":16.0,"key":"Swift Potion"},{"floor":33.0,"key":"Weak Potion"}],"is_trial":false,"path_per_floor":["M","M","M","?","?","R","E","$","T","M","E","R","M","E","R","B",null,"M","?","$","M","?","R","T","M","T","E","R","M","?","M","R","B",null,"M","?","T","M"],"character_chosen":"THE_SILENT","items_purchased":["Noxious Fumes"],"campfire_rested":1,"item_purchase_floors":[20],"current_hp_per_floor":[66,66,66,59,59,59,51,51,58,54,35,58,58,48,48,22,77,77,77,77,77,77,77,77,76,76,55,55,55,55,54,54,34,77,54,27,14],"gold":75,"neow_bonus":"REMOVE_CARD","is_prod":false,"is_daily":false,"chose_seed":false,"campfire_upgraded":5,"win_rate":0,"timestamp":1543061854,"path_taken":["M","M","?","?","?","R","E","$","T","M","E","R","?","E","R","BOSS","M","?","$","M","?","R","?","M","T","E","R","M","?","M","R","BOSS","M","?","M"],"build_version":"2018-11-15","purchased_purges":2,"victory":false,"max_hp_per_floor":[70,70,70,70,70,70,70,70,77,77,77,77,77,77,77,77,77,77,77,77,77,77,77,77,77,77,77,77,77,77,77,77,77,77,77,77,77],"card_choices":[{"not_picked":["Outmaneuver","Dodge and Roll"],"picked":"PiercingWail","floor":1.0},{"not_picked":["Skewer","Backstab"],"picked":"Poisoned Stab","floor":2.0},{"not_picked":["Flying Knee","Acrobatics"],"picked":"Dash","floor":3.0},{"not_picked":["Bane","Acrobatics"],"picked":"Doppelganger","floor":7.0},{"not_picked":["Infinite Blades","Finisher"],"picked":"Acrobatics","floor":10.0},{"not_picked":["PiercingWail","Doppelganger"],"picked":"Dagger Spray","floor":11.0},{"not_picked":["Flechettes","Underhanded Strike"],"picked":"Caltrops","floor":13.0},{"not_picked":["Dagger Spray","Blade Dance"],"picked":"Backstab","floor":14.0},{"not_picked":["Venomology","Phantasmal Killer"],"picked":"A Thousand Cuts","floor":16.0},{"not_picked":["Dodge and Roll+1","Choke","PiercingWail"],"picked":"SKIP","floor":18.0},{"not_picked":["Terror+1","Masterful Stab"],"picked":"Deadly Poison","floor":21.0},{"not_picked":["Infinite Blades","Flying Knee"],"picked":"Poisoned Stab","floor":25.0},{"not_picked":["Riddle With Holes","Cloak And Dagger"],"picked":"Burst","floor":27.0},{"not_picked":["Expertise","All Out Attack"],"picked":"Well Laid Plans+1","floor":29.0},{"not_picked":["Prepared","Riddle With Holes+1"],"picked":"Sucker Punch","floor":31.0},{"not_picked":["Burst","Wraith Form v2+1"],"picked":"Bullet Time","floor":33.0},{"not_picked":["Dagger Spray+1","Distraction"],"picked":"Predator+1","floor":35.0}],"player_experience":342869,"relics_obtained":[{"floor":7.0,"key":"PreservedInsect"},{"floor":9.0,"key":"Strawberry"},{"floor":11.0,"key":"Tiny Chest"},{"floor":14.0,"key":"Pen Nib"},{"floor":24.0,"key":"Singing Bowl"},{"floor":26.0,"key":"Frozen Egg 2"},{"floor":27.0,"key":"Potion Belt"},{"floor":36,"key":"Turnip"},{"floor":36,"key":"Paper Crane"}],"event_choices":[{"cards_removed":["Defend_G"],"damage_healed":0.0,"max_hp_gain":0.0,"max_hp_loss":0.0,"gold_gain":0.0,"event_name":"Golden Wing","player_choice":"Card Removal","floor":4.0,"gold_loss":0.0,"damage_taken":7.0},{"damage_healed":0.0,"max_hp_gain":0.0,"max_hp_loss":0.0,"gold_gain":0.0,"event_name":"WeMeetAgain","player_choice":"Paid Gold","floor":5.0,"gold_loss":76.0,"damage_taken":0.0,"relics_obtained":["Ancient Tea Set"]},{"cards_removed":["Strike_G"],"damage_healed":0.0,"max_hp_gain":0.0,"max_hp_loss":0.0,"gold_gain":0.0,"event_name":"Beggar","player_choice":"Gave Gold","floor":19.0,"gold_loss":75.0,"damage_taken":0.0},{"damage_healed":0.0,"max_hp_gain":0.0,"max_hp_loss":0.0,"gold_gain":0.0,"event_name":"Ghosts","player_choice":"Ignored","floor":22.0,"gold_loss":0.0,"damage_taken":0.0},{"damage_healed":0.0,"max_hp_gain":0.0,"max_hp_loss":0.0,"gold_gain":0.0,"event_name":"Mysterious Sphere","player_choice":"Fight","floor":36.0,"gold_loss":0.0,"damage_taken":0.0}],"is_beta":false,"boss_relics":[{"not_picked":["Coffee Dripper","Tiny House"],"picked":"Ectoplasm"},{"not_picked":["Snecko Eye","Calling Bell"],"picked":"Lizard Tail"}],"items_purged_floors":[8,20],"is_endless":false,"potions_floor_spawned":[7,11,13,16,21,25,33],"killed_by":"3 Darklings","ascension_level":1}