{"gold_per_floor":[113,60,160,172,27,27,59,145,145,160,160,179,179,195,195,295,295,305,305,290,304,9,35,35,54,54,54,54,74,3,3,3,3],"floor_reached":33,"playtime":1522,"items_purged":["Strike_G","Decay"],"score":289,"play_id":"271380c2-17fe-4e12-873d-0d2a7a6ce9f2","local_time":"20181118165216","is_ascension_mode":false,"campfire_choices":[{"data":"Neutralize","floor":6,"key":"SMITH"},{"data":"Noxious Fumes","floor":11,"key":"SMITH"},{"data":"Adrenaline","floor":15,"key":"SMITH"},{"data":"Doppelganger","floor":24,"key":"SMITH"},{"floor":27,"key":"REST"},{"floor":32,"key":"REST"}],"neow_cost":"NONE","seed_source_timestamp":60176255340175,"circlet_count":0,"master_deck":["Defend_G","Defend_G","Defend_G","Defend_G","Defend_G","Strike_G","Strike_G","Strike_G","Survivor","Neutralize+1","Escape Plan","Deflect","Noxious Fumes+1","Adrenaline+1","Dash","Bouncing Flask","Deflect","Doppelganger+1","Backflip","Venomology","Decay","Slice","Flying Knee+1","Sucker Punch","Poisoned Stab+1","PiercingWail+1","Decay","Escape Plan"],"relics":["Ring of the Snake","NeowsBlessing","Pantograph","Tiny Chest","Gremlin Horn","Calling Bell","Blood Vial","Blue Candle","The Specimen","Spirit Poop","Toy Ornithopter","Incense Burner","Frozen Egg 2"],"potions_floor_usage":[8,8,18,18,20,20,20,21,21,23,25,29,31,33],"damage_taken":[{"damage":0,"enemies":"2 Louse","floor":1,"turns":1},{"damage":0,"enemies":"Cultist","floor":4,"turns":1},{"damage":0,"enemies":"Lagavulin","floor":7,"turns":2},{"damage":22,"enemies":"Lagavulin Event","floor":8,"turns":10},{"damage":0,"enemies":"Small Slimes","floor":10,"turns":3},{"damage":0,"enemies":"2 Fungi Beasts","floor":12,"turns":3},{"damage":0,"enemies":"Lots of Slimes","floor":14,"turns":4},{"damage":24,"enemies":"The Guardian","floor":16,"turns":9},{"damage":31,"enemies":"Spheric Guardian","floor":18,"turns":5},{"damage":1,"enemies":"2 Thieves","floor":20,"turns":5},{"damage":9,"enemies":"Shelled Parasite and Fungi","floor":21,"turns":7},{"damage":40,"enemies":"Book of Stabbing","floor":23,"turns":7},{"damage":15,"enemies":"3 Cultists","floor":25,"turns":6},{"damage":16,"enemies":"Snake Plant","floor":29,"turns":5},{"damage":0,"enemies":"Colosseum Slavers","floor":31,"turns":4},{"damage":85,"enemies":"Champ","floor":33,"turns":13}],"seed_played":"6340218389631444944","potions_obtained":[{"floor":1,"key":"GhostInAJar"},{"floor":7,"key":"GhostInAJar"},{"floor":8,"key":"Block Potion"},{"floor":10,"key":"SkillPotion"},{"floor":12,"key":"Swift Potion"},{"floor":20,"key":"Regen Potion"}],"is_trial":false,"path_per_floor":["M","$","?","M","$","R","E","?","T","M","R","M","?","M","R","B",null,"M","?","M","M","$","E","R","M","T","R","?","M","$","?","R","B"],"character_chosen":"THE_SILENT","items_purchased":["Deflect","Noxious Fumes","Toy Ornithopter","Escape Plan"],"campfire_rested":2,"item_purchase_floors":[2,5,22,30],"current_hp_per_floor":[70,70,70,70,70,70,70,48,48,48,48,48,48,48,48,46,70,39,39,40,48,48,15,15,7,7,28,28,19,19,26,47,0],"gold":3,"neow_bonus":"THREE_ENEMY_KILL","is_prod":false,"is_daily":false,"chose_seed":false,"campfire_upgraded":4,"win_rate":0,"timestamp":1542556336,"path_taken":["M","$","?","M","?","R","E","?","T","M","R","M","?","?","R","BOSS","M","?","M","?","$","E","R","M","T","R","?","M","$","?","R","BOSS"],"build_version":"2018-11-15","purchased_purges":2,"victory":false,"max_hp_per_floor":[70,70,70,70,70,70,70,70,70,70,70,70,70,70,70,70,70,70,70,70,70,70,70,70,70,70,70,70,70,70,70,70,70],"card_choices":[{"not_picked":["Prepared","Underhanded Strike"],"picked":"Escape Plan","floor":1},{"not_picked":["Underhanded Strike","Dodge and Roll","Acrobatics"],"picked":"SKIP","floor":4},{"not_picked":["Skewer","Slice"],"picked":"Adrenaline","floor":7},{"not_picked":["Calculated Gamble","Blade Dance"],"picked":"Dash","floor":8},{"not_picked":["Dash","Deflect"],"picked":"Bouncing Flask","floor":10},{"not_picked":["Dodge and Roll","Cloak And Dagger"],"picked":"Deflect","floor":12},{"not_picked":["Eviscerate","Underhanded Strike"],"picked":"Backflip","floor":14},{"not_picked":["Phantasmal Killer","Wraith Form v2"],"picked":"Venomology","floor":16},{"not_picked":["Skewer","Expertise"],"picked":"Slice","floor":18},{"not_picked":["Setup","Deflect"],"picked":"Flying Knee+1","floor":20},{"not_picked":["Reflex","Storm of Steel"],"picked":"Sucker Punch","floor":21},{"not_picked":["Cloak And Dagger","Noxious Fumes"],"picked":"Poisoned Stab+1","floor":23},{"not_picked":["Masterful Stab","Choke"],"picked":"PiercingWail+1","floor":25},{"not_picked":["All Out Attack","Choke","PiercingWail"],"picked":"SKIP","floor":29}],"player_experience":314997,"relics_obtained":[{"floor":7,"key":"Pantograph"},{"floor":9,"key":"Gremlin Horn"},{"floor":17,"key":"Blood Vial"},{"floor":17,"key":"Blue Candle"},{"floor":17,"key":"The Specimen"},{"floor":23,"key":"Incense Burner"},{"floor":26,"key":"Frozen Egg 2"}],"event_choices":[{"damage_healed":0,"gold_gain":100,"player_choice":"Pray","damage_taken":0,"max_hp_gain":0,"max_hp_loss":0,"event_name":"Golden Shrine","floor":3,"gold_loss":0},{"damage_healed":0,"gold_gain":0,"player_choice":"Searched \u00273\u0027 times","damage_taken":0,"relics_obtained":["Tiny Chest"],"max_hp_gain":0,"max_hp_loss":0,"event_name":"Dead Adventurer","floor":8,"gold_loss":0},{"damage_healed":0,"gold_gain":0,"cards_transformed":["Strike_G"],"player_choice":"Transformed","damage_taken":0,"max_hp_gain":0,"max_hp_loss":0,"event_name":"Transmorgrifier","floor":13,"gold_loss":0,"cards_obtained":["Doppelganger"]},{"cards_removed":["Pain"],"damage_healed":0,"gold_gain":0,"player_choice":"Offered Curse","damage_taken":0,"relics_obtained":["Spirit Poop"],"max_hp_gain":0,"max_hp_loss":0,"event_name":"Bonfire Elementals","floor":19,"gold_loss":0},{"damage_healed":0,"gold_gain":0,"player_choice":"Smashed Altar","damage_taken":0,"max_hp_gain":0,"max_hp_loss":0,"event_name":"Forgotten Altar","floor":28,"gold_loss":0,"cards_obtained":["Decay"]},{"damage_healed":0,"gold_gain":0,"player_choice":"Fight","damage_taken":0,"max_hp_gain":0,"max_hp_loss":0,"event_name":"Colosseum","floor":31,"gold_loss":0},{"damage_healed":0,"gold_gain":0,"player_choice":"Fled From Nobs","damage_taken":0,"max_hp_gain":0,"max_hp_loss":0,"event_name":"Colosseum","floor":31,"gold_loss":0}],"is_beta":false,"boss_relics":[{"not_picked":["Snecko Eye","Pandora\u0027s Box"],"picked":"Calling Bell"}],"items_purged_floors":[5,22],"is_endless":false,"potions_floor_spawned":[1,7,8,10,12,20],"killed_by":"Champ","ascension_level":0}