{"gold_per_floor":[118,128,143,160,180,190,205,218,218,143,155,166,191],"floor_reached":13,"playtime":1821,"items_purged":["Strike_B"],"score":95,"play_id":"46797423-b13b-4444-a454-60677f41a14a","local_time":"20190217230002","is_ascension_mode":false,"campfire_choices":[],"neow_cost":"TEN_PERCENT_HP_LOSS","seed_source_timestamp":1329534110695,"circlet_count":0,"master_deck":["Strike_B","Strike_B","Defend_B","Defend_B","Defend_B","Zap","Dualcast","Go for the Eyes","Self Repair","Redo","Auto Shields","Self Repair","Conserve Battery","Barrage","Barrage","Ball Lightning","Melter","Ball Lightning"],"relics":["Cracked Core","Sundial","Letter Opener"],"potions_floor_usage":[5,13],"damage_taken":[{"damage":11,"enemies":"Jaw Worm","floor":1,"turns":2},{"damage":0,"enemies":"2 Louse","floor":2,"turns":2},{"damage":4,"enemies":"Small Slimes","floor":3,"turns":4},{"damage":7,"enemies":"Blue Slaver","floor":4,"turns":3},{"damage":0,"enemies":"Looter","floor":5,"turns":3},{"damage":2,"enemies":"2 Fungi Beasts","floor":6,"turns":4},{"damage":6,"enemies":"Blue Slaver","floor":7,"turns":4},{"damage":11,"enemies":"Red Slaver","floor":8,"turns":4},{"damage":22,"enemies":"Lots of Slimes","floor":11,"turns":4},{"damage":15,"enemies":"Exordium Thugs","floor":12,"turns":4},{"damage":11,"enemies":"3 Sentries","floor":13,"turns":6}],"seed_played":"-8574469152569281929","potions_obtained":[{"floor":1,"key":"SteroidPotion"},{"floor":2,"key":"SteroidPotion"},{"floor":5,"key":"FocusPotion"},{"floor":7,"key":"FairyPotion"},{"floor":12,"key":"Block Potion"}],"is_trial":false,"path_per_floor":["M","M","M","M","M","M","M","M","T","$","M","M","E"],"character_chosen":"DEFECT","items_purchased":[],"campfire_rested":0,"item_purchase_floors":[],"current_hp_per_floor":[57,57,60,60,67,68,68,68,68,68,60,59,62],"gold":191,"neow_bonus":"REMOVE_TWO","is_prod":false,"is_daily":false,"chose_seed":false,"campfire_upgraded":0,"win_rate":0.0,"timestamp":1550462402,"path_taken":["M","M","M","M","M","M","M","M","T","$","M","M","E"],"build_version":"2019-01-23","purchased_purges":1,"victory":false,"max_hp_per_floor":[68,68,68,68,68,68,68,68,68,68,68,68,68],"card_choices":[{"not_picked":["Reinforced Body","Sweeping Beam"],"picked":"Go for the Eyes","floor":1},{"not_picked":["Redo","Rebound"],"picked":"Self Repair","floor":2},{"not_picked":["Beam Cell","Gash"],"picked":"Redo","floor":3},{"not_picked":["Leap","Rebound"],"picked":"Auto Shields","floor":4},{"not_picked":["Ball Lightning","Steam"],"picked":"Self Repair","floor":5},{"not_picked":["Leap","Gash"],"picked":"Conserve Battery","floor":6},{"not_picked":["Undo","Beam Cell"],"picked":"Barrage","floor":7},{"not_picked":["Buffer","Genetic Algorithm"],"picked":"Barrage","floor":8},{"not_picked":["Stack","Rebound"],"picked":"Ball Lightning","floor":11},{"not_picked":["Conserve Battery","Sweeping Beam"],"picked":"Melter","floor":12},{"not_picked":["Cold Snap","Beam Cell"],"picked":"Ball Lightning","floor":13}],"player_experience":76396,"relics_obtained":[{"floor":9,"key":"Sundial"},{"floor":13,"key":"Letter Opener"}],"event_choices":[],"is_beta":false,"boss_relics":[],"items_purged_floors":[10],"is_endless":false,"potions_floor_spawned":[1,2,5,7,12],"killed_by":"3 Sentries","ascension_level":0}