{"gold_per_floor":[117,117,141,155,155,155,187,187,263,80,80,97,397,417,417,417],"floor_reached":16,"playtime":592,"items_purged":["Strike_B"],"score":98,"play_id":"faa9eff4-c84a-45e1-a976-f93eb9118863","local_time":"20181027213759","is_ascension_mode":false,"campfire_choices":[{"data":"Dualcast","floor":6,"key":"SMITH"},{"data":"Rip and Tear","floor":8,"key":"SMITH"},{"data":"Turbo","floor":15,"key":"SMITH"}],"neow_cost":"NONE","seed_source_timestamp":861221743012420,"circlet_count":0,"master_deck":["Strike_B","Strike_B","Strike_B","Defend_B","Defend_B","Defend_B","Defend_B","Zap+1","Dualcast+1","Turbo+1","Rip and Tear+1","Auto Shields","Self Repair","Reinforced Body","Sweeping Beam","Gash"],"relics":["Cracked Core","Strawberry","Blood Vial","Du-Vu Doll","Bottled Flame","Old Coin"],"potions_floor_usage":[16,16],"damage_taken":[{"damage":3,"enemies":"Jaw Worm","floor":1,"turns":3},{"damage":0,"enemies":"Small Slimes","floor":4,"turns":2},{"damage":16,"enemies":"Lagavulin","floor":7,"turns":5},{"damage":0,"enemies":"Cultist","floor":12,"turns":3},{"damage":0,"enemies":"Blue Slaver","floor":14,"turns":2},{"damage":54,"enemies":"Hexaghost","floor":16,"turns":11}],"seed_played":"-2672655605317927941","potions_obtained":[{"floor":1,"key":"Block Potion"},{"floor":7,"key":"AttackPotion"}],"is_trial":false,"path_per_floor":["M","?","T","M","?","R","E","R","T","$","?","M","T","M","R"],"character_chosen":"DEFECT","items_purchased":["Self Repair","Reinforced Body"],"campfire_rested":0,"item_purchase_floors":[10,10],"current_hp_per_floor":[72,61,61,63,63,63,49,49,49,49,41,50,50,52,52,0],"gold":417,"neow_bonus":"THREE_CARDS","is_prod":false,"is_daily":false,"chose_seed":false,"campfire_upgraded":3,"win_rate":0,"timestamp":1540669079,"path_taken":["M","?","?","M","?","R","E","R","T","?","?","M","?","M","R","BOSS"],"build_version":"2018-10-25v2","purchased_purges":1,"victory":false,"max_hp_per_floor":[75,82,82,82,82,82,82,82,82,82,82,82,82,82,82,82],"card_choices":[{"not_picked":["Steam","Scrape"],"picked":"Turbo","floor":0},{"not_picked":["Turbo","Capacitor"],"picked":"Rip and Tear","floor":1},{"not_picked":["Scrape","Barrage","Static Discharge"],"picked":"SKIP","floor":4},{"not_picked":["Electrodynamics","Sweeping Beam"],"picked":"Auto Shields","floor":7},{"not_picked":["Leap","Hologram"],"picked":"Sweeping Beam","floor":12},{"not_picked":["Turbo","Coolheaded"],"picked":"Gash","floor":14}],"player_experience":237992,"relics_obtained":[{"floor":3,"key":"Blood Vial"},{"floor":7,"key":"Du-Vu Doll"},{"floor":9,"key":"Bottled Flame"},{"floor":13,"key":"Old Coin"}],"event_choices":[{"damage_healed":0,"gold_gain":0,"player_choice":"Success","damage_taken":18,"relics_obtained":["Strawberry"],"max_hp_gain":0,"max_hp_loss":0,"event_name":"Scrap Ooze","floor":2,"gold_loss":0},{"damage_healed":0,"gold_gain":0,"player_choice":"Grow","damage_taken":0,"max_hp_gain":0,"max_hp_loss":0,"event_name":"Living Wall","floor":5,"gold_loss":0,"cards_upgraded":["Zap"]},{"damage_healed":0,"gold_gain":0,"player_choice":"Damaged","damage_taken":8,"max_hp_gain":0,"max_hp_loss":0,"event_name":"Wheel of Change","floor":11,"gold_loss":0}],"is_beta":false,"boss_relics":[],"items_purged_floors":[10],"is_endless":false,"potions_floor_spawned":[1,7],"killed_by":"Hexaghost","ascension_level":0}