{"gold_per_floor":[111,186,43,43,43,43,53,69,69,69,23,23,41,55,55,154,154,166,166,91,107,107,107,142,142,166,166,120,30,30,40,40,40],"floor_reached":33,"playtime":1343,"items_purged":["Shame"],"score":389,"play_id":"47588ea1-7b66-4a67-94da-b62169293f19","local_time":"20181021044033","is_ascension_mode":true,"campfire_choices":[{"data":"Intimidate","floor":6,"key":"SMITH"},{"data":"Flex","floor":10,"key":"SMITH"},{"data":"Twin Strike","floor":12,"key":"SMITH"},{"data":"Heavy Blade","floor":15,"key":"SMITH"},{"data":"Sword Boomerang","floor":23,"key":"SMITH"},{"data":"Limit Break","floor":25,"key":"SMITH"},{"data":"Double Tap","floor":27,"key":"SMITH"},{"floor":32,"key":"REST"}],"neow_cost":"NONE","seed_source_timestamp":85273896550581,"circlet_count":0,"master_deck":["Defend_R+1","Defend_R+1","Defend_R+1","Defend_R+1","Bash+1","Cleave+1","Intimidate+1","Flex+1","Twin Strike+1","Heavy Blade+1","Double Tap+1","Limit Break+1","Clumsy","Sword Boomerang+1","Bite","Bite","Bite","Bite","Bite","Flame Barrier+1","Shrug It Off"],"relics":["Burning Blood","Anchor","Red Skull","Kunai","Calling Bell","Mummified Hand","Prayer Wheel","Pantograph","Happy Flower"],"potions_floor_usage":[16,21,24,33],"damage_taken":[{"damage":0,"enemies":"Small Slimes","floor":1,"turns":3},{"damage":0,"enemies":"2 Louse","floor":7,"turns":3},{"damage":2,"enemies":"Jaw Worm","floor":8,"turns":3},{"damage":2,"enemies":"Exordium Thugs","floor":13,"turns":4},{"damage":1,"enemies":"Looter","floor":14,"turns":2},{"damage":29,"enemies":"Slime Boss","floor":16,"turns":9},{"damage":6,"enemies":"Chosen","floor":18,"turns":4},{"damage":9,"enemies":"3 Byrds","floor":21,"turns":6},{"damage":47,"enemies":"Slavers","floor":24,"turns":5},{"damage":29,"enemies":"Snake Plant","floor":31,"turns":6},{"damage":111,"enemies":"Automaton","floor":33,"turns":8}],"seed_played":"-8659824076154797733","potions_obtained":[{"floor":7,"key":"Fire Potion"},{"floor":13,"key":"Ancient Potion"},{"floor":16,"key":"SkillPotion"},{"floor":18,"key":"Swift Potion"},{"floor":31,"key":"FearPotion"}],"is_trial":false,"path_per_floor":["M","?","$","?","?","R","M","M","T","R","$","R","M","M","R","B",null,"M","?","$","M","$","R","E","R","T","R","$","?","?","M","R"],"character_chosen":"IRONCLAD","items_purchased":["Red Skull","Twin Strike","Shrug It Off"],"campfire_rested":1,"item_purchase_floors":[3,11,28],"current_hp_per_floor":[78,67,67,67,67,67,73,77,77,77,77,77,80,80,80,57,74,76,76,76,80,80,80,51,51,51,51,51,51,51,42,66,0],"gold":40,"neow_bonus":"RANDOM_COMMON_RELIC","is_prod":false,"is_daily":false,"chose_seed":false,"campfire_upgraded":7,"win_rate":0,"timestamp":1540089633,"path_taken":["M","?","?","?","?","R","?","?","T","R","$","R","M","M","R","BOSS","M","?","?","?","?","R","E","R","T","R","$","?","?","?","R","BOSS"],"build_version":"2018-10-11","purchased_purges":1,"victory":false,"max_hp_per_floor":[80,80,80,80,80,80,80,80,80,80,80,80,80,80,80,80,80,80,80,80,80,80,80,80,80,80,80,80,80,80,80,80,80],"card_choices":[{"not_picked":["Perfected Strike","Twin Strike"],"picked":"Cleave","floor":1},{"not_picked":["Searing Blow","Havoc","Berserk"],"picked":"SKIP","floor":7},{"not_picked":["Sever Soul","Burning Pact"],"picked":"Flex","floor":8},{"not_picked":["Sentinel","Clothesline"],"picked":"Heavy Blade","floor":13},{"not_picked":["Iron Wave","Cleave"],"picked":"Double Tap","floor":14},{"not_picked":["Juggernaut","Dark Embrace"],"picked":"Limit Break","floor":16},{"not_picked":["Pommel Strike+1","Blood for Blood"],"picked":"Sword Boomerang","floor":18},{"not_picked":["Anger","Headbutt","Reckless Charge+1"],"picked":"SKIP","floor":18},{"not_picked":["Sword Boomerang","True Grit+1"],"picked":"Flame Barrier+1","floor":21},{"not_picked":["Bloodletting","Reckless Charge","Sentinel"],"picked":"SKIP","floor":21},{"not_picked":["Entrench","Carnage","Shockwave"],"picked":"SKIP","floor":24},{"not_picked":["Anger+1","Fire Breathing","Wild Strike"],"picked":"SKIP","floor":31},{"not_picked":["Reckless Charge","Uppercut","Twin Strike"],"picked":"SKIP","floor":31}],"player_experience":207936,"relics_obtained":[{"floor":9,"key":"Kunai"},{"floor":17,"key":"Blood Vial"},{"floor":17,"key":"Mummified Hand"},{"floor":17,"key":"Prayer Wheel"},{"floor":24,"key":"Pantograph"},{"floor":26,"key":"Happy Flower"}],"event_choices":[{"event_name":"World of Goop","player_choice":"Gather Gold","floor":2,"damage_taken":0},{"event_name":"Upgrade Shrine","player_choice":"Upgraded","floor":4,"damage_taken":0},{"event_name":"Living Wall","player_choice":"Change","floor":5,"damage_taken":0},{"event_name":"Vampires","player_choice":"Became a vampire (Vial)","floor":19,"damage_taken":0},{"event_name":"Designer","player_choice":"Full Service","floor":29,"damage_taken":0},{"event_name":"Back to Basics","player_choice":"Simplicity","floor":30,"damage_taken":0}],"is_beta":false,"boss_relics":[{"not_picked":["Lizard Tail","White Beast Statue"],"picked":"Calling Bell"}],"items_purged_floors":[20],"is_endless":false,"potions_floor_spawned":[7,13,16,18,31],"killed_by":"Automaton","ascension_level":9}