{"gold_per_floor":[109,122,47,70,1,31,61,61,61,75,75,93,93,103,103,206,206,226,44,57,18,18,36,48,48,74,74],"floor_reached":27,"playtime":824,"items_purged":["Strike_G","Strike_G"],"score":369,"play_id":"db14a76b-6b74-4335-bc14-4c251fe94ddf","local_time":"20190201232905","is_ascension_mode":true,"campfire_choices":[{"floor":13,"key":"REST"},{"data":"Envenom","floor":15,"key":"SMITH"},{"floor":25,"key":"REST"}],"neow_cost":"NONE","seed_source_timestamp":1042199102686903,"circlet_count":0,"master_deck":["AscendersBane","Defend_G+1","Defend_G+1","Defend_G+1","Defend_G+1","Defend_G+1","Strike_G+1","Strike_G+1","Strike_G+1","Survivor","Neutralize+1","Deflect","Flying Knee","Predator","Blur","Quick Slash","Cloak And Dagger","Envenom+1","Dagger Spray","Burst","Footwork","Footwork","Well Laid Plans","Footwork","PiercingWail","Distraction+1"],"relics":["Ring of the Snake","NeowsBlessing","Art of War","Pen Nib","Odd Mushroom","CultistMask","Pocketwatch","Philosopher\u0027s Stone","Ancient Tea Set"],"potions_floor_usage":[16,16,20,24],"damage_taken":[{"damage":0,"enemies":"Cultist","floor":1,"turns":1},{"damage":0,"enemies":"Small Slimes","floor":2,"turns":1},{"damage":0,"enemies":"Gremlin Nob","floor":6,"turns":1},{"damage":20,"enemies":"The Mushroom Lair","floor":7,"turns":6},{"damage":1,"enemies":"2 Louse","floor":10,"turns":3},{"damage":4,"enemies":"Red Slaver","floor":12,"turns":4},{"damage":3,"enemies":"Exordium Wildlife","floor":14,"turns":5},{"damage":20,"enemies":"Hexaghost","floor":16,"turns":12},{"damage":25,"enemies":"Spheric Guardian","floor":18,"turns":5},{"damage":21,"enemies":"Chosen","floor":20,"turns":6},{"damage":0,"enemies":"Centurion and Healer","floor":23,"turns":9},{"damage":0,"enemies":"Snecko","floor":24,"turns":7},{"damage":37,"enemies":"Book of Stabbing","floor":27,"turns":8}],"seed_played":"-1932068896611699462","potions_obtained":[{"floor":2,"key":"Weak Potion"},{"floor":12,"key":"Ancient Potion"},{"floor":14,"key":"Explosive Potion"},{"floor":18,"key":"LiquidBronze"},{"floor":23,"key":"GhostInAJar"}],"is_trial":false,"path_per_floor":["M","M","$","T","$","E","?","?","T","M","?","M","R","M","R","B",null,"M","$","M","$","?","M","M","R","T","E"],"character_chosen":"THE_SILENT","items_purchased":["Predator","Footwork","Footwork"],"campfire_rested":2,"item_purchase_floors":[5,19,21],"current_hp_per_floor":[63,63,63,63,63,63,43,43,43,42,42,38,59,56,56,36,62,37,37,16,16,16,16,16,37,37,0],"gold":74,"neow_bonus":"THREE_ENEMY_KILL","is_prod":false,"is_daily":false,"chose_seed":false,"campfire_upgraded":1,"win_rate":0,"timestamp":1549060145,"path_taken":["M","M","?","?","$","E","?","?","T","?","?","M","R","M","R","BOSS","M","$","M","$","?","M","M","R","T","E"],"build_version":"2019-01-23","purchased_purges":2,"victory":false,"max_hp_per_floor":[70,70,70,70,70,70,70,70,70,70,70,70,70,70,70,70,70,70,70,70,70,70,70,70,70,70,70],"card_choices":[{"not_picked":["Deadly Poison","Distraction"],"picked":"Deflect","floor":1},{"not_picked":["Deadly Poison","Outmaneuver"],"picked":"Flying Knee","floor":2},{"not_picked":["Acrobatics","Distraction"],"picked":"Blur","floor":6},{"not_picked":["Prepared","Bane"],"picked":"Quick Slash","floor":7},{"not_picked":["Flechettes","Bane"],"picked":"Cloak And Dagger","floor":10},{"not_picked":["Deadly Poison","Cloak And Dagger"],"picked":"Envenom","floor":12},{"not_picked":["Quick Slash","Finisher"],"picked":"Dagger Spray","floor":14},{"not_picked":["Night Terror","Venomology"],"picked":"Burst","floor":16},{"not_picked":["Dodge and Roll","Cloak And Dagger+1"],"picked":"Footwork","floor":18},{"not_picked":["Dash","Cloak And Dagger"],"picked":"Well Laid Plans","floor":20},{"not_picked":["Eviscerate+1","Underhanded Strike"],"picked":"PiercingWail","floor":23},{"not_picked":["Dagger Throw","Prepared"],"picked":"Distraction+1","floor":24}],"player_experience":570810,"relics_obtained":[{"floor":4,"key":"Art of War"},{"floor":6,"key":"Pen Nib"},{"floor":7,"key":"Odd Mushroom"},{"floor":9,"key":"Pocketwatch"},{"floor":26,"key":"Ancient Tea Set"}],"event_choices":[{"damage_healed":0,"gold_gain":0,"player_choice":"Fought Mushrooms","damage_taken":0,"max_hp_gain":0,"max_hp_loss":0,"event_name":"Mushrooms","floor":7,"gold_loss":0},{"damage_healed":0,"gold_gain":0,"player_choice":"Trade","damage_taken":0,"relics_obtained":["CultistMask"],"max_hp_gain":0,"max_hp_loss":0,"event_name":"FaceTrader","floor":8,"gold_loss":0},{"damage_healed":0,"gold_gain":0,"player_choice":"Grow","damage_taken":0,"max_hp_gain":0,"max_hp_loss":0,"event_name":"Living Wall","floor":11,"gold_loss":0,"cards_upgraded":["Neutralize"]},{"damage_healed":0,"gold_gain":0,"player_choice":"Simplicity","damage_taken":0,"max_hp_gain":0,"max_hp_loss":0,"event_name":"Back to Basics","floor":22,"gold_loss":0,"cards_upgraded":["Defend_G","Defend_G","Defend_G","Defend_G","Defend_G","Strike_G","Strike_G","Strike_G"]}],"is_beta":false,"boss_relics":[{"not_picked":["Velvet Choker","Calling Bell"],"picked":"Philosopher\u0027s Stone"}],"items_purged_floors":[3,19],"is_endless":false,"potions_floor_spawned":[2,12,14,18,23],"killed_by":"Book of Stabbing","ascension_level":11}