{"gold_per_floor":[109,109,284,0,0,31,31,64,64,79,100,121,144,177,177,303,303,319,234,234,234,200,200,187,220,220,239,256,273,287,321,321,418,418,432,477,488,488,502,529,529,558,558,574,574,39,39,59,59,59],"floor_reached":51,"playtime":3143,"items_purged":["Doubt","Strike_R"],"score":1259,"play_id":"cdb462d0-6a7f-40df-abeb-d9eca3d5cc2e","local_time":"20190303165214","is_ascension_mode":true,"campfire_choices":[{"data":"Iron Wave","floor":7,"key":"SMITH"},{"data":"Disarm","floor":15,"key":"SMITH"},{"data":"Disarm","floor":23,"key":"SMITH"},{"data":"Demon Form","floor":32,"key":"SMITH"},{"data":"Shockwave","floor":41,"key":"SMITH"},{"data":"Pummel","floor":45,"key":"SMITH"},{"data":"Heavy Blade","floor":47,"key":"SMITH"},{"data":"Offering","floor":49,"key":"SMITH"}],"neow_cost":"NONE","seed_source_timestamp":5071774487889,"circlet_count":0,"master_deck":["AscendersBane","Strike_R","Strike_R+1","Strike_R","Strike_R","Defend_R","Defend_R+1","Defend_R","Defend_R","Bash","Iron Wave+1","Disarm+1","Inflame","Anger","Pummel+1","Clothesline","Demon Form+1","Disarm+1","Ghostly","Ghostly","Ghostly","Ghostly","Ghostly","Inflame","Cleave+1","True Grit+1","Berserk","Reaper","Shockwave+1","Pummel+1","Shrug It Off+1","Heavy Blade+1","Offering+1","Parasite","Inflame"],"relics":["Black Blood","Sling","Bloody Idol","Oddly Smooth Stone","Dream Catcher","Bottled Lightning","Bag of Preparation","Calipers","Sozu","Bag of Marbles","Anchor","Incense Burner","Matryoshka","Mango","Torii","Paper Frog","Lantern","Gambling Chip","Letter Opener"],"potions_floor_usage":[8,16],"damage_taken":[{"damage":6,"enemies":"Jaw Worm","floor":1,"turns":7},{"damage":10,"enemies":"Gremlin Nob","floor":6,"turns":4},{"damage":6,"enemies":"3 Sentries","floor":8,"turns":8},{"damage":2,"enemies":"Small Slimes","floor":10,"turns":4},{"damage":0,"enemies":"2 Louse","floor":11,"turns":3},{"damage":0,"enemies":"Looter","floor":12,"turns":3},{"damage":9,"enemies":"Lagavulin","floor":14,"turns":6},{"damage":11,"enemies":"The Guardian","floor":16,"turns":14},{"damage":6,"enemies":"3 Byrds","floor":18,"turns":6},{"damage":2,"enemies":"2 Thieves","floor":24,"turns":4},{"damage":7,"enemies":"Gremlin Leader","floor":25,"turns":6},{"damage":3,"enemies":"Snake Plant","floor":27,"turns":4},{"damage":4,"enemies":"Sentry and Sphere","floor":28,"turns":7},{"damage":3,"enemies":"Chosen and Byrds","floor":29,"turns":8},{"damage":1,"enemies":"Centurion and Healer","floor":30,"turns":5},{"damage":13,"enemies":"Slavers","floor":31,"turns":7},{"damage":12,"enemies":"Champ","floor":33,"turns":9},{"damage":2,"enemies":"Orb Walker","floor":35,"turns":6},{"damage":3,"enemies":"2 Orb Walkers","floor":36,"turns":7},{"damage":5,"enemies":"3 Shapes","floor":37,"turns":6},{"damage":10,"enemies":"Sphere and 2 Shapes","floor":39,"turns":8},{"damage":6,"enemies":"Nemesis","floor":40,"turns":7},{"damage":3,"enemies":"Giant Head","floor":42,"turns":7},{"damage":4,"enemies":"Spire Growth","floor":44,"turns":7},{"damage":1,"enemies":"Writhing Mass","floor":48,"turns":5},{"damage":7,"enemies":"Time Eater","floor":50,"turns":7}],"seed_played":"-3512328010298941409","potions_obtained":[{"floor":1,"key":"Fire Potion"},{"floor":6,"key":"EssenceOfSteel"},{"floor":11,"key":"Energy Potion"},{"floor":16,"key":"Block Potion"}],"is_trial":false,"path_per_floor":["?","?","?","T","?","?","?","M","?","?","M","M"],"character_chosen":"IRONCLAD","items_purchased":["Sling","Inflame","Heavy Blade","Offering","Letter Opener"],"campfire_rested":0,"item_purchase_floors":[4,22,46,46,46],"current_hp_per_floor":[80,62,62,62,62,58,58,58,58,62,68,74,74,71,71,66,77,77,77,40,40,40,40,40,40,40,40,40,40,40,38,38,37,39,40,54,54,54,54,54,54,54,54,54,54,54,54,54,54,54],"gold":59,"neow_bonus":"TEN_PERCENT_HP_BONUS","is_prod":false,"is_daily":false,"chose_seed":false,"campfire_upgraded":8,"win_rate":0,"timestamp":1551628334,"path_taken":["M","?","?","$","?","E","R","E","T","M","M","M","?","E","R","BOSS","M","?","?","?","$","R","M","E","T","M","M","M","?","E","R","BOSS","M","?","M","?","?","E","R","E","T","?","R","$","R","M","R","BOSS"],"build_version":"2019-01-23","purchased_purges":2,"victory":true,"max_hp_per_floor":[88,88,88,88,81,81,81,81,81,81,81,81,81,81,81,81,81,81,81,40,40,40,40,40,40,40,40,40,40,40,40,40,40,40,40,54,54,54,54,54,54,54,54,54,54,54,54,54,54,54],"card_choices":[{"not_picked":["Dual Wield","Heavy Blade"],"picked":"Iron Wave","floor":1},{"not_picked":["Fire Breathing","Sword Boomerang"],"picked":"Disarm","floor":6},{"not_picked":["True Grit","Burning Pact"],"picked":"Inflame","floor":8},{"not_picked":["Reckless Charge","Flex"],"picked":"Anger","floor":10},{"not_picked":["Clash","Searing Blow"],"picked":"Pummel","floor":11},{"not_picked":["True Grit","Dropkick","Twin Strike"],"picked":"SKIP","floor":12},{"not_picked":["Armaments","Heavy Blade"],"picked":"Clothesline","floor":14},{"not_picked":["Brutality","Barricade"],"picked":"Demon Form","floor":16},{"not_picked":["Havoc","True Grit"],"picked":"Disarm","floor":18},{"not_picked":["Havoc","Perfected Strike+1","Anger"],"picked":"SKIP","floor":24},{"not_picked":["Heavy Blade","Pommel Strike"],"picked":"Cleave+1","floor":25},{"not_picked":["Sword Boomerang","Body Slam"],"picked":"True Grit+1","floor":27},{"not_picked":["True Grit","Sentinel"],"picked":"Berserk","floor":28},{"not_picked":["Havoc","Twin Strike+1","Power Through"],"picked":"SKIP","floor":29},{"not_picked":["Rampage","Infernal Blade","Carnage"],"picked":"SKIP","floor":30},{"not_picked":["Cleave","Clash","Wild Strike"],"picked":"SKIP","floor":31},{"not_picked":["Limit Break","Brutality"],"picked":"Reaper","floor":33},{"not_picked":["Reckless Charge","Warcry"],"picked":"Shockwave","floor":35},{"not_picked":["Wild Strike+1","Anger"],"picked":"Pummel+1","floor":36},{"not_picked":["Spot Weakness","Perfected Strike","Hemokinesis"],"picked":"SKIP","floor":37},{"not_picked":["Body Slam","Disarm","Headbutt"],"picked":"SKIP","floor":39},{"not_picked":["Pommel Strike","Wild Strike+1","Evolve+1"],"picked":"SKIP","floor":40},{"not_picked":["Pommel Strike","Clothesline","Fire Breathing"],"picked":"SKIP","floor":42},{"not_picked":["Anger","Flame Barrier"],"picked":"Shrug It Off+1","floor":44},{"not_picked":["Burning Pact+1","Combust+1"],"picked":"Inflame","floor":48}],"player_experience":351563,"relics_obtained":[{"floor":6,"key":"Oddly Smooth Stone"},{"floor":8,"key":"Dream Catcher"},{"floor":9,"key":"Bottled Lightning"},{"floor":13,"key":"Bag of Preparation"},{"floor":14,"key":"Calipers"},{"floor":25,"key":"Anchor"},{"floor":26,"key":"Incense Burner"},{"floor":31,"key":"Matryoshka"},{"floor":36,"key":"Mango"},{"floor":40,"key":"Torii"},{"floor":42,"key":"Paper Frog"},{"floor":43,"key":"Lantern"},{"floor":43,"key":"Gambling Chip"}],"event_choices":[{"damage_healed":0,"gold_gain":0,"player_choice":"Entered Light","damage_taken":18,"max_hp_gain":0,"max_hp_loss":0,"event_name":"Shining Light","floor":2,"gold_loss":0,"cards_upgraded":["Strike_R","Defend_R"]},{"damage_healed":0,"gold_gain":175,"player_choice":"AGREE","damage_taken":0,"max_hp_gain":0,"max_hp_loss":0,"event_name":"Liars Game","floor":3,"gold_loss":0,"cards_obtained":["Doubt"]},{"damage_healed":0,"gold_gain":0,"player_choice":"Lose Max HP","damage_taken":0,"relics_obtained":["Golden Idol"],"max_hp_gain":0,"max_hp_loss":7,"event_name":"Golden Idol","floor":5,"gold_loss":0},{"damage_healed":0,"gold_gain":0,"player_choice":"Obtained Relic","damage_taken":0,"relics_obtained":["Bag of Marbles"],"max_hp_gain":0,"max_hp_loss":0,"event_name":"Addict","floor":19,"gold_loss":85},{"damage_healed":0,"gold_gain":0,"player_choice":"Became a Ghost","damage_taken":0,"max_hp_gain":0,"max_hp_loss":41,"event_name":"Ghosts","floor":20,"gold_loss":0,"cards_obtained":["Ghostly","Ghostly","Ghostly","Ghostly","Ghostly"]},{"damage_healed":0,"gold_gain":0,"player_choice":"Gave Idol","damage_taken":0,"relics_obtained":["Bloody Idol"],"max_hp_gain":0,"max_hp_loss":0,"event_name":"Forgotten Altar","floor":21,"relics_lost":["Golden Idol"],"gold_loss":0},{"damage_healed":0,"gold_gain":0,"player_choice":"Fight","damage_taken":0,"max_hp_gain":0,"max_hp_loss":0,"event_name":"Mysterious Sphere","floor":36,"gold_loss":0},{"damage_healed":0,"gold_gain":0,"player_choice":"Full Heal","damage_taken":0,"max_hp_gain":0,"max_hp_loss":0,"event_name":"Wheel of Change","floor":38,"gold_loss":0}],"is_beta":false,"boss_relics":[{"not_picked":["Empty Cage","Black Star"],"picked":"Sozu"},{"not_picked":["Fusion Hammer","Mark of Pain"],"picked":"Black Blood"}],"items_purged_floors":[4,46],"is_endless":false,"potions_floor_spawned":[1,6,11,12,16,18,24,29,33,35,36,40,42],"ascension_level":12}