{"gold_per_floor":[114,134,151,165,19,46,46,61,138,138,148,148,48,48,48,153,153,164,197,217,217,92,92,422,433,460,460,460,460,479,495,495,591,591,610,620,631,731,745,745,745,745,769,799,3,16,238,20,20,20],"floor_reached":51,"playtime":3410,"items_purged":["Strike_B","Defend_B","Defend_B","Strike_B"],"score":747,"play_id":"36b99146-1584-475b-b6dd-67ba07d34332","local_time":"20181030221119","is_ascension_mode":false,"campfire_choices":[{"data":"White Noise","floor":7,"key":"SMITH"},{"data":"Zap","floor":10,"key":"SMITH"},{"data":"Dualcast","floor":12,"key":"SMITH"},{"data":"Blizzard","floor":15,"key":"SMITH"},{"floor":23,"key":"REST"},{"floor":27,"key":"REST"},{"data":"Turbo","floor":29,"key":"SMITH"},{"data":"Seek","floor":32,"key":"SMITH"},{"data":"Creative AI","floor":40,"key":"SMITH"},{"floor":42,"key":"REST"},{"floor":49,"key":"REST"}],"neow_cost":"NONE","seed_source_timestamp":1123185769734886,"circlet_count":0,"master_deck":["Strike_B","Defend_B","Zap+1","Dualcast+1","Streamline","Leap","Cold Snap","White Noise+1","Blizzard+1","Leap","Cold Snap","Skim","Creative AI+1","Rebound+1","Leap+1","Blizzard","Turbo+1","BootSequence+1","Seek+1","Sweeping Beam","Machine Learning","Melter+1","Conserve Battery+1","Redo+1","Force Field","White Noise+1","Self Repair+1","Pain","Steam+1","Capacitor+1","Glacier","Force Field+1"],"relics":["Cracked Core","Orichalcum","Dead Branch","Mercury Hourglass","Lizard Tail","Red Mask","Old Coin","Dream Catcher","Cursed Key","Pocketwatch","Strawberry","MawBank","Frozen Egg 2","Potion Belt","Regal Pillow"],"potions_floor_usage":[18,24,24,24,33,33,38,39,44,44,50,50,50],"damage_taken":[{"damage":0,"enemies":"Small Slimes","floor":1,"turns":3},{"damage":5,"enemies":"Jaw Worm","floor":2,"turns":2},{"damage":0,"enemies":"Cultist","floor":3,"turns":4},{"damage":1,"enemies":"3 Louse","floor":4,"turns":4},{"damage":10,"enemies":"3 Sentries","floor":6,"turns":7},{"damage":2,"enemies":"Exordium Wildlife","floor":8,"turns":4},{"damage":4,"enemies":"Large Slime","floor":11,"turns":4},{"damage":0,"enemies":"Slime Boss","floor":16,"turns":10},{"damage":12,"enemies":"2 Thieves","floor":18,"turns":4},{"damage":34,"enemies":"Masked Bandits","floor":19,"turns":4},{"damage":13,"enemies":"Spheric Guardian","floor":20,"turns":4},{"damage":19,"enemies":"Colosseum Slavers","floor":21,"turns":4},{"damage":10,"enemies":"Book of Stabbing","floor":24,"turns":5},{"damage":10,"enemies":"Snecko","floor":25,"turns":6},{"damage":2,"enemies":"Cultist and Chosen","floor":30,"turns":6},{"damage":12,"enemies":"Sentry and Sphere","floor":31,"turns":6},{"damage":27,"enemies":"Champ","floor":33,"turns":13},{"damage":9,"enemies":"3 Darklings","floor":35,"turns":5},{"damage":5,"enemies":"Orb Walker","floor":36,"turns":3},{"damage":0,"enemies":"Transient","floor":37,"turns":5},{"damage":7,"enemies":"Mind Bloom Boss Battle","floor":38,"turns":8},{"damage":28,"enemies":"Maw","floor":39,"turns":9},{"damage":47,"enemies":"Giant Head","floor":44,"turns":9},{"damage":7,"enemies":"4 Shapes","floor":46,"turns":6},{"damage":33,"enemies":"Donu and Deca","floor":50,"turns":9}],"seed_played":"4039171074843962010","potions_obtained":[{"floor":2,"key":"Ancient Potion"},{"floor":6,"key":"SneckoOil"},{"floor":8,"key":"FocusPotion"},{"floor":11,"key":"SteroidPotion"},{"floor":19,"key":"Dexterity Potion"},{"floor":25,"key":"Swift Potion"},{"floor":31,"key":"Energy Potion"},{"floor":33,"key":"GamblersBrew"},{"floor":35,"key":"AttackPotion"},{"floor":38,"key":"Energy Potion"},{"floor":39,"key":"Fire Potion"},{"floor":46,"key":"Dexterity Potion"}],"is_trial":false,"path_per_floor":["M","M","M","M","$","E","R","M","T","R","M","R","$","?","R","B",null,"M","?","M","?","$","R","E","M","T","R","?","R","M","M","R","B",null,"M","M","M","?","M","R","?","R","T","E","$","M","?","$","R","B"],"character_chosen":"DEFECT","items_purchased":["Blizzard","Frozen Egg 2","PowerPotion","FocusPotion","SteroidPotion","Capacitor+1","Potion Belt","Glacier","Regal Pillow"],"campfire_rested":4,"item_purchase_floors":[5,45,45,45,45,45,45,48,48],"current_hp_per_floor":[75,70,70,69,69,59,59,57,57,57,53,53,53,53,53,53,75,63,29,16,37,37,59,49,39,39,61,61,61,59,47,47,20,75,66,61,61,54,26,26,26,48,55,18,18,21,21,21,60,27],"gold":20,"neow_bonus":"RANDOM_COMMON_RELIC","is_prod":false,"is_daily":false,"chose_seed":false,"campfire_upgraded":7,"win_rate":0,"timestamp":1540933879,"path_taken":["M","M","M","M","$","E","R","M","T","R","M","R","$","?","R","BOSS","M","?","M","?","?","R","E","M","T","R","?","R","?","M","R","BOSS","M","M","M","?","?","R","?","R","T","E","$","M","?","?","R","BOSS"],"build_version":"2018-10-25v2","purchased_purges":4,"victory":true,"max_hp_per_floor":[75,75,75,75,75,75,75,75,75,75,75,75,75,75,75,75,75,75,75,75,75,75,75,75,75,75,75,75,75,75,75,75,75,75,75,75,75,75,75,75,75,75,82,82,82,82,82,82,82,82],"card_choices":[{"not_picked":["Compile Driver","Barrage"],"picked":"Streamline","floor":1},{"not_picked":["Barrage","Blizzard"],"picked":"Leap","floor":2},{"not_picked":["Barrage","Coolheaded"],"picked":"Cold Snap","floor":3},{"not_picked":["Storm","Hologram"],"picked":"White Noise","floor":4},{"not_picked":["Fusion","Chaos"],"picked":"Leap","floor":6},{"not_picked":["Steam","Amplify"],"picked":"Cold Snap","floor":8},{"not_picked":["Hologram","Barrage"],"picked":"Skim","floor":11},{"not_picked":["Rainbow","Biased Cognition"],"picked":"Creative AI","floor":16},{"not_picked":["Darkness","Steam Power"],"picked":"Rebound+1","floor":18},{"not_picked":["Go for the Eyes","Ball Lightning"],"picked":"Leap+1","floor":19},{"not_picked":["Redo","Consume"],"picked":"Blizzard","floor":20},{"not_picked":["Storm","Defragment"],"picked":"Turbo","floor":24},{"not_picked":["Barrage","Coolheaded"],"picked":"BootSequence+1","floor":25},{"not_picked":["Sweeping Beam+1","Cold Snap+1"],"picked":"Seek","floor":30},{"not_picked":["Gash+1","Stack"],"picked":"Sweeping Beam","floor":31},{"not_picked":["Rainbow","Electrodynamics"],"picked":"Machine Learning","floor":33},{"not_picked":["Compile Driver","Sweeping Beam+1"],"picked":"Melter+1","floor":35},{"not_picked":["Lockon","Redo"],"picked":"Conserve Battery+1","floor":36},{"not_picked":["Fusion","Recycle+1"],"picked":"Redo+1","floor":37},{"not_picked":["Scrape+1","Cold Snap+1"],"picked":"Force Field","floor":39},{"not_picked":["Steam+1","Machine Learning"],"picked":"Self Repair+1","floor":42},{"not_picked":["Rebound","Hologram+1"],"picked":"Steam+1","floor":44},{"not_picked":["Static Discharge+1","FTL","Streamline"],"picked":"SKIP","floor":46},{"not_picked":["Leap","Hologram+1"],"picked":"Force Field+1","floor":49}],"player_experience":241015,"relics_obtained":[{"floor":6,"key":"Dead Branch"},{"floor":9,"key":"Mercury Hourglass"},{"floor":19,"key":"Red Mask"},{"floor":24,"key":"Old Coin"},{"floor":26,"key":"Dream Catcher"},{"floor":38,"key":"Pocketwatch"},{"floor":43,"key":"Strawberry"},{"floor":44,"key":"MawBank"}],"event_choices":[{"cards_removed":["Defend_B"],"damage_healed":0,"gold_gain":0,"player_choice":"Forget","damage_taken":0,"max_hp_gain":0,"max_hp_loss":0,"event_name":"Living Wall","floor":14,"gold_loss":0},{"damage_healed":0,"gold_gain":0,"player_choice":"Fought Bandits","damage_taken":0,"max_hp_gain":0,"max_hp_loss":0,"event_name":"Masked Bandits","floor":19,"gold_loss":0},{"damage_healed":0,"gold_gain":0,"player_choice":"Fight","damage_taken":0,"max_hp_gain":0,"max_hp_loss":0,"event_name":"Colosseum","floor":21,"gold_loss":0},{"damage_healed":0,"gold_gain":0,"player_choice":"Fled From Nobs","damage_taken":0,"max_hp_gain":0,"max_hp_loss":0,"event_name":"Colosseum","floor":21,"gold_loss":0},{"cards_removed":["Strike_B"],"damage_healed":0,"gold_gain":0,"player_choice":"Elegance","damage_taken":0,"max_hp_gain":0,"max_hp_loss":0,"event_name":"Back to Basics","floor":28,"gold_loss":0},{"damage_healed":0,"gold_gain":0,"player_choice":"Fight","damage_taken":0,"max_hp_gain":0,"max_hp_loss":0,"event_name":"MindBloom","floor":38,"gold_loss":0},{"damage_healed":0,"gold_gain":0,"player_choice":"Copied","damage_taken":0,"max_hp_gain":0,"max_hp_loss":0,"event_name":"Duplicator","floor":41,"gold_loss":0,"cards_obtained":["White Noise"]},{"damage_healed":0,"gold_gain":222,"player_choice":"Wore Mask","damage_taken":0,"max_hp_gain":0,"max_hp_loss":0,"event_name":"Tomb of Lord Red Mask","floor":47,"gold_loss":0}],"is_beta":false,"boss_relics":[{"not_picked":["Runic Dome","Astrolabe"],"picked":"Lizard Tail"},{"not_picked":["Orrery","Nuclear Battery"],"picked":"Cursed Key"}],"items_purged_floors":[5,13,22,45],"is_endless":false,"potions_floor_spawned":[2,6,8,11,19,25,31,33,35,38,39,46],"ascension_level":0}