{"gold_per_floor":[116,129,146,161,161,161,181,192,245,279,279,151,151,168,168,269,269,252,152,251,301,320,353,353,369,369,379,304,315,315,35,35,137,137,155,255,271,271,271,271,291,303,303,303,203,218,218,8,8,8],"floor_reached":50,"playtime":3104,"items_purged":["Strike_G","Strike_G","Strike_G"],"score":651,"play_id":"cb38ea3b-a591-4384-8051-5b1c9d74c6cf","local_time":"20190113153340","is_ascension_mode":true,"campfire_choices":[{"data":"Neutralize","floor":6.0,"key":"SMITH"},{"data":"Cloak And Dagger","floor":11.0,"key":"SMITH"},{"data":"Backflip","floor":13.0,"key":"SMITH"},{"data":"Dodge and Roll","floor":15.0,"key":"SMITH"},{"data":"After Image","floor":24.0,"key":"SMITH"},{"floor":30.0,"key":"REST"},{"floor":32.0,"key":"REST"},{"data":"After Image","floor":40.0,"key":"SMITH"},{"floor":44,"key":"REST"},{"data":"Apotheosis","floor":47,"key":"SMITH"},{"floor":49,"key":"REST"}],"neow_cost":"NONE","seed_source_timestamp":165521142686424,"circlet_count":0,"master_deck":["Defend_G","Defend_G","Defend_G","Defend_G","Defend_G","Survivor","Neutralize+1","Escape Plan","Flying Knee","Slice","Cloak And Dagger+1","Backstab","Unload","Flying Knee","Dash","Backflip+1","Dodge and Roll+1","Envenom","Dagger Spray","Well Laid Plans","After Image+1","Deadly Poison","Bane","Noxious Fumes","Venomology","Dodge and Roll","Blur","Apotheosis+1","Catalyst","Infinite Blades","After Image+1","Flying Knee","Predator+1","Caltrops+1","Blade Dance","Deflect","Backflip+1","Tactician","Bouncing Flask","Catalyst"],"special_seed":0,"relics":["Ring of the Snake","Tiny Chest","Ancient Tea Set","Orrery","Lantern","Juzu Bracelet","Matryoshka","Philosopher\u0027s Stone","Du-Vu Doll","Dream Catcher","The Courier","Regal Pillow"],"potions_floor_usage":[41,41,42,42,46],"damage_taken":[{"damage":0.0,"enemies":"2 Louse","floor":1.0,"turns":3.0},{"damage":0.0,"enemies":"Cultist","floor":2.0,"turns":3.0},{"damage":0.0,"enemies":"Small Slimes","floor":3.0,"turns":4.0},{"damage":5.0,"enemies":"Exordium Wildlife","floor":4.0,"turns":5.0},{"damage":0.0,"enemies":"2 Fungi Beasts","floor":7.0,"turns":4.0},{"damage":0.0,"enemies":"Large Slime","floor":8.0,"turns":4.0},{"damage":17.0,"enemies":"3 Sentries","floor":10.0,"turns":8.0},{"damage":0.0,"enemies":"3 Louse","floor":14.0,"turns":3.0},{"damage":36.0,"enemies":"Hexaghost","floor":16.0,"turns":15.0},{"damage":14.0,"enemies":"2 Thieves","floor":18.0,"turns":4.0},{"damage":9.0,"enemies":"Chosen","floor":22.0,"turns":5.0},{"damage":16.0,"enemies":"Gremlin Leader","floor":23.0,"turns":8.0},{"damage":0.0,"enemies":"Centurion and Healer","floor":25.0,"turns":7.0},{"damage":15.0,"enemies":"Chosen and Byrds","floor":27.0,"turns":8.0},{"damage":18.0,"enemies":"Snake Plant","floor":29.0,"turns":5.0},{"damage":70.0,"enemies":"Champ","floor":33.0,"turns":14.0},{"damage":7.0,"enemies":"Orb Walker","floor":35.0,"turns":4.0},{"damage":0.0,"enemies":"Mind Bloom Boss Battle","floor":36.0,"turns":8.0},{"damage":0.0,"enemies":"3 Shapes","floor":37.0,"turns":6.0},{"damage":22,"enemies":"Jaw Worm Horde","floor":41,"turns":5},{"damage":9,"enemies":"Sphere and 2 Shapes","floor":42,"turns":8},{"damage":19,"enemies":"Transient","floor":46,"turns":5},{"damage":60,"enemies":"Donu and Deca","floor":50,"turns":6}],"seed_played":"-1592939083404590133","potions_obtained":[{"floor":2.0,"key":"Weak Potion"},{"floor":3.0,"key":"Energy Potion"},{"floor":5.0,"key":"FairyPotion"},{"floor":5.0,"key":"EntropicBrew"},{"floor":5.0,"key":"AttackPotion"},{"floor":18.0,"key":"Swift Potion"},{"floor":22.0,"key":"Regen Potion"},{"floor":35.0,"key":"SpeedPotion"},{"floor":36.0,"key":"AttackPotion"},{"floor":41,"key":"Block Potion"}],"is_trial":false,"path_per_floor":["M","M","M","M","?","R","M","M","T","E","R","$","R","M","R","B",null,"M","$","?","T","M","E","R","M","T","M","?","M","R","$","R","B",null,"M","?","M","?","?","R","M","M","T","R","$","M","R","$","R","B"],"character_chosen":"THE_SILENT","items_purchased":["Backflip","Apotheosis","Catalyst","Infinite Blades","Regal Pillow","Tactician","Bouncing Flask"],"campfire_rested":4,"item_purchase_floors":[12,31,31,31,48,48,48],"current_hp_per_floor":[63,63,63,58,58,58,58,58,58,56,56,56,56,56,56,20,58,44,44,44,44,35,34,34,34,34,19,19,1,22,22,43,7,54,47,47,47,47,47,47,25,16,16,37,37,18,18,18,54,0],"gold":8,"neow_bonus":"THREE_CARDS","is_prod":false,"is_daily":false,"chose_seed":false,"campfire_upgraded":7,"win_rate":0,"timestamp":1547390020,"path_taken":["M","M","M","M","?","R","M","?","T","E","R","$","R","M","R","BOSS","M","$","?","?","M","E","R","M","T","M","?","M","R","$","R","BOSS","M","?","M","?","?","R","M","M","T","R","$","M","R","$","R","BOSS"],"build_version":"2019-01-10","purchased_purges":3,"victory":false,"max_hp_per_floor":[70,70,70,70,70,70,70,70,70,70,70,70,70,70,70,70,70,70,70,70,70,70,70,70,70,70,70,70,70,70,70,70,70,70,70,70,70,70,70,70,70,70,70,70,70,70,70,70,70,70],"card_choices":[{"not_picked":["Acrobatics","Slice"],"picked":"Escape Plan","floor":0.0},{"not_picked":["Dagger Spray","Choke"],"picked":"Flying Knee","floor":1.0},{"not_picked":["Finisher","Crippling Poison"],"picked":"Slice","floor":2.0},{"not_picked":["Blade Dance","Deflect"],"picked":"Cloak And Dagger","floor":3.0},{"not_picked":["Acrobatics","Crippling Poison"],"picked":"Backstab","floor":4.0},{"not_picked":["Outmaneuver","Concentrate"],"picked":"Unload","floor":7.0},{"not_picked":["Underhanded Strike","Deflect"],"picked":"Flying Knee","floor":8.0},{"not_picked":["Acrobatics","Slice"],"picked":"Dash","floor":10.0},{"not_picked":["Flying Knee","Concentrate"],"picked":"Dodge and Roll","floor":14.0},{"not_picked":["Unload","A Thousand Cuts"],"picked":"Envenom","floor":16.0},{"not_picked":["Deadly Poison","Slice"],"picked":"Dagger Spray","floor":17.0},{"not_picked":["Dash","Flying Knee"],"picked":"Well Laid Plans","floor":17.0},{"not_picked":["Reflex","Infinite Blades"],"picked":"After Image","floor":17.0},{"not_picked":["Heel Hook","PiercingWail"],"picked":"Deadly Poison","floor":17.0},{"not_picked":["Acrobatics","Accuracy"],"picked":"Bane","floor":18.0},{"not_picked":["Acrobatics","Tactician"],"picked":"Noxious Fumes","floor":22.0},{"not_picked":["Outmaneuver","Poisoned Stab"],"picked":"Venomology","floor":23.0},{"not_picked":["Endless Agony","Acrobatics"],"picked":"Dodge and Roll","floor":25.0},{"not_picked":["Quick Slash","Setup","Underhanded Strike"],"picked":"SKIP","floor":27.0},{"not_picked":["Escape Plan","Backstab+1"],"picked":"Blur","floor":29.0},{"not_picked":["A Thousand Cuts","Grand Finale"],"picked":"After Image","floor":33.0},{"not_picked":["Deadly Poison+1","Acrobatics"],"picked":"Flying Knee","floor":35.0},{"not_picked":["Dagger Throw","Tactician"],"picked":"Predator+1","floor":36.0},{"not_picked":["Slice","Outmaneuver"],"picked":"Caltrops+1","floor":37.0},{"not_picked":["Outmaneuver+1","Caltrops"],"picked":"Deflect","floor":41},{"not_picked":["Flying Knee+1","Bane"],"picked":"Backflip+1","floor":42},{"not_picked":["Expertise","Slice","Deadly Poison+1"],"picked":"SKIP","floor":46},{"not_picked":["Cloak And Dagger","Endless Agony"],"picked":"Catalyst","floor":49}],"player_experience":503346,"relics_obtained":[{"floor":9.0,"key":"Tiny Chest"},{"floor":10.0,"key":"Ancient Tea Set"},{"floor":21.0,"key":"Lantern"},{"floor":23.0,"key":"Juzu Bracelet"},{"floor":26.0,"key":"Matryoshka"},{"floor":36.0,"key":"Du-Vu Doll"},{"floor":43,"key":"Dream Catcher"},{"floor":43,"key":"The Courier"}],"event_choices":[{"damage_healed":0.0,"max_hp_gain":0.0,"max_hp_loss":0.0,"gold_gain":0.0,"event_name":"Lab","player_choice":"Got Potions","floor":5.0,"gold_loss":0.0,"damage_taken":0.0},{"damage_healed":0.0,"max_hp_gain":0.0,"max_hp_loss":0.0,"gold_gain":99.0,"event_name":"Nest","player_choice":"Stole From Cult","floor":20.0,"gold_loss":0.0,"damage_taken":0.0},{"cards_removed":["Strike_G"],"damage_healed":0.0,"max_hp_gain":0.0,"max_hp_loss":0.0,"gold_gain":0.0,"event_name":"Beggar","player_choice":"Gave Gold","floor":28.0,"gold_loss":75.0,"damage_taken":0.0},{"damage_healed":0.0,"max_hp_gain":0.0,"max_hp_loss":0.0,"gold_gain":0.0,"event_name":"MindBloom","player_choice":"Fight","floor":36.0,"gold_loss":0.0,"damage_taken":0.0},{"damage_healed":0.0,"max_hp_gain":0.0,"max_hp_loss":0.0,"gold_gain":0.0,"event_name":"SecretPortal","player_choice":"Ignored","floor":38.0,"gold_loss":0.0,"damage_taken":0.0},{"damage_healed":0.0,"max_hp_gain":0.0,"max_hp_loss":0.0,"gold_gain":0.0,"cards_transformed":["Strike_G"],"event_name":"Transmorgrifier","player_choice":"Transformed","floor":39.0,"gold_loss":0.0,"damage_taken":0.0,"cards_obtained":["Blade Dance"]}],"is_beta":false,"boss_relics":[{"not_picked":["Empty Cage","Calling Bell"],"picked":"Orrery"},{"not_picked":["Coffee Dripper","Sozu"],"picked":"Philosopher\u0027s Stone"}],"items_purged_floors":[12,19,45],"is_endless":false,"potions_floor_spawned":[2,3,7,18,22,35,36,41],"killed_by":"Donu and Deca","ascension_level":7}