{"gold_per_floor":[113,113,130,26,26,26,39,67,67,67,30,30,48,48,48,147,147,87,12,31,8,8,8,27,27],"floor_reached":25,"playtime":1376,"items_purged":["Strike_G"],"score":209,"play_id":"dfbdb944-e3d7-46ef-ae9b-969eed61bc87","local_time":"20181207175802","is_ascension_mode":true,"campfire_choices":[{"data":"Neutralize","floor":6,"key":"SMITH"},{"data":"Noxious Fumes","floor":10,"key":"SMITH"},{"data":"Envenom","floor":12,"key":"SMITH"},{"data":"Survivor","floor":15,"key":"SMITH"},{"data":"After Image","floor":23,"key":"SMITH"}],"neow_cost":"NONE","seed_source_timestamp":422628257151234,"circlet_count":0,"master_deck":["Defend_G","Defend_G","Defend_G","Defend_G","Defend_G","Strike_G","Strike_G","Strike_G","Survivor+1","Neutralize+1","Blur","Heel Hook","Noxious Fumes+1","Backflip","Backflip","Envenom+1","Well Laid Plans","Deflect","After Image+1","Quick Slash","Bane+1","Poisoned Stab","Sucker Punch+1"],"relics":["Ring of the Serpent","Dead Branch","Gambling Chip","Paper Crane","FaceOfCleric"],"potions_floor_usage":[8,8,16,22],"damage_taken":[{"damage":0,"enemies":"Jaw Worm","floor":1,"turns":8},{"damage":3,"enemies":"Small Slimes","floor":3,"turns":6},{"damage":0,"enemies":"Cultist","floor":7,"turns":4},{"damage":10,"enemies":"Gremlin Nob","floor":8,"turns":5},{"damage":3,"enemies":"Large Slime","floor":13,"turns":6},{"damage":36,"enemies":"Slime Boss","floor":16,"turns":13},{"damage":10,"enemies":"2 Thieves","floor":18,"turns":4},{"damage":0,"enemies":"Shell Parasite","floor":20,"turns":8},{"damage":1,"enemies":"3 Cultists","floor":22,"turns":3},{"damage":5,"enemies":"Centurion and Healer","floor":24,"turns":7},{"damage":64,"enemies":"Slavers","floor":25,"turns":6}],"seed_played":"7608846926124722044","potions_obtained":[{"floor":1,"key":"SkillPotion"},{"floor":7,"key":"GhostInAJar"},{"floor":13,"key":"EssenceOfSteel"},{"floor":20,"key":"SmokeBomb"}],"is_trial":false,"path_per_floor":["M","?","M","$","?","R","M","E","T","R","$","R","M","?","R","B",null,"M","$","M","$","M","R","M","E"],"character_chosen":"THE_SILENT","items_purchased":["Noxious Fumes","Backflip","Well Laid Plans","Poisoned Stab"],"campfire_rested":0,"item_purchase_floors":[4,4,11,21],"current_hp_per_floor":[70,45,42,42,65,65,65,55,55,55,55,55,52,52,52,17,71,62,62,63,63,63,63,59,0],"gold":27,"neow_bonus":"REMOVE_CARD","is_prod":false,"is_daily":false,"chose_seed":false,"campfire_upgraded":5,"win_rate":0,"timestamp":1544201882,"path_taken":["M","?","M","$","?","R","M","E","T","R","?","R","?","?","R","BOSS","M","?","M","$","M","R","M","E"],"build_version":"2018-12-06","purchased_purges":1,"victory":false,"max_hp_per_floor":[70,70,70,70,70,70,70,70,70,70,70,70,70,70,70,71,71,72,72,73,73,74,74,75,75],"card_choices":[{"not_picked":["Concentrate","Setup"],"picked":"Blur","floor":1},{"not_picked":["Prepared","Blade Dance"],"picked":"Heel Hook","floor":3},{"not_picked":["Acrobatics","Masterful Stab"],"picked":"Backflip","floor":7},{"not_picked":["Deflect","Concentrate"],"picked":"Envenom","floor":8},{"not_picked":["Cloak And Dagger","Underhanded Strike"],"picked":"Deflect","floor":13},{"not_picked":["Bullet Time","Corpse Explosion"],"picked":"After Image","floor":16},{"not_picked":["Dodge and Roll+1","Dagger Throw"],"picked":"Quick Slash","floor":18},{"not_picked":["Deadly Poison+1","Venomology"],"picked":"Bane+1","floor":20},{"not_picked":["Outmaneuver","Poisoned Stab"],"picked":"Sucker Punch+1","floor":24}],"player_experience":369920,"relics_obtained":[{"floor":8,"key":"Gambling Chip"},{"floor":9,"key":"Paper Crane"}],"event_choices":[{"damage_healed":0,"gold_gain":0,"player_choice":"Success","damage_taken":25,"relics_obtained":["Dead Branch"],"max_hp_gain":0,"max_hp_loss":0,"event_name":"Scrap Ooze","floor":2,"gold_loss":0},{"damage_healed":23,"gold_gain":0,"player_choice":"Banana","damage_taken":0,"max_hp_gain":0,"max_hp_loss":0,"event_name":"Big Fish","floor":5,"gold_loss":0},{"damage_healed":0,"gold_gain":0,"player_choice":"Trade","damage_taken":0,"relics_obtained":["FaceOfCleric"],"max_hp_gain":0,"max_hp_loss":0,"event_name":"FaceTrader","floor":14,"gold_loss":0}],"is_beta":false,"boss_relics":[{"not_picked":["Pandora\u0027s Box","Runic Pyramid"],"picked":"Ring of the Serpent"}],"items_purged_floors":[19],"is_endless":false,"potions_floor_spawned":[1,7,13,20],"killed_by":"Slavers","ascension_level":1}