{"gold_per_floor":[114,126,138,158,158,158,170,170,197,197,215,234,234,253,253,253],"floor_reached":16,"playtime":987,"items_purged":[],"score":96,"play_id":"47186b2c-2ba7-4490-a287-e2ef2c456973","local_time":"20181109215931","is_ascension_mode":false,"campfire_choices":[{"data":"Neutralize","floor":6,"key":"SMITH"},{"data":"Footwork","floor":8,"key":"SMITH"},{"data":"Tactician","floor":10,"key":"SMITH"},{"data":"Deflect","floor":13,"key":"SMITH"},{"data":"Survivor","floor":15,"key":"SMITH"}],"neow_cost":"NONE","seed_source_timestamp":1988922077018452,"circlet_count":0,"master_deck":["Defend_G","Defend_G","Defend_G","Defend_G","Defend_G","Strike_G","Strike_G","Strike_G","Strike_G","Survivor+1","Neutralize+1","Escape Plan","Tactician+1","Acrobatics","Footwork+1","Endless Agony","Deflect+1"],"relics":["Ring of the Snake","Potion Belt","PreservedInsect"],"potions_floor_usage":[16,16],"damage_taken":[{"damage":0,"enemies":"Cultist","floor":1,"turns":5},{"damage":0,"enemies":"Small Slimes","floor":2,"turns":5},{"damage":0,"enemies":"2 Louse","floor":3,"turns":3},{"damage":0,"enemies":"Looter","floor":4,"turns":5},{"damage":0,"enemies":"Blue Slaver","floor":7,"turns":6},{"damage":4,"enemies":"2 Fungi Beasts","floor":11,"turns":5},{"damage":0,"enemies":"Large Slime","floor":12,"turns":10},{"damage":0,"enemies":"Gremlin Gang","floor":14,"turns":8},{"damage":68,"enemies":"Hexaghost","floor":16,"turns":18}],"seed_played":"-6202638053273710956","potions_obtained":[{"floor":1,"key":"Fire Potion"},{"floor":4,"key":"Weak Potion"},{"floor":7,"key":"Poison Potion"},{"floor":11,"key":"GhostInAJar"}],"is_trial":false,"path_per_floor":["M","M","M","M","?","R","M","R","T","R","M","M","R","M","R","B"],"character_chosen":"THE_SILENT","items_purchased":[],"campfire_rested":0,"item_purchase_floors":[],"current_hp_per_floor":[70,70,70,70,70,70,70,70,70,70,66,66,66,66,66,0],"gold":253,"neow_bonus":"REMOVE_CARD","is_prod":false,"is_daily":false,"chose_seed":false,"campfire_upgraded":5,"win_rate":0,"timestamp":1541797171,"path_taken":["M","?","M","M","?","R","M","R","T","R","?","M","R","M","R","BOSS"],"build_version":"2018-11-08","purchased_purges":0,"victory":false,"max_hp_per_floor":[70,70,70,70,70,70,70,70,70,70,70,70,70,70,70,70],"card_choices":[{"not_picked":["PiercingWail","Underhanded Strike"],"picked":"Escape Plan","floor":1},{"not_picked":["Endless Agony","Calculated Gamble"],"picked":"Tactician","floor":2},{"not_picked":["Infinite Blades","Accuracy","Dodge and Roll"],"picked":"SKIP","floor":3},{"not_picked":["Prepared","Dodge and Roll"],"picked":"Acrobatics","floor":4},{"not_picked":["Backflip","Die Die Die"],"picked":"Footwork","floor":7},{"not_picked":["Catalyst","Eviscerate"],"picked":"Endless Agony","floor":11},{"not_picked":["Cloak And Dagger","Masterful Stab"],"picked":"Deflect","floor":12},{"not_picked":["Concentrate","Dagger Throw","Bane"],"picked":"SKIP","floor":14}],"player_experience":283284,"relics_obtained":[{"floor":9,"key":"PreservedInsect"}],"event_choices":[{"damage_healed":0,"gold_gain":0,"player_choice":"Gave Potion","damage_taken":0,"relics_obtained":["Potion Belt"],"max_hp_gain":0,"max_hp_loss":0,"event_name":"WeMeetAgain","floor":5,"gold_loss":0}],"is_beta":false,"boss_relics":[],"items_purged_floors":[],"is_endless":false,"potions_floor_spawned":[1,4,7,11],"killed_by":"Hexaghost","ascension_level":0}