{"path_per_floor":["M","M","?","M","M","R","E","M","T","M","E","M","M","M","R","B",null,"M","M","M","$","M","R","?","R","T","M","R","E","?","M","R"],"character_chosen":"IRONCLAD","items_purchased":["Meat on the Bone","Wild Strike","Double Tap"],"gold_per_floor":[119,131,131,151,164,164,199,218,218,234,268,285,302,314,314,410,410,422,434,449,41,51,51,101,101,101,120,120,152,152,167,167,167],"floor_reached":33,"campfire_rested":2,"playtime":3257,"current_hp_per_floor":[76,80,73,72,66,66,53,59,59,52,37,36,42,48,48,19,80,73,43,28,28,23,47,47,47,47,50,50,36,36,22,46,14],"items_purged":[],"gold":167,"score":285,"play_id":"ec457b08-e59a-4aff-a74a-fd5512577b73","local_time":"20180324030300","is_prod":false,"is_daily":false,"is_ascension_mode":false,"campfire_upgraded":4,"timestamp":1521874980,"path_taken":["M","M","?","M","M","R","E","M","T","M","E","M","M","?","R","BOSS","M","M","M","$","M","R","?","R","T","M","R","E","?","M","R","BOSS"],"build_version":"2018-03-22v2","purchased_purges":2,"victory":false,"master_deck":["Strike_R","Strike_R","Strike_R","Strike_R","Strike_R","Defend_R","Defend_R","Defend_R","Bash","Shrug It Off","Armaments+1","Cleave","Shrug It Off","Perfected Strike","Immolate","Body Slam+1","Dual Wield","Headbutt","Wild Strike","Power Through","Juggernaut+1","Seeing Red+1","Inflame","True Grit","Wild Strike","Double Tap","Ghostly Armor","Headbutt","Rage+1"],"max_hp_per_floor":[80,80,80,80,80,80,80,80,80,80,80,80,80,80,80,80,80,80,80,80,80,80,80,80,80,80,80,80,80,80,80,80,80],"relics":["Burning Blood","Gremlin Horn","Sundial","Torii","Mark of Pain","Meat on the Bone","Unceasing Top","Bottled Lightning"],"card_choices":[{"not_picked":["Sword Boomerang","Clash"],"picked":"Shrug It Off"},{"not_picked":["Bloodletting","Battle Trance"],"picked":"Armaments"},{"not_picked":["True Grit","Warcry"],"picked":"Cleave"},{"not_picked":["Flex","Perfected Strike"],"picked":"Shrug It Off"},{"not_picked":["Heavy Blade","Clash"],"picked":"Perfected Strike","floor":7.0},{"not_picked":["Heavy Blade","Shrug It Off"],"picked":"Immolate","floor":8.0},{"not_picked":["Thunderclap","Armaments"],"picked":"Body Slam","floor":10.0},{"not_picked":["Pummel","Perfected Strike"],"picked":"Dual Wield","floor":11.0},{"not_picked":["Dropkick","Clash"],"picked":"Headbutt","floor":12.0},{"not_picked":["Perfected Strike","Clash"],"picked":"Wild Strike","floor":13.0},{"not_picked":["Thunderclap","Warcry"],"picked":"Power Through","floor":14.0},{"not_picked":["Feed","Impervious"],"picked":"Juggernaut","floor":16.0},{"not_picked":["Perfected Strike","Sword Boomerang"],"picked":"Seeing Red","floor":18.0},{"not_picked":["Anger","Disarm"],"picked":"Inflame","floor":19.0},{"not_picked":["Fiend Fire","Havoc"],"picked":"True Grit","floor":20.0},{"not_picked":["Flex","True Grit"],"picked":"Ghostly Armor","floor":22.0},{"not_picked":["Heavy Blade","Thunderclap"],"picked":"Headbutt","floor":27.0},{"not_picked":["Shrug It Off","Flex"],"picked":"Rage","floor":31}],"player_experience":196682,"potions_floor_usage":[33,33],"damage_taken":[{"damage":10.0,"enemies":"Jaw Worm","floor":1.0,"turns":4.0},{"damage":2.0,"enemies":"Small Slimes","floor":2.0,"turns":4.0},{"damage":7.0,"enemies":"Cultist","floor":4.0,"turns":4.0},{"damage":12.0,"enemies":"3 Louse","floor":5.0,"turns":4.0},{"damage":19.0,"enemies":"3 Sentries","floor":7.0,"turns":8.0},{"damage":0.0,"enemies":"Lots of Slimes","floor":8.0,"turns":4.0},{"damage":13.0,"enemies":"Red Slaver","floor":10.0,"turns":3.0},{"damage":33.0,"enemies":"Lagavulin","floor":11.0,"turns":7.0},{"damage":7.0,"enemies":"3 Louse","floor":12.0,"turns":3.0},{"damage":0.0,"enemies":"Exordium Wildlife","floor":13.0,"turns":1.0},{"damage":0.0,"enemies":"Large Slime","floor":14.0,"turns":4.0},{"damage":35.0,"enemies":"Hexaghost","floor":16.0,"turns":12.0},{"damage":13.0,"enemies":"3 Byrds","floor":18.0,"turns":5.0},{"damage":36.0,"enemies":"Spheric Guardian","floor":19.0,"turns":6.0},{"damage":21.0,"enemies":"Snake Plant","floor":20.0,"turns":3.0},{"damage":23.0,"enemies":"Sentry and Sphere","floor":22.0,"turns":6.0},{"damage":15.0,"enemies":"Snecko","floor":27.0,"turns":3.0},{"damage":32.0,"enemies":"Gremlin Leader","floor":29.0,"turns":9.0},{"damage":32,"enemies":"Centurion and Healer","floor":31,"turns":6},{"damage":32,"enemies":"Champ","floor":33,"turns":8}],"event_choices":[{"event_name":"Golden Wing","player_choice":"Card Removal","floor":3.0,"damage_taken":0.0},{"event_name":"The Joust","player_choice":"Bet on Murderer","floor":24.0,"damage_taken":0.0},{"event_name":"Vampires","player_choice":"Ignored","floor":30,"damage_taken":0}],"boss_relics":[],"potions_floor_spawned":[7,10,12,13,16,19,20,29,31],"seed_played":"1150715108561311008","killed_by":"Champ","ascension_level":0,"is_trial":false}