{"gold_per_floor":[112,112,125,150,163,202,221,221,295,333,65,90,90,111,111,242,242,257,232,232,232,232,232,232],"floor_reached":24,"playtime":1382,"items_purged":["Strike_G"],"score":322,"play_id":"e3fadeba-01d1-4041-9278-2b11182ae75a","local_time":"20190208195500","is_ascension_mode":true,"campfire_choices":[{"floor":8,"key":"REST"},{"floor":13,"key":"REST"},{"data":"Neutralize","floor":15,"key":"SMITH"},{"data":"After Image","floor":23,"key":"SMITH"}],"neow_cost":"NONE","seed_source_timestamp":459098745484813,"circlet_count":0,"master_deck":["AscendersBane","Defend_G","Defend_G","Defend_G","Defend_G","Defend_G","Strike_G","Strike_G","Strike_G","Strike_G","Survivor","Neutralize+1","Crippling Poison","Injury","Predator","Blur","Backstab","All Out Attack","Caltrops","Skewer","Well Laid Plans","Cloak And Dagger","Dash","After Image+1","Dodge and Roll","PiercingWail+1"],"relics":["Ring of the Snake","Juzu Bracelet","Bloody Idol","Paper Crane","Meat on the Bone","Ice Cream","Vajra","Philosopher\u0027s Stone"],"potions_floor_usage":[6,6,18,18,20],"damage_taken":[{"damage":0,"enemies":"Jaw Worm","floor":1,"turns":4},{"damage":9,"enemies":"Small Slimes","floor":3,"turns":6},{"damage":5,"enemies":"2 Louse","floor":4,"turns":3},{"damage":7,"enemies":"2 Fungi Beasts","floor":5,"turns":5},{"damage":18,"enemies":"Gremlin Nob","floor":6,"turns":5},{"damage":0,"enemies":"3 Louse","floor":7,"turns":2},{"damage":43,"enemies":"3 Sentries","floor":10,"turns":14},{"damage":13,"enemies":"Large Slime","floor":12,"turns":5},{"damage":1,"enemies":"Exordium Thugs","floor":14,"turns":5},{"damage":33,"enemies":"Slime Boss","floor":16,"turns":14},{"damage":9,"enemies":"Chosen","floor":18,"turns":5},{"damage":8,"enemies":"2 Thieves","floor":19,"turns":5},{"damage":15,"enemies":"Colosseum Slavers","floor":20,"turns":6},{"damage":53,"enemies":"Gremlin Leader","floor":24,"turns":10}],"seed_played":"-6198266968351552542","potions_obtained":[{"floor":1,"key":"GamblersBrew"},{"floor":3,"key":"Weak Potion"},{"floor":5,"key":"SkillPotion"},{"floor":12,"key":"GamblersBrew"},{"floor":14,"key":"GamblersBrew"},{"floor":18,"key":"Dexterity Potion"}],"is_trial":false,"path_per_floor":["M","?","M","M","M","E","M","R","T","E","$","M","R","M","R","B",null,"M","M","?","?","?","R","E"],"character_chosen":"THE_SILENT","items_purchased":["Vajra","Well Laid Plans"],"campfire_rested":2,"item_purchase_floors":[11,11],"current_hp_per_floor":[63,63,54,49,42,24,24,45,45,14,14,13,34,45,45,24,59,50,42,39,39,39,39,0],"gold":232,"neow_bonus":"RANDOM_COMMON_RELIC","is_prod":false,"is_daily":false,"chose_seed":false,"campfire_upgraded":2,"win_rate":0,"timestamp":1549652100,"path_taken":["M","?","M","M","M","E","M","R","T","E","$","M","R","M","R","BOSS","M","M","?","?","?","R","E"],"build_version":"2019-01-23","purchased_purges":1,"victory":false,"max_hp_per_floor":[70,70,70,70,70,70,70,70,70,70,70,70,70,70,70,70,70,70,70,70,70,70,70,70],"card_choices":[{"not_picked":["Blade Dance","Choke"],"picked":"Crippling Poison","floor":1},{"not_picked":["Quick Slash","Dodge and Roll"],"picked":"Predator","floor":3},{"not_picked":["Skewer","Backflip"],"picked":"Blur","floor":4},{"not_picked":["Quick Slash","PiercingWail"],"picked":"Backstab","floor":5},{"not_picked":["Blade Dance","Flying Knee"],"picked":"All Out Attack","floor":6},{"not_picked":["Tactician","Heel Hook"],"picked":"Caltrops","floor":7},{"not_picked":["Poisoned Stab","Grand Finale"],"picked":"Skewer","floor":10},{"not_picked":["Predator","Dagger Throw"],"picked":"Cloak And Dagger","floor":12},{"not_picked":["Expertise","Skewer"],"picked":"Dash","floor":14},{"not_picked":["Tools of the Trade","A Thousand Cuts"],"picked":"After Image","floor":16},{"not_picked":["Flechettes","Prepared"],"picked":"Dodge and Roll","floor":18},{"not_picked":["Dodge and Roll","Backflip"],"picked":"PiercingWail+1","floor":19}],"player_experience":594999,"relics_obtained":[{"floor":6,"key":"Paper Crane"},{"floor":9,"key":"Meat on the Bone"},{"floor":10,"key":"Ice Cream"}],"event_choices":[{"damage_healed":0,"gold_gain":0,"player_choice":"Take Wound","damage_taken":0,"relics_obtained":["Golden Idol"],"max_hp_gain":0,"max_hp_loss":0,"event_name":"Golden Idol","floor":2,"gold_loss":0,"cards_obtained":["Injury"]},{"damage_healed":0,"gold_gain":0,"player_choice":"Fight","damage_taken":0,"max_hp_gain":0,"max_hp_loss":0,"event_name":"Colosseum","floor":20,"gold_loss":0},{"damage_healed":0,"gold_gain":0,"player_choice":"Fled From Nobs","damage_taken":0,"max_hp_gain":0,"max_hp_loss":0,"event_name":"Colosseum","floor":20,"gold_loss":0},{"damage_healed":0,"gold_gain":0,"player_choice":"Ignored","damage_taken":0,"max_hp_gain":0,"max_hp_loss":0,"event_name":"Ghosts","floor":21,"gold_loss":0},{"damage_healed":0,"gold_gain":0,"player_choice":"Gave Idol","damage_taken":0,"relics_obtained":["Bloody Idol"],"max_hp_gain":0,"max_hp_loss":0,"event_name":"Forgotten Altar","floor":22,"relics_lost":["Golden Idol"],"gold_loss":0}],"is_beta":false,"boss_relics":[{"not_picked":["Runic Dome","Runic Pyramid"],"picked":"Philosopher\u0027s Stone"}],"items_purged_floors":[11],"is_endless":false,"potions_floor_spawned":[1,3,5,12,14,18,20],"killed_by":"Gremlin Leader","ascension_level":11}