{"gold_per_floor":[110,84,97,110,40,40,58,58,58,73,73,73,73,73,73,198,198,184,202,202,112,0,0,25,0,24,37,37,37,37,51,51,51],"floor_reached":33,"playtime":1621,"items_purged":["Reflex"],"score":364,"play_id":"6c586c1b-9177-4906-a2fc-224609c2a0f2","local_time":"20190202124441","is_ascension_mode":true,"campfire_choices":[{"data":"Noxious Fumes","floor":6,"key":"SMITH"},{"data":"Neutralize","floor":8,"key":"SMITH"},{"floor":12,"key":"REST"},{"data":"Leg Sweep","floor":15,"key":"SMITH"},{"data":"After Image","floor":23,"key":"SMITH"},{"floor":30,"key":"REST"},{"data":"Footwork","floor":32,"key":"SMITH"}],"neow_cost":"NONE","seed_source_timestamp":1089139688940226,"circlet_count":0,"master_deck":["AscendersBane","Survivor","Neutralize+1","Blind","Tactician+1","Deflect","Slice","Dagger Spray","Noxious Fumes+1","Escape Plan+1","Leg Sweep+1","After Image+1","Sucker Punch","Heel Hook","Dodge and Roll","Reflex","Dash","Backstab","Finisher","Cloak And Dagger","Cloak And Dagger","Setup+1","Footwork+1","Acrobatics","Underhanded Strike+1","Flying Knee"],"relics":["Ring of the Snake","Bottled Tornado","Golden Idol","Pandora\u0027s Box","Lantern"],"potions_floor_usage":[3,31,31,33],"damage_taken":[{"damage":0,"enemies":"2 Louse","floor":1,"turns":4},{"damage":8,"enemies":"Jaw Worm","floor":3,"turns":6},{"damage":7,"enemies":"Small Slimes","floor":4,"turns":5},{"damage":15,"enemies":"Gremlin Gang","floor":7,"turns":5},{"damage":4,"enemies":"Large Slime","floor":10,"turns":6},{"damage":20,"enemies":"The Guardian","floor":16,"turns":13},{"damage":8,"enemies":"2 Thieves","floor":18,"turns":4},{"damage":13,"enemies":"Chosen","floor":19,"turns":6},{"damage":1,"enemies":"Centurion and Healer","floor":24,"turns":8},{"damage":15,"enemies":"Snake Plant","floor":27,"turns":5},{"damage":6,"enemies":"Cultist and Chosen","floor":31,"turns":6},{"damage":38,"enemies":"Collector","floor":33,"turns":6}],"seed_played":"2611406475845719442","potions_obtained":[{"floor":1,"key":"FearPotion"},{"floor":24,"key":"Strength Potion"},{"floor":27,"key":"Fire Potion"},{"floor":31,"key":"Weak Potion"}],"is_trial":false,"path_per_floor":["M","$","M","M","$","R","M","R","T","M","?","R","?","$","R","B",null,"M","M","?","?","$","R","M","?","T","M","?","$","R","M","R","B"],"character_chosen":"THE_SILENT","items_purchased":["Deflect","Noxious Fumes","Footwork"],"campfire_rested":2,"item_purchase_floors":[2,5,22],"current_hp_per_floor":[63,63,55,48,48,48,33,33,33,29,29,48,48,48,48,28,56,48,35,35,35,35,35,34,34,34,19,19,19,38,32,32,0],"gold":51,"neow_bonus":"RANDOM_COLORLESS","is_prod":false,"is_daily":false,"chose_seed":false,"campfire_upgraded":5,"win_rate":0,"timestamp":1549107881,"path_taken":["M","$","M","M","$","R","M","R","T","M","?","R","?","$","R","BOSS","M","M","?","?","$","R","?","?","T","M","?","?","R","M","R","BOSS"],"build_version":"2019-01-23","purchased_purges":1,"victory":false,"max_hp_per_floor":[70,70,70,70,70,70,70,70,70,70,65,65,65,65,65,65,65,65,65,65,65,65,65,65,65,65,65,65,65,65,65,65,65],"card_choices":[{"not_picked":["Poisoned Stab","Outmaneuver"],"picked":"Tactician","floor":1},{"not_picked":["PiercingWail","Tactician"],"picked":"Slice","floor":3},{"not_picked":["Bane","Cloak And Dagger"],"picked":"Dagger Spray","floor":4},{"not_picked":["Quick Slash","Bane"],"picked":"Escape Plan","floor":7},{"not_picked":["Sucker Punch","Outmaneuver"],"picked":"Leg Sweep","floor":10},{"not_picked":["Wraith Form v2","Glass Knife"],"picked":"After Image","floor":16},{"not_picked":["Blade Dance+1","Expertise"],"picked":"Cloak And Dagger","floor":18},{"not_picked":["Underhanded Strike","Endless Agony"],"picked":"Setup+1","floor":19},{"not_picked":["Sucker Punch","Quick Slash"],"picked":"Acrobatics","floor":24},{"not_picked":["Quick Slash","Slice"],"picked":"Underhanded Strike+1","floor":27},{"not_picked":["Underhanded Strike","Cloak And Dagger"],"picked":"Flying Knee","floor":31}],"player_experience":567109,"relics_obtained":[{"floor":9,"key":"Bottled Tornado"},{"floor":26,"key":"Lantern"}],"event_choices":[{"damage_healed":0,"gold_gain":0,"player_choice":"Lose Max HP","damage_taken":0,"relics_obtained":["Golden Idol"],"max_hp_gain":0,"max_hp_loss":5,"event_name":"Golden Idol","floor":11,"gold_loss":0},{"damage_healed":0,"gold_gain":0,"player_choice":"Grow","damage_taken":0,"max_hp_gain":0,"max_hp_loss":0,"event_name":"Living Wall","floor":13,"gold_loss":0,"cards_upgraded":["Tactician"]},{"damage_healed":0,"gold_gain":0,"player_choice":"Ignored","damage_taken":0,"max_hp_gain":0,"max_hp_loss":0,"event_name":"Vampires","floor":20,"gold_loss":0},{"cards_removed":["Concentrate"],"damage_healed":0,"gold_gain":0,"player_choice":"Upgrade and Remove","damage_taken":0,"max_hp_gain":0,"max_hp_loss":0,"event_name":"Designer","floor":21,"gold_loss":90,"cards_upgraded":["Escape Plan"]},{"damage_healed":0,"gold_gain":0,"player_choice":"Paid Fearfully","damage_taken":0,"max_hp_gain":0,"max_hp_loss":0,"event_name":"Masked Bandits","floor":25,"gold_loss":25},{"damage_healed":0,"gold_gain":0,"player_choice":"Ignored","damage_taken":0,"max_hp_gain":0,"max_hp_loss":0,"event_name":"Cursed Tome","floor":28,"gold_loss":0}],"is_beta":false,"boss_relics":[{"not_picked":["Ring of the Serpent","Calling Bell"],"picked":"Pandora\u0027s Box"}],"items_purged_floors":[22],"is_endless":false,"potions_floor_spawned":[1,24,27,31],"killed_by":"Collector","ascension_level":11}