{"gold_per_floor":[113,83,8,19,30,61,61,73,73,106,163,179,209,225,225,328,328,347,347,367,417,429,461,461,480,506,535,554,565,598,614,614,719,719,729,729,740,44,58,89,89,100,100,100,128,143,155,186,186,186,186,186,31,56,56],"floor_reached":56,"playtime":5179,"items_purged":["Shame","Strike_B"],"score":1787,"play_id":"c9ce7b09-82fd-4c96-9564-19cd35e2af64","local_time":"20190115161940","is_ascension_mode":true,"campfire_choices":[{"data":"Zap","floor":7,"key":"SMITH"},{"data":"Dualcast","floor":15,"key":"SMITH"},{"floor":24,"key":"REST"},{"floor":32,"key":"REST"},{"floor":41,"key":"RECALL"},{"data":"Seek","floor":44,"key":"SMITH"},{"floor":49,"key":"REST"},{"floor":52,"key":"REST"}],"neow_cost":"CURSE","seed_source_timestamp":34968416874590,"circlet_count":0,"master_deck":["Strike_B","Strike_B","Strike_B","Defend_B","Defend_B","Defend_B","Defend_B","Zap+1","Dualcast+1","Cold Snap","Self Repair","Gash","Glacier","Melter","Loop+1","Conserve Battery","Core Surge","Consume+1","Electrodynamics+1","Chaos+1","Defragment+1","Redo+1","Auto Shields","Buffer+1","Reinforced Body+1","Seek+1","White Noise+1","Loop+1","Coolheaded+1"],"relics":["Cracked Core","Thread and Needle","Sundial","Dead Branch","Torii","Frozen Egg 2","DataDisk","Philosopher\u0027s Stone","Blood Vial","Bag of Marbles","Pocketwatch","Bottled Tornado","Inserter","Medical Kit","Singing Bowl","Dodecahedron","Art of War","Ice Cream","Oddly Smooth Stone","Incense Burner"],"potions_floor_usage":[6,6,6,10,18,23,27,28,29,30,30,30,30,50,55,55],"damage_taken":[{"damage":0,"enemies":"2 Louse","floor":1,"turns":2},{"damage":0,"enemies":"Cultist","floor":4,"turns":3},{"damage":0,"enemies":"Small Slimes","floor":5,"turns":3},{"damage":7,"enemies":"Lagavulin","floor":6,"turns":8},{"damage":10,"enemies":"Exordium Thugs","floor":8,"turns":6},{"damage":3,"enemies":"Gremlin Nob","floor":10,"turns":4},{"damage":16,"enemies":"Lagavulin Event","floor":11,"turns":9},{"damage":0,"enemies":"Blue Slaver","floor":12,"turns":4},{"damage":0,"enemies":"Lagavulin","floor":13,"turns":8},{"damage":12,"enemies":"Gremlin Gang","floor":14,"turns":5},{"damage":35,"enemies":"Hexaghost","floor":16,"turns":12},{"damage":1,"enemies":"Chosen","floor":18,"turns":5},{"damage":6,"enemies":"3 Byrds","floor":20,"turns":5},{"damage":8,"enemies":"Cultist and Chosen","floor":22,"turns":7},{"damage":64,"enemies":"Slavers","floor":23,"turns":5},{"damage":11,"enemies":"Centurion and Healer","floor":25,"turns":6},{"damage":18,"enemies":"Gremlin Leader","floor":27,"turns":5},{"damage":20,"enemies":"Snake Plant","floor":28,"turns":4},{"damage":1,"enemies":"Cultist and Chosen","floor":29,"turns":5},{"damage":23,"enemies":"Book of Stabbing","floor":30,"turns":6},{"damage":10,"enemies":"Shelled Parasite and Fungi","floor":31,"turns":6},{"damage":10,"enemies":"Collector","floor":33,"turns":8},{"damage":23,"enemies":"3 Darklings","floor":35,"turns":2},{"damage":0,"enemies":"Orb Walker","floor":37,"turns":4},{"damage":0,"enemies":"Maw","floor":39,"turns":6},{"damage":0,"enemies":"Giant Head","floor":40,"turns":10},{"damage":23,"enemies":"Transient","floor":42,"turns":5},{"damage":0,"enemies":"Nemesis","floor":45,"turns":7},{"damage":0,"enemies":"Sphere and 2 Shapes","floor":46,"turns":4},{"damage":27,"enemies":"Spire Growth","floor":47,"turns":4},{"damage":33,"enemies":"Reptomancer","floor":48,"turns":7},{"damage":20,"enemies":"Time Eater","floor":50,"turns":13},{"damage":60,"enemies":"Shield and Spear","floor":54,"turns":10},{"damage":28,"enemies":"The Heart","floor":55,"turns":10}],"seed_played":"-1732468950626558372","potions_obtained":[{"floor":1,"key":"AttackPotion"},{"floor":2,"key":"FocusPotion"},{"floor":2,"key":"Poison Potion"},{"floor":8,"key":"AttackPotion"},{"floor":11,"key":"EntropicBrew"},{"floor":14,"key":"GamblersBrew"},{"floor":16,"key":"SkillPotion"},{"floor":18,"key":"SpeedPotion"},{"floor":22,"key":"PowerPotion"},{"floor":25,"key":"Poison Potion"},{"floor":27,"key":"SkillPotion"},{"floor":33,"key":"FearPotion"},{"floor":37,"key":"EssenceOfSteel"},{"floor":39,"key":"LiquidBronze"},{"floor":42,"key":"SkillPotion"},{"floor":47,"key":"FocusPotion"}],"is_trial":false,"path_per_floor":["M","?","$","M","M","E","R","M","T","E","?","M","E","M","R","B",null,"M","?","M","?","M","E","R","M","T","E","M","M","E","M","R","B",null,"M","?","M","$","M","E","R","M","T","R","E","M","M","E","R","B",null,"R","$","E","B",null],"character_chosen":"DEFECT","items_purchased":["Medical Kit","Singing Bowl","Seek","Oddly Smooth Stone"],"campfire_rested":4,"item_purchase_floors":[38,38,38,53],"current_hp_per_floor":[68,68,68,68,75,75,75,72,72,75,66,73,75,70,70,42,67,73,73,74,74,73,16,38,36,36,27,16,24,10,9,31,30,64,43,36,45,45,54,63,63,51,51,51,62,73,48,26,50,39,72,83,83,32,13],"gold":56,"neow_bonus":"ONE_RARE_RELIC","is_prod":false,"is_daily":false,"chose_seed":false,"campfire_upgraded":3,"win_rate":0,"timestamp":1547590780,"path_taken":["M","?","$","?","M","E","R","M","T","E","?","M","E","M","R","BOSS","M","?","M","?","M","E","R","M","T","E","?","M","E","M","R","BOSS","M","?","?","?","M","E","R","?","T","R","E","M","M","E","R","BOSS","R","$","E","BOSS"],"build_version":"2019-01-10","purchased_purges":2,"victory":true,"max_hp_per_floor":[75,75,75,75,75,75,75,75,75,75,75,75,75,75,75,75,75,75,75,75,75,75,75,75,75,75,75,75,75,75,75,75,75,75,75,75,75,75,75,75,75,77,77,77,79,81,81,83,83,83,83,83,83,85,85],"card_choices":[{"not_picked":["Conserve Battery","Go for the Eyes"],"picked":"Cold Snap","floor":1},{"not_picked":["Conserve Battery","Redo"],"picked":"Self Repair","floor":4},{"not_picked":["Redo","Blizzard"],"picked":"Gash","floor":5},{"not_picked":["Hologram","Cold Snap"],"picked":"Glacier","floor":6},{"not_picked":["Hello World","Leap","Barrage"],"picked":"SKIP","floor":8},{"not_picked":["Double Energy","Beam Cell","Redo"],"picked":"SKIP","floor":10},{"not_picked":["Leap","Self Repair+1"],"picked":"Melter","floor":12},{"not_picked":["Compile Driver","Glacier"],"picked":"Loop+1","floor":13},{"not_picked":["Turbo","Aggregate"],"picked":"Conserve Battery","floor":14},{"not_picked":["Multi-Cast","Creative AI+1"],"picked":"Core Surge","floor":16},{"not_picked":["Tempest+1","Go for the Eyes","Scrape"],"picked":"SKIP","floor":18},{"not_picked":["Coolheaded","Rebound+1"],"picked":"Consume+1","floor":20},{"not_picked":["Skim","Leap","Hologram"],"picked":"SKIP","floor":22},{"not_picked":["Heatsinks+1","Leap"],"picked":"Electrodynamics+1","floor":23},{"not_picked":["Barrage","Skim","Compile Driver+1"],"picked":"SKIP","floor":25},{"not_picked":["Tempest+1","Hologram"],"picked":"Chaos+1","floor":27},{"not_picked":["Sweeping Beam","Turbo","Hologram"],"picked":"SKIP","floor":28},{"not_picked":["Rebound","Cold Snap"],"picked":"Defragment+1","floor":29},{"not_picked":["Core Surge","Cold Snap"],"picked":"Redo+1","floor":30},{"not_picked":["Blizzard","Chaos"],"picked":"Auto Shields","floor":31},{"not_picked":["Electrodynamics+1","Multi-Cast"],"picked":"Buffer+1","floor":33},{"not_picked":["Tempest+1","Conserve Battery"],"picked":"Reinforced Body+1","floor":35},{"not_picked":["Darkness","Sunder","Sweeping Beam+1"],"picked":"SKIP","floor":37},{"not_picked":["Cold Snap+1","Double Energy"],"picked":"White Noise+1","floor":39},{"not_picked":["Fusion","Gash+1"],"picked":"Loop+1","floor":40},{"not_picked":["Streamline+1","Beam Cell","Conserve Battery+1"],"picked":"Singing Bowl","floor":42},{"not_picked":["Redo","Compile Driver","Steam"],"picked":"Singing Bowl","floor":45},{"not_picked":["Ball Lightning","Steam","Turbo"],"picked":"Singing Bowl","floor":46},{"not_picked":["Genetic Algorithm","White Noise"],"picked":"Coolheaded+1","floor":47},{"not_picked":["Sweeping Beam","Beam Cell+1","Hyperbeam"],"picked":"Singing Bowl","floor":48},{"not_picked":["Barrage+1","Capacitor+1","Doom and Gloom+1"],"picked":"Singing Bowl","floor":54}],"player_experience":625260,"relics_obtained":[{"floor":6,"key":"Sundial"},{"floor":9,"key":"Dead Branch"},{"floor":10,"key":"Torii"},{"floor":11,"key":"Frozen Egg 2"},{"floor":13,"key":"DataDisk"},{"floor":23,"key":"Blood Vial"},{"floor":26,"key":"Bag of Marbles"},{"floor":27,"key":"Pocketwatch"},{"floor":30,"key":"Bottled Tornado"},{"floor":40,"key":"Dodecahedron"},{"floor":45,"key":"Art of War"},{"floor":48,"key":"Ice Cream"},{"floor":54,"key":"Incense Burner"}],"event_choices":[{"damage_healed":0,"gold_gain":0,"player_choice":"Bought 2 Potions","damage_taken":0,"max_hp_gain":0,"max_hp_loss":0,"event_name":"The Woman in Blue","floor":2,"gold_loss":0},{"damage_healed":0,"gold_gain":30,"player_choice":"Searched \u00272\u0027 times","damage_taken":0,"max_hp_gain":0,"max_hp_loss":0,"event_name":"Dead Adventurer","floor":11,"gold_loss":0},{"damage_healed":0,"gold_gain":0,"player_choice":"Ignored","damage_taken":0,"max_hp_gain":0,"max_hp_loss":0,"event_name":"Ghosts","floor":19,"gold_loss":0},{"damage_healed":0,"gold_gain":100,"player_choice":"Bet on Murderer","damage_taken":0,"max_hp_gain":0,"max_hp_loss":0,"event_name":"The Joust","floor":21,"gold_loss":50},{"damage_healed":0,"gold_gain":0,"player_choice":"Damaged","damage_taken":7,"max_hp_gain":0,"max_hp_loss":0,"event_name":"Wheel of Change","floor":36,"gold_loss":0}],"is_beta":false,"boss_relics":[{"not_picked":["Nuclear Battery","Runic Pyramid"],"picked":"Philosopher\u0027s Stone"},{"not_picked":["Lizard Tail","FrozenCore"],"picked":"Inserter"}],"items_purged_floors":[3,38],"is_endless":false,"potions_floor_spawned":[1,8,11,14,16,18,22,25,27,33,37,39,42,47,48],"ascension_level":8}