{"gold_per_floor":[117,132,57,57,72,72,91,122,122,149,160,88,88,103,103,176,176,190,200,220,220,26,57,57,82,106,134,219,244,320,332,344,432,444,473,505,36,36,52,52,66,83,134,134,153,153,163,182,182,182],"floor_reached":51,"playtime":4490,"items_purged":["Strike_R","Anger"],"score":1135,"play_id":"253cd4a1-1cf9-440a-b1ac-3cdf20dd812b","local_time":"20190129233716","is_ascension_mode":true,"campfire_choices":[{"data":"Bash","floor":6,"key":"SMITH"},{"data":"Metallicize","floor":15,"key":"SMITH"},{"floor":24,"key":"REST"},{"floor":32,"key":"REST"},{"floor":44,"key":"REST"},{"floor":49,"key":"REST"}],"neow_cost":"NONE","seed_source_timestamp":1661528698967080,"circlet_count":0,"master_deck":["AscendersBane","Strike_R","Strike_R+1","Strike_R","Defend_R","Defend_R","Defend_R+1","Defend_R","Bash+1","Metallicize+1","Clothesline","Disarm","Cleave+1","Iron Wave+1","Feel No Pain","True Grit","Demon Form","Carnage+1","Thunderclap+1","Feed+1","Disarm","Havoc+1","Uppercut+1","Dark Embrace","True Grit","Apotheosis+1","Metallicize","True Grit"],"relics":["Burning Blood","Molten Egg 2","Mummified Hand","Kunai","Mark of Pain","ClockworkSouvenir","Question Card","Strawberry","MawBank","Matryoshka","Tiny Chest","Nilry\u0027s Codex","Snecko Eye","FossilizedHelix","Ornamental Fan","Lantern","Oddly Smooth Stone"],"potions_floor_usage":[8,8,16,18,23,23,33,42,50],"damage_taken":[{"damage":3,"enemies":"Jaw Worm","floor":1,"turns":7},{"damage":9,"enemies":"2 Louse","floor":2,"turns":3},{"damage":1,"enemies":"Cultist","floor":5,"turns":3},{"damage":0,"enemies":"2 Fungi Beasts","floor":7,"turns":5},{"damage":18,"enemies":"Gremlin Nob","floor":8,"turns":4},{"damage":32,"enemies":"3 Sentries","floor":10,"turns":10},{"damage":7,"enemies":"Exordium Thugs","floor":11,"turns":4},{"damage":4,"enemies":"Lots of Slimes","floor":14,"turns":3},{"damage":19,"enemies":"Hexaghost","floor":16,"turns":11},{"damage":6,"enemies":"3 Byrds","floor":18,"turns":7},{"damage":3,"enemies":"Chosen","floor":19,"turns":4},{"damage":4,"enemies":"Centurion and Healer","floor":20,"turns":4},{"damage":27,"enemies":"Book of Stabbing","floor":23,"turns":6},{"damage":10,"enemies":"Gremlin Leader","floor":25,"turns":7},{"damage":16,"enemies":"Snake Plant","floor":27,"turns":5},{"damage":6,"enemies":"Snecko","floor":29,"turns":6},{"damage":15,"enemies":"Book of Stabbing","floor":30,"turns":7},{"damage":62,"enemies":"Collector","floor":33,"turns":10},{"damage":18,"enemies":"3 Shapes","floor":35,"turns":7},{"damage":34,"enemies":"3 Darklings","floor":36,"turns":6},{"damage":4,"enemies":"Sphere and 2 Shapes","floor":39,"turns":7},{"damage":0,"enemies":"4 Shapes","floor":41,"turns":5},{"damage":0,"enemies":"Transient","floor":42,"turns":5},{"damage":19,"enemies":"Sphere and 2 Shapes","floor":45,"turns":9},{"damage":0,"enemies":"Writhing Mass","floor":47,"turns":10},{"damage":0,"enemies":"3 Darklings","floor":48,"turns":6},{"damage":25,"enemies":"Awakened One","floor":50,"turns":13}],"seed_played":"3334477000441112905","potions_obtained":[{"floor":0,"key":"Poison Potion"},{"floor":0,"key":"Strength Potion"},{"floor":5,"key":"Poison Potion"},{"floor":10,"key":"SteroidPotion"},{"floor":16,"key":"GamblersBrew"},{"floor":19,"key":"PowerPotion"},{"floor":20,"key":"Energy Potion"},{"floor":30,"key":"GamblersBrew"},{"floor":39,"key":"Energy Potion"},{"floor":48,"key":"Strength Potion"}],"is_trial":false,"path_per_floor":["M","M","$","?","M","R","M","E","T","E","M","$","?","M","R","B",null,"M","M","M","?","$","E","R","E","T","M","T","M","E","?","R","B",null,"M","M","$","?","M","?","M","M","T","R","M","?","M","M","R","B",null],"character_chosen":"IRONCLAD","items_purchased":["Feel No Pain","ClockworkSouvenir","FossilizedHelix","BloodPotion"],"campfire_rested":4,"item_purchase_floors":[12,22,37,37],"current_hp_per_floor":[75,72,72,56,61,61,67,55,55,29,28,28,80,80,80,67,77,77,80,80,80,80,59,80,83,83,77,77,77,68,52,79,23,74,66,38,38,38,44,44,54,60,60,90,77,77,83,89,103,84],"gold":182,"neow_bonus":"THREE_SMALL_POTIONS","is_prod":false,"is_daily":false,"chose_seed":false,"campfire_upgraded":2,"win_rate":0,"timestamp":1548823036,"path_taken":["M","M","$","?","M","R","M","E","T","E","M","?","?","M","R","BOSS","M","?","M","?","?","E","R","E","T","?","?","M","E","?","R","BOSS","M","M","$","?","?","?","M","M","T","R","M","?","M","?","R","BOSS"],"build_version":"2019-01-23","purchased_purges":2,"victory":true,"max_hp_per_floor":[80,80,80,80,80,80,80,80,80,80,80,80,80,80,80,80,80,80,80,80,80,80,80,80,87,87,91,91,91,91,91,91,91,91,95,95,95,95,99,99,103,103,103,103,103,103,103,103,103,103],"card_choices":[{"not_picked":["Hemokinesis","Sword Boomerang"],"picked":"Anger","floor":1},{"not_picked":["Sword Boomerang","Thunderclap"],"picked":"Metallicize","floor":2},{"not_picked":["Juggernaut","Body Slam"],"picked":"Clothesline","floor":5},{"not_picked":["Twin Strike","Searing Blow","Sentinel"],"picked":"SKIP","floor":7},{"not_picked":["Body Slam","Havoc"],"picked":"Disarm","floor":8},{"not_picked":["Heavy Blade+1","Headbutt+1"],"picked":"Cleave+1","floor":10},{"not_picked":["Rupture","Heavy Blade+1"],"picked":"Iron Wave+1","floor":11},{"not_picked":["Brutality","Perfected Strike+1"],"picked":"True Grit","floor":14},{"not_picked":["Juggernaut","Double Tap"],"picked":"Demon Form","floor":16},{"not_picked":["Clash+1","True Grit"],"picked":"Carnage+1","floor":18},{"not_picked":["Clothesline+1","Perfected Strike+1"],"picked":"Thunderclap+1","floor":19},{"not_picked":["Flex","Shrug It Off"],"picked":"Feed+1","floor":20},{"not_picked":["Reckless Charge+1","Pommel Strike+1"],"picked":"Disarm","floor":23},{"not_picked":["Havoc","Sword Boomerang+1","Clash+1","Combust"],"picked":"SKIP","floor":25},{"not_picked":["Entrench","Wild Strike+1","Twin Strike+1","Spot Weakness"],"picked":"SKIP","floor":27},{"not_picked":["Cleave+1","Bloodletting","Clash+1"],"picked":"Havoc+1","floor":29},{"not_picked":["Flex","Dropkick+1","Intimidate"],"picked":"Uppercut+1","floor":30},{"not_picked":["Limit Break","Berserk","Bludgeon+1"],"picked":"Dark Embrace","floor":33},{"not_picked":["Anger+1","Sentinel","Inflame","Cleave+1"],"picked":"SKIP","floor":35},{"not_picked":["Shrug It Off","Anger+1","Infernal Blade"],"picked":"True Grit","floor":36},{"not_picked":["Body Slam+1","Twin Strike+1","Clash+1","Perfected Strike+1"],"picked":"SKIP","floor":39},{"not_picked":["PanicButton","Dark Shackles","Finesse"],"picked":"Apotheosis","floor":40},{"not_picked":["Seeing Red","Clash+1","Intimidate","Cleave+1"],"picked":"SKIP","floor":41},{"not_picked":["Armaments","Battle Trance","Flex"],"picked":"Metallicize","floor":42},{"not_picked":["Shrug It Off","Warcry","Pommel Strike+1"],"picked":"True Grit","floor":45},{"not_picked":["Wild Strike+1","Blood for Blood+1","Carnage+1","Rampage+1"],"picked":"SKIP","floor":47},{"not_picked":["Metallicize","Flex","Body Slam+1","Pommel Strike+1"],"picked":"SKIP","floor":48}],"player_experience":515855,"relics_obtained":[{"floor":8,"key":"Molten Egg 2"},{"floor":9,"key":"Mummified Hand"},{"floor":10,"key":"Kunai"},{"floor":23,"key":"Question Card"},{"floor":25,"key":"Strawberry"},{"floor":26,"key":"MawBank"},{"floor":28,"key":"Matryoshka"},{"floor":30,"key":"Tiny Chest"},{"floor":31,"key":"Nilry\u0027s Codex"},{"floor":38,"key":"Ornamental Fan"},{"floor":43,"key":"Lantern"},{"floor":43,"key":"Oddly Smooth Stone"}],"event_choices":[{"damage_healed":0,"gold_gain":0,"player_choice":"Entered Light","damage_taken":16,"max_hp_gain":0,"max_hp_loss":0,"event_name":"Shining Light","floor":4,"gold_loss":0,"cards_upgraded":["Defend_R","Strike_R"]},{"damage_healed":52,"gold_gain":0,"player_choice":"Full Heal","damage_taken":0,"max_hp_gain":0,"max_hp_loss":0,"event_name":"Wheel of Change","floor":13,"gold_loss":0},{"cards_removed":["Strike_R"],"damage_healed":0,"gold_gain":0,"player_choice":"Offered Basic","damage_taken":0,"max_hp_gain":0,"max_hp_loss":0,"event_name":"Bonfire Elementals","floor":21,"gold_loss":0},{"damage_healed":0,"gold_gain":0,"player_choice":"Obtained Book","damage_taken":16,"max_hp_gain":0,"max_hp_loss":0,"event_name":"Cursed Tome","floor":31,"gold_loss":0},{"damage_healed":0,"gold_gain":0,"player_choice":"Relic","damage_taken":0,"max_hp_gain":0,"max_hp_loss":0,"event_name":"Wheel of Change","floor":38,"gold_loss":0},{"damage_healed":0,"gold_gain":0,"player_choice":"Memory 1","damage_taken":0,"max_hp_gain":0,"max_hp_loss":0,"event_name":"SensoryStone","floor":40,"gold_loss":0},{"damage_healed":0,"gold_gain":0,"player_choice":"Upgraded","damage_taken":0,"max_hp_gain":0,"max_hp_loss":0,"event_name":"Upgrade Shrine","floor":46,"gold_loss":0,"cards_upgraded":["Apotheosis"]}],"is_beta":false,"boss_relics":[{"not_picked":["Philosopher\u0027s Stone","Eternal Feather"],"picked":"Mark of Pain"},{"not_picked":["Cursed Key","Lizard Tail"],"picked":"Snecko Eye"}],"items_purged_floors":[3,37],"is_endless":false,"potions_floor_spawned":[2,5,10,16,19,20,30,39,48],"ascension_level":13}