{"gold_per_floor":[119,136,155,172,17,17,36,56,56,56,76,89,89,108,108,209,209,175,175,175,66,81,81,96,96,144,160,160],"floor_reached":28,"playtime":3270,"items_purged":["Defend_G"],"score":216,"play_id":"72602399-4033-42af-9538-23be38f528e9","local_time":"20181003034845","is_ascension_mode":false,"campfire_choices":[{"data":"Noxious Fumes","floor":6,"key":"SMITH"},{"data":"1","floor":13,"key":"LIFT"},{"data":"Acrobatics","floor":15,"key":"SMITH"},{"data":"2","floor":23,"key":"LIFT"},{"data":"Leg Sweep","floor":25,"key":"SMITH"}],"neow_cost":"NONE","seed_source_timestamp":22252177866594,"circlet_count":0,"master_deck":["Defend_G","Defend_G","Defend_G","Defend_G","Strike_G","Strike_G","Strike_G","Strike_G","Strike_G","Survivor","Neutralize","Backflip","Acrobatics+1","Footwork","Dagger Throw","Noxious Fumes+1","Leg Sweep+1","Backflip","Acrobatics+1","Crippling Poison","Reflex","Wraith Form v2","Calculated Gamble+1","Footwork","Dagger Throw"],"relics":["Coffee Dripper","Letter Opener","Girya","WristBlade","Potion Belt"],"potions_floor_usage":[27,27],"damage_taken":[{"damage":0,"enemies":"Cultist","floor":1,"turns":6},{"damage":0,"enemies":"Small Slimes","floor":2,"turns":4},{"damage":0,"enemies":"2 Louse","floor":3,"turns":2},{"damage":3,"enemies":"Lots of Slimes","floor":4,"turns":7},{"damage":0,"enemies":"2 Fungi Beasts","floor":7,"turns":4},{"damage":0,"enemies":"Gremlin Gang","floor":8,"turns":7},{"damage":0,"enemies":"Red Slaver","floor":11,"turns":5},{"damage":1,"enemies":"3 Louse","floor":12,"turns":3},{"damage":0,"enemies":"Exordium Thugs","floor":14,"turns":5},{"damage":14,"enemies":"The Guardian","floor":16,"turns":11},{"damage":14,"enemies":"2 Thieves","floor":18,"turns":5},{"damage":17,"enemies":"Spheric Guardian","floor":22,"turns":8},{"damage":7,"enemies":"Centurion and Healer","floor":24,"turns":9},{"damage":21,"enemies":"Cultist and Chosen","floor":27,"turns":8},{"damage":17,"enemies":"Chosen and Byrds","floor":28,"turns":4}],"seed_played":"-5606298735873151992","potions_obtained":[{"floor":3,"key":"SpeedPotion"},{"floor":8,"key":"Weak Potion"},{"floor":12,"key":"Dexterity Potion"}],"is_trial":false,"path_per_floor":["M","M","M","M","$","R","M","M","T","T","M","M","R","M","R","B",null,"M","?","?","$","M","R","M","R","T","M"],"character_chosen":"THE_SILENT","items_purchased":["Noxious Fumes","Leg Sweep","Footwork"],"campfire_rested":0,"item_purchase_floors":[5,5,21],"current_hp_per_floor":[70,70,70,67,67,67,67,67,67,67,67,66,66,66,66,52,70,56,56,56,56,39,39,32,32,32,11,0],"gold":160,"neow_bonus":"BOSS_RELIC","is_prod":false,"is_daily":false,"chose_seed":false,"campfire_upgraded":3,"win_rate":0.0,"timestamp":1538531325,"path_taken":["M","?","M","M","$","R","M","M","T","?","M","M","R","M","R","BOSS","M","?","?","$","?","R","M","R","T","M","M"],"build_version":"2018-09-20","purchased_purges":1,"victory":false,"max_hp_per_floor":[70,70,70,70,70,70,70,70,70,70,70,70,70,70,70,70,70,70,70,70,70,70,70,70,70,70,70,70],"card_choices":[{"not_picked":["Slice","Skewer"],"picked":"Backflip","floor":1},{"not_picked":["Bane","Unload"],"picked":"Acrobatics","floor":2},{"not_picked":["Masterful Stab","Blade Dance"],"picked":"Footwork","floor":3},{"not_picked":["Poisoned Stab","Flying Knee"],"picked":"Dagger Throw","floor":4},{"not_picked":["Poisoned Stab","PiercingWail"],"picked":"Backflip","floor":7},{"not_picked":["Blade Dance","Bane"],"picked":"Acrobatics","floor":8},{"not_picked":["Flechettes","Underhanded Strike"],"picked":"Crippling Poison","floor":11},{"not_picked":["Poisoned Stab","Heel Hook"],"picked":"Reflex","floor":12},{"not_picked":["Phantasmal Killer","Quick Slash","Dodge and Roll"],"picked":"SKIP","floor":14},{"not_picked":["Doppelganger","Envenom"],"picked":"Wraith Form v2","floor":16},{"not_picked":["Dodge and Roll","Escape Plan"],"picked":"Calculated Gamble+1","floor":18},{"not_picked":["Heel Hook","Deflect+1"],"picked":"Dagger Throw","floor":22},{"not_picked":["Flying Knee","Acrobatics","Blade Dance"],"picked":"SKIP","floor":24},{"not_picked":["Flying Knee+1","Phantasmal Killer","Dagger Throw"],"picked":"SKIP","floor":27}],"player_experience":48957,"relics_obtained":[{"floor":9,"key":"Letter Opener"},{"floor":10,"key":"Girya"},{"floor":26,"key":"Potion Belt"}],"event_choices":[{"event_name":"Ghosts","player_choice":"Ignored","floor":19,"damage_taken":0},{"event_name":"Accursed Blacksmith","player_choice":"Forge","floor":20,"damage_taken":0}],"is_beta":false,"boss_relics":[{"not_picked":["Snecko Eye","Velvet Choker"],"picked":"WristBlade"}],"items_purged_floors":[21],"is_endless":false,"potions_floor_spawned":[3,8,12,14,22],"killed_by":"Chosen and Byrds","ascension_level":0}