{"gold_per_floor":[111,39,39,39,39,39,80,99,99,99,142,157,157,172,172,268,268,289,303,303,328,253,253,268,268,291,57,81,101,120,134,134,134],"floor_reached":33,"playtime":1510,"items_purged":["Strike_G"],"score":440,"play_id":"183dc1f2-ec1d-4d96-9398-eef8eccb7381","local_time":"20190217205255","is_ascension_mode":true,"campfire_choices":[{"data":"Neutralize","floor":6,"key":"SMITH"},{"floor":10,"key":"REST"},{"floor":13,"key":"REST"},{"data":"Terror","floor":15,"key":"SMITH"},{"floor":23,"key":"REST"},{"data":"Sucker Punch","floor":25,"key":"SMITH"},{"data":"Dagger Throw","floor":32,"key":"SMITH"}],"neow_cost":"NONE","seed_source_timestamp":9870004521578,"circlet_count":0,"master_deck":["AscendersBane","Defend_G","Defend_G","Defend_G","Defend_G","Defend_G","Strike_G+1","Strike_G+1","Strike_G","Survivor","Neutralize+1","Sucker Punch+1","Cloak And Dagger","Slice","Deadly Poison","Bane","Dagger Throw+1","Terror+1","After Image+1","Backstab","Dash","Cloak And Dagger","All Out Attack","Blur","Backflip","Caltrops+1","Good Instincts","Flying Knee","Poisoned Stab","Footwork+1"],"relics":["Ring of the Snake","Golden Idol","Bottled Flame","Frozen Egg 2","Thread and Needle","Eternal Feather","Vajra"],"potions_floor_usage":[1,7,7,11,12,16,19,21,30,30,31],"damage_taken":[{"damage":1,"enemies":"Cultist","floor":1,"turns":4},{"damage":24,"enemies":"Gremlin Nob","floor":7,"turns":5},{"damage":0,"enemies":"2 Louse","floor":8,"turns":2},{"damage":21,"enemies":"3 Sentries","floor":11,"turns":9},{"damage":5,"enemies":"Jaw Worm","floor":12,"turns":2},{"damage":0,"enemies":"Looter","floor":14,"turns":2},{"damage":29,"enemies":"The Guardian","floor":16,"turns":14},{"damage":5,"enemies":"3 Byrds","floor":18,"turns":7},{"damage":0,"enemies":"Chosen","floor":19,"turns":4},{"damage":31,"enemies":"Sentry and Sphere","floor":21,"turns":8},{"damage":10,"enemies":"Chosen and Byrds","floor":24,"turns":8},{"damage":0,"enemies":"3 Cultists","floor":28,"turns":6},{"damage":0,"enemies":"Centurion and Healer","floor":29,"turns":9},{"damage":5,"enemies":"Snecko","floor":30,"turns":5},{"damage":0,"enemies":"Snake Plant","floor":31,"turns":4},{"damage":83,"enemies":"Champ","floor":33,"turns":14}],"seed_played":"7352209485712686442","potions_obtained":[{"floor":0,"key":"EntropicBrew"},{"floor":0,"key":"SkillPotion"},{"floor":7,"key":"Energy Potion"},{"floor":12,"key":"GamblersBrew"},{"floor":16,"key":"Fire Potion"},{"floor":19,"key":"LiquidBronze"},{"floor":24,"key":"Swift Potion"},{"floor":29,"key":"Energy Potion"},{"floor":30,"key":"Swift Potion"}],"is_trial":false,"path_per_floor":["M","$","?","?","?","R","E","M","T","R","E","M","R","M","R","B",null,"M","M","?","M","$","R","M","R","T","$","M","M","M","M","R","B"],"character_chosen":"THE_SILENT","items_purchased":["Cloak And Dagger","Slice","Blur","Backflip","Caltrops+1","Good Instincts"],"campfire_rested":3,"item_purchase_floors":[2,2,27,27,27,27],"current_hp_per_floor":[58,58,58,58,46,46,22,22,22,40,19,14,32,32,32,3,47,42,42,42,11,11,41,31,43,43,43,43,43,38,38,56,0],"gold":134,"neow_bonus":"THREE_SMALL_POTIONS","is_prod":false,"is_daily":false,"chose_seed":false,"campfire_upgraded":4,"win_rate":0,"timestamp":1550433175,"path_taken":["M","$","?","?","?","R","E","M","T","R","E","M","R","M","R","BOSS","M","M","?","M","$","R","M","R","T","$","M","M","M","M","R","BOSS"],"build_version":"2019-01-23","purchased_purges":1,"victory":false,"max_hp_per_floor":[66,66,61,61,61,61,61,61,61,61,61,61,61,61,61,61,61,61,61,61,61,61,61,61,61,61,61,61,61,61,61,61,61],"card_choices":[{"not_picked":["Blade Dance","Expertise"],"picked":"Sucker Punch","floor":1},{"not_picked":["Choke","Flying Knee"],"picked":"Deadly Poison","floor":7},{"not_picked":["Heel Hook","PiercingWail"],"picked":"Bane","floor":8},{"not_picked":["Deadly Poison","Outmaneuver"],"picked":"Dagger Throw","floor":11},{"not_picked":["Expertise","Setup","Outmaneuver"],"picked":"SKIP","floor":12},{"not_picked":["Phantasmal Killer","Setup"],"picked":"Terror","floor":14},{"not_picked":["Envenom+1","Grand Finale"],"picked":"After Image+1","floor":16},{"not_picked":["Eviscerate","Poisoned Stab"],"picked":"Backstab","floor":18},{"not_picked":["Cloak And Dagger","Heel Hook+1"],"picked":"Dash","floor":19},{"not_picked":["Dodge and Roll","Bane"],"picked":"Cloak And Dagger","floor":21},{"not_picked":["Flechettes","Leg Sweep"],"picked":"All Out Attack","floor":24},{"not_picked":["Accuracy+1","Flechettes"],"picked":"Flying Knee","floor":28},{"not_picked":["Dodge and Roll","PiercingWail"],"picked":"Poisoned Stab","floor":29},{"not_picked":["Terror","Backstab+1","Quick Slash"],"picked":"SKIP","floor":30},{"not_picked":["Slice","Burst"],"picked":"Footwork+1","floor":31}],"player_experience":676174,"relics_obtained":[{"floor":7,"key":"Bottled Flame"},{"floor":9,"key":"Frozen Egg 2"},{"floor":11,"key":"Thread and Needle"},{"floor":26,"key":"Vajra"}],"event_choices":[{"damage_healed":0,"gold_gain":0,"player_choice":"Lose Max HP","damage_taken":0,"relics_obtained":["Golden Idol"],"max_hp_gain":0,"max_hp_loss":5,"event_name":"Golden Idol","floor":3,"gold_loss":0},{"damage_healed":0,"gold_gain":0,"player_choice":"Ignored","damage_taken":0,"max_hp_gain":0,"max_hp_loss":0,"event_name":"Liars Game","floor":4,"gold_loss":0},{"damage_healed":0,"gold_gain":0,"player_choice":"Entered Light","damage_taken":12,"max_hp_gain":0,"max_hp_loss":0,"event_name":"Shining Light","floor":5,"gold_loss":0,"cards_upgraded":["Strike_G","Strike_G"]},{"cards_removed":["Strike_G"],"damage_healed":0,"gold_gain":0,"player_choice":"Purged","damage_taken":0,"max_hp_gain":0,"max_hp_loss":0,"event_name":"Purifier","floor":20,"gold_loss":0}],"is_beta":false,"boss_relics":[{"not_picked":["Lizard Tail","Velvet Choker"],"picked":"Eternal Feather"}],"items_purged_floors":[22],"is_endless":false,"potions_floor_spawned":[7,12,16,19,24,29,30],"killed_by":"Champ","ascension_level":14}