{"gold_per_floor":[119,135,151,151,169,169,203,203,230,230,257,257,257,277,277,382,382,399,8,21,21,33,33,58,58,58,58],"floor_reached":27,"playtime":1029,"items_purged":["Strike_B"],"score":295,"play_id":"0f887279-c79f-43e6-b850-3dda5a89d231","local_time":"20181202153819","is_ascension_mode":true,"campfire_choices":[{"floor":6,"key":"RECALL"},{"floor":8,"key":"REST"},{"data":"Defragment","floor":13,"key":"SMITH"},{"data":"Leap","floor":15,"key":"SMITH"},{"data":"Conserve Battery","floor":23,"key":"SMITH"},{"floor":25,"key":"REST"}],"neow_cost":"NONE","seed_source_timestamp":1265812416786249,"circlet_count":0,"master_deck":["Strike_B","Strike_B","Defend_B","Defend_B","Defend_B","Defend_B","Zap+1","Dualcast+1","Defragment+1","Capacitor","Rip and Tear","Turbo","Coolheaded","Sweeping Beam","Leap+1","Fission","Go for the Eyes","Conserve Battery+1","Sweeping Beam","Genetic Algorithm","Self Repair+1"],"special_seed":0,"relics":["Cracked Core","Bag of Marbles","PreservedInsect","Bronze Scales","Odd Mushroom","Busted Crown","Membership Card","Regal Pillow","Bottled Tornado"],"potions_floor_usage":[7,18,18,20,20,22],"damage_taken":[{"damage":1.0,"enemies":"Jaw Worm","floor":1.0,"turns":3.0},{"damage":0,"enemies":"2 Louse","floor":2,"turns":3},{"damage":1,"enemies":"Cultist","floor":3,"turns":3},{"damage":5,"enemies":"Looter","floor":5,"turns":3},{"damage":31,"enemies":"3 Sentries","floor":7,"turns":6},{"damage":13,"enemies":"The Mushroom Lair","floor":11,"turns":5},{"damage":1,"enemies":"Exordium Wildlife","floor":14,"turns":3},{"damage":0,"enemies":"Hexaghost","floor":16,"turns":9},{"damage":9,"enemies":"Spheric Guardian","floor":18,"turns":4},{"damage":6,"enemies":"3 Byrds","floor":20,"turns":3},{"damage":19,"enemies":"Snake Plant","floor":22,"turns":5},{"damage":33,"enemies":"Gremlin Leader","floor":24,"turns":8},{"damage":46,"enemies":"Slavers","floor":27,"turns":3}],"seed_played":"408922721978575752","potions_obtained":[{"floor":1,"key":"Energy Potion"},{"floor":2,"key":"Swift Potion"},{"floor":5,"key":"FearPotion"},{"floor":14,"key":"GamblersBrew"},{"floor":16,"key":"SneckoOil"},{"floor":18,"key":"FearPotion"},{"floor":20,"key":"SneckoOil"},{"floor":24,"key":"SmokeBomb"}],"is_trial":false,"path_per_floor":["M","M","M","M","?","M","R","E","R","T","?","?","?","R","M","R","B",null,"M","$","M","$","M","R","E","R","T","E"],"character_chosen":"DEFECT","items_purchased":["Membership Card","Conserve Battery","Regal Pillow","Sweeping Beam"],"campfire_rested":2,"item_purchase_floors":[19,19,19,19],"current_hp_per_floor":[74,74,73,66,61,61,30,52,52,49,36,36,36,35,35,35,75,66,66,60,60,41,41,8,45,45,0],"gold":58,"neow_bonus":"UPGRADE_CARD","is_prod":false,"is_daily":false,"chose_seed":false,"campfire_upgraded":3,"win_rate":0,"timestamp":1543761499,"path_taken":["M","M","M","?","M","R","E","R","T","?","?","?","R","M","R","BOSS","M","$","?","$","M","R","E","R","T","E"],"build_version":"2018-11-15","purchased_purges":1,"victory":false,"max_hp_per_floor":[75,75,75,75,75,75,75,75,75,75,75,75,75,75,75,75,75,75,75,75,75,75,75,75,75,75,75],"card_choices":[{"not_picked":["Aggregate","Go for the Eyes"],"picked":"Defragment","floor":1},{"not_picked":["Rebound","Streamline"],"picked":"Capacitor","floor":2},{"not_picked":["Stack","Heatsinks"],"picked":"Rip and Tear","floor":3},{"not_picked":["Gash","Storm"],"picked":"Turbo","floor":5},{"not_picked":["Compile Driver","Blizzard"],"picked":"Coolheaded","floor":7},{"not_picked":["Sunder","Rebound"],"picked":"Sweeping Beam","floor":11},{"not_picked":["All For One","Streamline"],"picked":"Leap","floor":14},{"not_picked":["Biased Cognition","All For One"],"picked":"Fission","floor":16},{"not_picked":[],"picked":"Go for the Eyes","floor":18},{"not_picked":[],"picked":"Genetic Algorithm","floor":20},{"not_picked":["Barrage"],"picked":"SKIP","floor":22},{"not_picked":[],"picked":"Self Repair+1","floor":24}],"player_experience":361895,"relics_obtained":[{"floor":7,"key":"Bag of Marbles"},{"floor":9,"key":"PreservedInsect"},{"floor":11,"key":"Odd Mushroom"},{"floor":24,"key":"Bottled Tornado"}],"event_choices":[{"cards_removed":["Strike_B"],"damage_healed":0,"gold_gain":0,"player_choice":"Card Removal","damage_taken":7,"max_hp_gain":0,"max_hp_loss":0,"event_name":"Golden Wing","floor":4,"gold_loss":0},{"damage_healed":0,"gold_gain":0,"player_choice":"Success","damage_taken":3,"relics_obtained":["Bronze Scales"],"max_hp_gain":0,"max_hp_loss":0,"event_name":"Scrap Ooze","floor":10,"gold_loss":0},{"damage_healed":0,"gold_gain":0,"player_choice":"Fought Mushrooms","damage_taken":0,"max_hp_gain":0,"max_hp_loss":0,"event_name":"Mushrooms","floor":11,"gold_loss":0},{"damage_healed":0,"gold_gain":0,"player_choice":"Forge","damage_taken":0,"max_hp_gain":0,"max_hp_loss":0,"event_name":"Accursed Blacksmith","floor":12,"gold_loss":0,"cards_upgraded":["Dualcast"]}],"is_beta":false,"boss_relics":[{"not_picked":["Astrolabe","Runic Dome"],"picked":"Busted Crown"}],"items_purged_floors":[19],"is_endless":false,"potions_floor_spawned":[1,2,5,14,16,18,20,24],"killed_by":"Slavers","ascension_level":1}