{"gold_per_floor":[114,128,144,161,179,211,225,400,451,451,463,475,495,2,2,101,101,115,130,180,6,23,23,23,23,23,23,38,72,85,98,98,98],"floor_reached":33,"playtime":4240,"items_purged":[],"score":300,"play_id":"d3897e45-47c2-4d63-965b-8fe82501d69d","local_time":"20190302204834","is_ascension_mode":false,"campfire_choices":[{"data":"Armaments","floor":10.0,"key":"SMITH"},{"data":"Heavy Blade","floor":15.0,"key":"SMITH"},{"data":"Heavy Blade","floor":23.0,"key":"SMITH"},{"data":"Dark Embrace","floor":25.0,"key":"SMITH"},{"data":"Rage","floor":27.0,"key":"SMITH"},{"floor":32.0,"key":"REST"}],"neow_cost":"NONE","seed_source_timestamp":587734555839544,"circlet_count":0,"master_deck":["Strike_R","Strike_R","Strike_R","Strike_R","Strike_R","Defend_R","Defend_R","Defend_R","Defend_R","Bash","Flex","Disarm","Flex","Rage+1","Headbutt","Heavy Blade+1","Armaments+1","Doubt","Pommel Strike","Fire Breathing","Wild Strike","Inflame","Disarm","Dramatic Entrance","Dark Embrace+1","Burning Pact+1","Inflame+1","Inflame","Warcry","Heavy Blade+1","Rupture","Anger+1","Shockwave","Metallicize","Evolve"],"special_seed":0,"relics":["Burning Blood","NeowsBlessing","Mummified Hand","Strawberry","Membership Card","Paper Frog","Centennial Puzzle","Eternal Feather","TheAbacus","Bronze Scales","Calipers"],"potions_floor_usage":[33,33],"damage_taken":[{"damage":0.0,"enemies":"Jaw Worm","floor":1.0,"turns":1.0},{"damage":0.0,"enemies":"Cultist","floor":2.0,"turns":1.0},{"damage":0.0,"enemies":"2 Louse","floor":3.0,"turns":2.0},{"damage":9.0,"enemies":"Blue Slaver","floor":4.0,"turns":5.0},{"damage":0.0,"enemies":"3 Louse","floor":5.0,"turns":2.0},{"damage":27.0,"enemies":"Lagavulin","floor":6.0,"turns":5.0},{"damage":10.0,"enemies":"2 Fungi Beasts","floor":7.0,"turns":3.0},{"damage":12.0,"enemies":"Exordium Wildlife","floor":11.0,"turns":5.0},{"damage":10.0,"enemies":"Large Slime","floor":12.0,"turns":7.0},{"damage":16.0,"enemies":"Gremlin Gang","floor":13.0,"turns":6.0},{"damage":15.0,"enemies":"The Guardian","floor":16.0,"turns":13.0},{"damage":13.0,"enemies":"Shell Parasite","floor":18.0,"turns":7.0},{"damage":45.0,"enemies":"Spheric Guardian","floor":19.0,"turns":7.0},{"damage":10.0,"enemies":"Cultist and Chosen","floor":22.0,"turns":4.0},{"damage":13.0,"enemies":"Centurion and Healer","floor":28.0,"turns":5.0},{"damage":44.0,"enemies":"Slavers","floor":29.0,"turns":6.0},{"damage":15.0,"enemies":"Snake Plant","floor":30.0,"turns":3.0},{"damage":30.0,"enemies":"3 Cultists","floor":31.0,"turns":6.0},{"damage":66,"enemies":"Automaton","floor":33,"turns":6}],"seed_played":"5208378998352623189","potions_obtained":[{"floor":1.0,"key":"Strength Potion"},{"floor":2.0,"key":"Explosive Potion"},{"floor":5.0,"key":"Energy Potion"},{"floor":6.0,"key":"Block Potion"},{"floor":12.0,"key":"SpeedPotion"},{"floor":13.0,"key":"Fire Potion"},{"floor":18.0,"key":"Swift Potion"},{"floor":22.0,"key":"Poison Potion"},{"floor":30.0,"key":"FearPotion"},{"floor":31.0,"key":"Energy Potion"}],"is_trial":false,"path_per_floor":["M","M","M","M","M","E","M","?","T","R","M","M","M","$","R","B",null,"M","M","?","$","M","R","?","R","T","R","M","E","M","M","R","B"],"character_chosen":"IRONCLAD","items_purchased":["Membership Card","Paper Frog","Centennial Puzzle","Inflame","Disarm","Dramatic Entrance","TheAbacus","Inflame","Warcry","Heavy Blade"],"campfire_rested":1,"item_purchase_floors":[14,14,14,14,14,14,21,21,21,21],"current_hp_per_floor":[80,80,80,77,80,59,55,55,62,62,56,52,42,42,42,33,87,80,41,41,41,37,55,55,73,73,87,80,42,33,9,56,0],"gold":98,"neow_bonus":"THREE_ENEMY_KILL","is_prod":false,"is_daily":false,"chose_seed":false,"campfire_upgraded":5,"win_rate":0.0,"timestamp":1551584914,"path_taken":["M","M","M","M","M","E","M","?","T","R","M","M","M","$","R","BOSS","M","M","?","?","M","R","?","R","T","R","M","E","M","M","R","BOSS"],"build_version":"2019-01-23","purchased_purges":0,"victory":false,"max_hp_per_floor":[80,80,80,80,80,80,80,80,87,87,87,87,87,87,87,87,87,87,87,87,87,87,87,87,87,87,87,87,87,87,87,87,87],"card_choices":[{"not_picked":["Corruption","Perfected Strike"],"picked":"Flex","floor":1.0},{"not_picked":["Combust","Battle Trance"],"picked":"Disarm","floor":2.0},{"not_picked":["Searing Blow","Feel No Pain"],"picked":"Flex","floor":3.0},{"not_picked":["Heavy Blade","Anger"],"picked":"Rage","floor":4.0},{"not_picked":["Sever Soul","Flame Barrier"],"picked":"Headbutt","floor":5.0},{"not_picked":["Headbutt","Flame Barrier"],"picked":"Heavy Blade","floor":6.0},{"not_picked":["Clothesline","Wild Strike"],"picked":"Armaments","floor":7.0},{"not_picked":["Warcry","Hemokinesis"],"picked":"Pommel Strike","floor":11.0},{"not_picked":["Evolve","Twin Strike"],"picked":"Fire Breathing","floor":12.0},{"not_picked":["Havoc","Reckless Charge"],"picked":"Wild Strike","floor":13.0},{"not_picked":["Bludgeon","Brutality"],"picked":"Dark Embrace","floor":16.0},{"not_picked":["Pommel Strike+1","Rampage+1"],"picked":"Burning Pact+1","floor":18.0},{"not_picked":["Sword Boomerang","Second Wind"],"picked":"Inflame+1","floor":19.0},{"not_picked":["Cleave","Iron Wave"],"picked":"Rupture","floor":22.0},{"not_picked":["Sword Boomerang","Power Through"],"picked":"Anger+1","floor":28.0},{"not_picked":["Uppercut","Armaments+1"],"picked":"Shockwave","floor":29.0},{"not_picked":["Infernal Blade","Immolate"],"picked":"Metallicize","floor":30.0},{"not_picked":["Cleave","True Grit"],"picked":"Evolve","floor":31.0}],"player_experience":42445,"relics_obtained":[{"floor":6.0,"key":"Mummified Hand"},{"floor":9.0,"key":"Strawberry"},{"floor":26.0,"key":"Bronze Scales"},{"floor":29.0,"key":"Calipers"}],"event_choices":[{"damage_healed":0.0,"max_hp_gain":0.0,"max_hp_loss":0.0,"gold_gain":175.0,"event_name":"Liars Game","player_choice":"AGREE","floor":8.0,"gold_loss":0.0,"damage_taken":0.0,"cards_obtained":["Doubt"]},{"damage_healed":0.0,"max_hp_gain":0.0,"max_hp_loss":0.0,"gold_gain":100.0,"event_name":"The Joust","player_choice":"Bet on Murderer","floor":20.0,"gold_loss":50.0,"damage_taken":0.0},{"damage_healed":0.0,"max_hp_gain":0.0,"max_hp_loss":0.0,"gold_gain":0.0,"event_name":"Cursed Tome","player_choice":"Ignored","floor":24.0,"gold_loss":0.0,"damage_taken":0.0}],"is_beta":false,"boss_relics":[{"not_picked":["Fusion Hammer","Snecko Eye"],"picked":"Eternal Feather"}],"items_purged_floors":[],"is_endless":false,"potions_floor_spawned":[1,2,5,6,12,13,18,22,30,31],"killed_by":"Automaton","ascension_level":0}