{"gold_per_floor":[419,46,61,16,29,29,64,64,114,114,124,139,153,179,179,179],"floor_reached":16,"playtime":490,"items_purged":["Strike_G"],"score":190,"play_id":"00e77b76-71ef-469e-944a-b3a6d1f1904a","local_time":"20190223000759","is_ascension_mode":true,"campfire_choices":[{"data":"Noxious Fumes","floor":6,"key":"SMITH"},{"floor":10,"key":"REST"},{"floor":15,"key":"REST"}],"neow_cost":"PERCENT_DAMAGE","seed_source_timestamp":454594306881303,"circlet_count":0,"master_deck":["AscendersBane","Defend_G","Defend_G","Defend_G","Defend_G","Defend_G","Strike_G","Strike_G","Strike_G","Strike_G","Survivor","Neutralize","Noxious Fumes+1","Poisoned Stab","Well Laid Plans","Predator","Infinite Blades","Bane"],"relics":["Ring of the Snake","Old Coin","Vajra","Omamori","Shovel","Ornamental Fan","Bronze Scales","Meat on the Bone"],"potions_floor_usage":[7,14,16],"damage_taken":[{"damage":3,"enemies":"Cultist","floor":1,"turns":4},{"damage":3,"enemies":"Jaw Worm","floor":3,"turns":6},{"damage":0,"enemies":"Small Slimes","floor":5,"turns":3},{"damage":26,"enemies":"3 Sentries","floor":7,"turns":8},{"damage":7,"enemies":"2 Fungi Beasts","floor":11,"turns":3},{"damage":4,"enemies":"Blue Slaver","floor":12,"turns":3},{"damage":0,"enemies":"3 Louse","floor":13,"turns":3},{"damage":9,"enemies":"Gremlin Nob","floor":14,"turns":3},{"damage":33,"enemies":"Slime Boss","floor":16,"turns":3}],"seed_played":"789459829805327370","potions_obtained":[{"floor":3,"key":"Weak Potion"},{"floor":11,"key":"SteroidPotion"},{"floor":13,"key":"GamblersBrew"}],"is_trial":false,"path_per_floor":["M","$","M","$","M","R","E","T","T","R","M","M","M","E","R","B"],"character_chosen":"THE_SILENT","items_purchased":["Vajra","Omamori","Poisoned Stab"],"campfire_rested":2,"item_purchase_floors":[2,2,4],"current_hp_per_floor":[41,41,38,38,38,38,12,12,12,31,24,20,20,11,30,0],"gold":179,"neow_bonus":"ONE_RARE_RELIC","is_prod":false,"is_daily":false,"chose_seed":false,"campfire_upgraded":1,"win_rate":0,"timestamp":1550876879,"path_taken":["M","$","M","?","M","R","E","?","T","R","M","M","M","E","R","BOSS"],"build_version":"2019-01-23","purchased_purges":1,"victory":false,"max_hp_per_floor":[66,66,66,66,66,66,66,66,66,66,66,66,66,66,66,66],"card_choices":[{"not_picked":["Prepared","Eviscerate","Caltrops"],"picked":"SKIP","floor":1},{"not_picked":["Well Laid Plans","Reflex"],"picked":"Noxious Fumes","floor":3},{"not_picked":["Blade Dance","Sucker Punch"],"picked":"Well Laid Plans","floor":5},{"not_picked":["PiercingWail","Dagger Throw"],"picked":"Predator","floor":7},{"not_picked":["Heel Hook","Prepared","Blade Dance"],"picked":"SKIP","floor":11},{"not_picked":["Masterful Stab","Bouncing Flask"],"picked":"Infinite Blades","floor":12},{"not_picked":["Flying Knee","Prepared","Deadly Poison"],"picked":"SKIP","floor":13},{"not_picked":["Quick Slash","Dodge and Roll"],"picked":"Bane","floor":14}],"player_experience":726170,"relics_obtained":[{"floor":7,"key":"Shovel"},{"floor":8,"key":"Ornamental Fan"},{"floor":9,"key":"Bronze Scales"},{"floor":14,"key":"Meat on the Bone"}],"event_choices":[],"is_beta":false,"boss_relics":[],"items_purged_floors":[2],"is_endless":false,"potions_floor_spawned":[3,11,13],"killed_by":"Slime Boss","ascension_level":14}