{"gold_per_floor":[118,131,131,141,66,66,66,66,66,78,109,125,151,51,51,151,151,169,202,301,281,281,281,314,67,67,83,83,117,63,77,77,182,182,195,214,214,214,228,228,241,241,241,241,261,71,90,90],"floor_reached":48,"playtime":2103,"items_purged":["Strike_B","Strike_B","Defend_B","Defend_B"],"score":505,"play_id":"7b710296-8a58-4393-849e-e182efe992ba","local_time":"20181102174238","is_ascension_mode":false,"campfire_choices":[{"data":"Dualcast","floor":6,"key":"SMITH"},{"data":"Beam Cell","floor":8,"key":"SMITH"},{"data":"Capacitor","floor":15,"key":"SMITH"},{"data":"Zap","floor":23,"key":"SMITH"},{"floor":28,"key":"REST"},{"floor":32,"key":"REST"},{"data":"Machine Learning","floor":40,"key":"SMITH"},{"data":"Turbo","floor":42,"key":"SMITH"},{"data":"Electrodynamics","floor":44,"key":"SMITH"}],"neow_cost":"NONE","seed_source_timestamp":1367591883219124,"circlet_count":0,"master_deck":["Defend_B","Defend_B","Zap+1","Dualcast+1","Beam Cell+1","Cold Snap","Cold Snap","Turbo+1","Core Surge","Conserve Battery","Capacitor+1","Electrodynamics+1","Blizzard+1","Glacier+1","BootSequence","Machine Learning+1","Steam","Coolheaded+1","Redo+1","Coolheaded+1","Cold Snap","Reboot+1","Steam+1","Fusion+1","Beam Cell","Stack+1","Reinforced Body+1","Parasite","Turbo+1"],"relics":["Cracked Core","Symbiotic Virus","Lantern","Blue Candle","Philosopher\u0027s Stone","Red Mask","Dream Catcher","Tiny Chest","Blood Vial","Toxic Egg 2","Busted Crown","Potion Belt"],"potions_floor_usage":[11,16,16,19,27,31,47,47],"damage_taken":[{"damage":0,"enemies":"2 Louse","floor":1,"turns":3},{"damage":0,"enemies":"Cultist","floor":2,"turns":3},{"damage":3,"enemies":"Small Slimes","floor":4,"turns":4},{"damage":3,"enemies":"Looter","floor":10,"turns":2},{"damage":9,"enemies":"Lagavulin","floor":11,"turns":6},{"damage":0,"enemies":"Blue Slaver","floor":12,"turns":2},{"damage":10,"enemies":"Gremlin Nob","floor":13,"turns":3},{"damage":40,"enemies":"Hexaghost","floor":16,"turns":11},{"damage":0,"enemies":"Chosen","floor":18,"turns":4},{"damage":23,"enemies":"Masked Bandits","floor":19,"turns":6},{"damage":14,"enemies":"2 Thieves","floor":21,"turns":4},{"damage":36,"enemies":"Gremlin Leader","floor":24,"turns":7},{"damage":8,"enemies":"Cultist and Chosen","floor":27,"turns":7},{"damage":22,"enemies":"Book of Stabbing","floor":29,"turns":5},{"damage":4,"enemies":"Centurion and Healer","floor":31,"turns":5},{"damage":8,"enemies":"Champ","floor":33,"turns":9},{"damage":14,"enemies":"3 Shapes","floor":35,"turns":4},{"damage":0,"enemies":"3 Darklings","floor":36,"turns":3},{"damage":1,"enemies":"Spire Growth","floor":39,"turns":6},{"damage":0,"enemies":"Jaw Worm Horde","floor":41,"turns":4},{"damage":1,"enemies":"4 Shapes","floor":45,"turns":3},{"damage":7,"enemies":"Writhing Mass","floor":47,"turns":7},{"damage":72,"enemies":"Nemesis","floor":48,"turns":6}],"seed_played":"-7184874311753529803","potions_obtained":[{"floor":2,"key":"AttackPotion"},{"floor":4,"key":"EssenceOfSteel"},{"floor":10,"key":"SkillPotion"},{"floor":13,"key":"AttackPotion"},{"floor":18,"key":"SpeedPotion"},{"floor":24,"key":"Regen Potion"},{"floor":27,"key":"Fire Potion"},{"floor":39,"key":"Swift Potion"},{"floor":41,"key":"Poison Potion"},{"floor":47,"key":"Energy Potion"}],"is_trial":false,"path_per_floor":["M","M","?","M","$","R","?","R","T","M","E","M","E","$","R","B",null,"M","?","?","M","?","R","E","$","T","M","R","E","$","M","R","B",null,"M","M","?","?","M","R","M","R","T","R","M","$","M","E"],"character_chosen":"DEFECT","items_purchased":["Tiny Chest","Redo+1","Reinforced Body+1"],"campfire_rested":2,"item_purchase_floors":[25,30,46],"current_hp_per_floor":[75,75,75,72,72,72,72,72,72,69,60,60,50,50,50,10,75,75,52,52,38,63,63,27,27,27,36,58,38,38,36,58,52,75,61,63,63,63,64,64,66,66,66,66,67,67,62,0],"gold":90,"neow_bonus":"REMOVE_CARD","is_prod":false,"is_daily":false,"chose_seed":false,"campfire_upgraded":7,"win_rate":0,"timestamp":1541176958,"path_taken":["M","M","?","?","$","R","?","R","T","?","E","M","E","?","R","BOSS","M","?","?","M","?","R","E","?","T","M","R","E","$","M","R","BOSS","M","?","?","?","M","R","M","R","T","R","M","$","M","E"],"build_version":"2018-11-01","purchased_purges":4,"victory":false,"max_hp_per_floor":[75,75,75,75,75,75,75,75,75,75,75,75,75,75,75,75,75,75,75,75,75,75,75,75,75,75,75,75,75,75,75,75,75,75,75,75,75,71,71,71,71,71,71,71,71,71,71,71],"card_choices":[{"not_picked":["Coolheaded","Gash"],"picked":"Beam Cell","floor":1},{"not_picked":["Consume","Hologram"],"picked":"Cold Snap","floor":2},{"not_picked":["Steam","Stack"],"picked":"Cold Snap","floor":4},{"not_picked":["Rebound","Go for the Eyes"],"picked":"Turbo","floor":10},{"not_picked":["Beam Cell","Coolheaded"],"picked":"Core Surge","floor":11},{"not_picked":["Redo","Rip and Tear"],"picked":"Conserve Battery","floor":12},{"not_picked":["Sweeping Beam","Skim"],"picked":"Capacitor","floor":13},{"not_picked":["Multi-Cast","Core Surge"],"picked":"Electrodynamics","floor":16},{"not_picked":["Gash+1","Chaos"],"picked":"Blizzard+1","floor":18},{"not_picked":["Stack+1","Beam Cell"],"picked":"Glacier+1","floor":19},{"not_picked":["Heatsinks","Leap+1"],"picked":"BootSequence","floor":21},{"not_picked":["Go for the Eyes","Turbo+1"],"picked":"Machine Learning","floor":24},{"not_picked":["Genetic Algorithm","Gash"],"picked":"Steam","floor":27},{"not_picked":["FTL","Auto Shields"],"picked":"Tempest","floor":28},{"not_picked":["Redo+1","White Noise"],"picked":"Coolheaded+1","floor":29},{"not_picked":["Loop","Recycle+1"],"picked":"Coolheaded+1","floor":31},{"not_picked":["Genetic Algorithm+1","Hologram+1"],"picked":"Cold Snap","floor":32},{"not_picked":["Buffer","Biased Cognition"],"picked":"Reboot+1","floor":33},{"not_picked":[],"picked":"Steam+1","floor":35},{"not_picked":[],"picked":"Fusion+1","floor":36},{"not_picked":[],"picked":"Beam Cell","floor":39},{"not_picked":[],"picked":"Stack+1","floor":41},{"not_picked":["Fusion+1"],"picked":"SKIP","floor":45},{"not_picked":[],"picked":"Turbo+1","floor":47}],"player_experience":253612,"relics_obtained":[{"floor":9,"key":"Symbiotic Virus"},{"floor":11,"key":"Lantern"},{"floor":13,"key":"Blue Candle"},{"floor":19,"key":"Red Mask"},{"floor":24,"key":"Dream Catcher"},{"floor":26,"key":"Blood Vial"},{"floor":29,"key":"Toxic Egg 2"},{"floor":43,"key":"Potion Belt"}],"event_choices":[{"damage_healed":0,"gold_gain":0,"player_choice":"0 cards matched","damage_taken":0,"max_hp_gain":0,"max_hp_loss":0,"event_name":"Match and Keep!","floor":3,"gold_loss":0,"cards_obtained":[]},{"cards_removed":["Strike_B"],"damage_healed":0,"gold_gain":0,"player_choice":"Offered Basic","damage_taken":0,"max_hp_gain":0,"max_hp_loss":0,"event_name":"Bonfire Elementals","floor":7,"gold_loss":0},{"damage_healed":0,"gold_gain":0,"player_choice":"Fought Bandits","damage_taken":0,"max_hp_gain":0,"max_hp_loss":0,"event_name":"Masked Bandits","floor":19,"gold_loss":0},{"damage_healed":0,"gold_gain":99,"player_choice":"Stole From Cult","damage_taken":0,"max_hp_gain":0,"max_hp_loss":0,"event_name":"Nest","floor":20,"gold_loss":0},{"damage_healed":25,"gold_gain":0,"player_choice":"Heal","damage_taken":0,"max_hp_gain":0,"max_hp_loss":0,"event_name":"The Library","floor":22,"gold_loss":0},{"cards_removed":["Tempest"],"damage_healed":0,"gold_gain":0,"player_choice":"Removed Skill","damage_taken":0,"max_hp_gain":0,"max_hp_loss":0,"event_name":"Falling","floor":37,"gold_loss":0},{"damage_healed":0,"gold_gain":0,"player_choice":"Max HP","damage_taken":0,"max_hp_gain":0,"max_hp_loss":4,"event_name":"Winding Halls","floor":38,"gold_loss":0}],"is_beta":false,"boss_relics":[{"not_picked":["Empty Cage","Velvet Choker"],"picked":"Philosopher\u0027s Stone"},{"not_picked":["Orrery","Black Star"],"picked":"Busted Crown"}],"items_purged_floors":[5,14,25,46],"is_endless":false,"potions_floor_spawned":[2,4,10,13,18,24,27,39,41,47],"killed_by":"Nemesis","ascension_level":0}