{"gold_per_floor":[117,117,117,137,147,147,161,177,177,68,68,100,100,113,113,211,211,227,139,156,106,106,106,106,132,132,152,152],"floor_reached":28,"playtime":1095,"items_purged":["Strike_G","Strike_G","Strike_G"],"score":345,"play_id":"52c5c088-85f0-45c5-9cb1-ee56e6910af8","local_time":"20190120020822","is_ascension_mode":true,"campfire_choices":[{"data":"All Out Attack","floor":6,"key":"SMITH"},{"data":"Footwork","floor":11,"key":"SMITH"},{"data":"Adrenaline","floor":13,"key":"SMITH"},{"data":"Dagger Throw","floor":15,"key":"SMITH"},{"data":"Malaise","floor":23,"key":"SMITH"}],"neow_cost":"NONE","seed_source_timestamp":724061366436582,"circlet_count":0,"master_deck":["Defend_G","Defend_G","Defend_G","Defend_G","Defend_G","Strike_G","Strike_G","Survivor","Neutralize+1","All Out Attack+1","Deflect","Dagger Throw+1","Backflip","Footwork+1","Adrenaline+1","PiercingWail","Malaise+1","Predator","Footwork","Terror","Die Die Die","Tactician+1","PiercingWail+1"],"relics":["Ring of the Snake","Lantern","Centennial Puzzle","Smiling Mask","Sozu","Pantograph","Toxic Egg 2"],"potions_floor_usage":[4,12,12,12,18],"damage_taken":[{"damage":2,"enemies":"Small Slimes","floor":1,"turns":6},{"damage":0,"enemies":"Jaw Worm","floor":4,"turns":5},{"damage":0,"enemies":"Cultist","floor":5,"turns":4},{"damage":0,"enemies":"Blue Slaver","floor":7,"turns":3},{"damage":1,"enemies":"Red Slaver","floor":8,"turns":3},{"damage":16,"enemies":"Gremlin Nob","floor":12,"turns":4},{"damage":0,"enemies":"Exordium Thugs","floor":14,"turns":6},{"damage":20,"enemies":"Slime Boss","floor":16,"turns":17},{"damage":14,"enemies":"Shell Parasite","floor":18,"turns":3},{"damage":1,"enemies":"Spheric Guardian","floor":20,"turns":6},{"damage":29,"enemies":"Slavers","floor":25,"turns":6},{"damage":0,"enemies":"Centurion and Healer","floor":27,"turns":7},{"damage":15,"enemies":"Sentry and Sphere","floor":28,"turns":5}],"seed_played":"7574383624381535673","potions_obtained":[{"floor":1,"key":"EssenceOfSteel"},{"floor":4,"key":"Poison Potion"},{"floor":7,"key":"Weak Potion"},{"floor":8,"key":"Energy Potion"},{"floor":16,"key":"FearPotion"}],"is_trial":false,"path_per_floor":["M","?","?","M","M","R","M","M","T","$","R","E","R","M","R","B",null,"M","$","M","$","?","R","?","E","T","M","M"],"character_chosen":"THE_SILENT","items_purchased":["Footwork","Footwork"],"campfire_rested":0,"item_purchase_floors":[10,19],"current_hp_per_floor":[61,61,61,61,61,61,61,60,60,60,60,44,44,44,44,24,59,45,45,44,44,44,44,44,15,15,15,0],"gold":152,"neow_bonus":"RANDOM_COMMON_RELIC","is_prod":false,"is_daily":false,"chose_seed":false,"campfire_upgraded":5,"win_rate":0,"timestamp":1547946502,"path_taken":["M","?","?","M","M","R","M","M","T","$","R","E","R","M","R","BOSS","M","$","M","$","?","R","?","E","T","M","M"],"build_version":"2019-01-17v2","purchased_purges":3,"victory":false,"max_hp_per_floor":[70,70,70,70,70,70,70,70,70,70,70,70,70,70,70,70,70,70,70,70,70,70,70,70,70,70,70,70],"card_choices":[{"not_picked":["Riddle With Holes","Quick Slash"],"picked":"All Out Attack","floor":1},{"not_picked":["Riddle With Holes","Prepared"],"picked":"Deflect","floor":4},{"not_picked":["Dodge and Roll","Quick Slash"],"picked":"Dagger Throw","floor":5},{"not_picked":["Slice","Blade Dance"],"picked":"Backflip","floor":7},{"not_picked":["Outmaneuver","Underhanded Strike","Calculated Gamble"],"picked":"SKIP","floor":8},{"not_picked":["Tactician","Acrobatics"],"picked":"Adrenaline","floor":12},{"not_picked":["Acrobatics","Blade Dance"],"picked":"PiercingWail","floor":14},{"not_picked":["Bullet Time","Unload"],"picked":"Malaise","floor":16},{"not_picked":["Reflex","Deadly Poison"],"picked":"Predator","floor":18},{"not_picked":["Endless Agony","Outmaneuver+1"],"picked":"Terror","floor":20},{"not_picked":["Deflect+1","Setup"],"picked":"Tactician+1","floor":25},{"not_picked":["Riddle With Holes+1","Dagger Throw"],"picked":"PiercingWail+1","floor":27}],"player_experience":536567,"relics_obtained":[{"floor":9,"key":"Centennial Puzzle"},{"floor":12,"key":"Smiling Mask"},{"floor":25,"key":"Pantograph"},{"floor":26,"key":"Toxic Egg 2"}],"event_choices":[{"damage_healed":0,"gold_gain":0,"player_choice":"Ignored","damage_taken":0,"max_hp_gain":0,"max_hp_loss":0,"event_name":"Liars Game","floor":2,"gold_loss":0},{"damage_healed":0,"gold_gain":0,"player_choice":"Upgraded","damage_taken":0,"max_hp_gain":0,"max_hp_loss":0,"event_name":"Upgrade Shrine","floor":3,"gold_loss":0,"cards_upgraded":["Neutralize"]},{"damage_healed":0,"gold_gain":0,"player_choice":"Ignored","damage_taken":0,"max_hp_gain":0,"max_hp_loss":0,"event_name":"Ghosts","floor":22,"gold_loss":0},{"damage_healed":0,"gold_gain":0,"player_choice":"1 cards matched","damage_taken":0,"max_hp_gain":0,"max_hp_loss":0,"event_name":"Match and Keep!","floor":24,"gold_loss":0,"cards_obtained":["Die Die Die"]}],"is_beta":false,"boss_relics":[{"not_picked":["Empty Cage","Velvet Choker"],"picked":"Sozu"}],"items_purged_floors":[10,19,21],"is_endless":false,"potions_floor_spawned":[1,4,7,8,16,20,25],"killed_by":"Sentry and Sphere","ascension_level":9}