{"gold_per_floor":[109,109,71,83,83,83,83,117,170,181,192,263,274,290,290,393,393,404,424,281,281,281,281,281],"floor_reached":24,"playtime":975,"items_purged":["Strike_G"],"score":196,"play_id":"0f79cd98-47a3-4888-8d4a-437b8fbf6ecf","local_time":"20180923165553","is_ascension_mode":false,"campfire_choices":[{"data":"Neutralize","floor":6,"key":"SMITH"},{"floor":15,"key":"REST"},{"floor":23,"key":"REST"}],"neow_cost":"NONE","seed_source_timestamp":92577416715715,"circlet_count":0,"master_deck":["Defend_G","Defend_G","Defend_G","Defend_G","Defend_G","Survivor","Neutralize+1","Deadly Poison","Slice","Footwork","Tactician","Poisoned Stab","Dagger Spray","Flying Knee","Poisoned Stab","Night Terror","Well Laid Plans+1","Blur+1","Heel Hook+1","Blur","Deflect"],"relics":["Ring of the Snake","Lantern","Snake Skull","Dream Catcher","Mummified Hand","Astrolabe"],"potions_floor_usage":[13,16,16],"damage_taken":[{"damage":0,"enemies":"Jaw Worm","floor":1,"turns":4},{"damage":0,"enemies":"Small Slimes","floor":4,"turns":5},{"damage":38,"enemies":"3 Sentries","floor":8,"turns":12},{"damage":0,"enemies":"2 Louse","floor":10,"turns":2},{"damage":0,"enemies":"Large Slime","floor":11,"turns":6},{"damage":3,"enemies":"Lots of Slimes","floor":13,"turns":4},{"damage":7,"enemies":"3 Louse","floor":14,"turns":3},{"damage":21,"enemies":"The Guardian","floor":16,"turns":9},{"damage":21,"enemies":"Spheric Guardian","floor":18,"turns":7},{"damage":15,"enemies":"3 Byrds","floor":19,"turns":7},{"damage":54,"enemies":"Gremlin Leader","floor":24,"turns":5}],"seed_played":"-5371563458628871401","potions_obtained":[{"floor":10,"key":"Weak Potion"},{"floor":11,"key":"Dexterity Potion"},{"floor":14,"key":"LiquidBronze"}],"is_trial":false,"path_per_floor":["M","?","$","M","?","R","?","E","T","M","M","T","M","M","R","B",null,"M","M","$","?","?","R"],"character_chosen":"THE_SILENT","items_purchased":["Footwork","Blur"],"campfire_rested":2,"item_purchase_floors":[3,20],"current_hp_per_floor":[70,67,67,67,53,53,70,32,32,32,32,32,29,22,43,22,70,49,34,34,34,25,46,0],"gold":281,"neow_bonus":"THREE_CARDS","is_prod":false,"is_daily":false,"chose_seed":false,"campfire_upgraded":1,"win_rate":0,"timestamp":1537714553,"path_taken":["M","?","$","M","?","R","?","E","T","M","M","?","M","?","R","BOSS","M","M","?","?","?","R","E"],"build_version":"2018-09-20","purchased_purges":1,"victory":false,"max_hp_per_floor":[70,70,70,70,70,70,70,70,70,70,70,70,70,70,70,70,70,70,70,70,70,70,70,70],"card_choices":[{"not_picked":["Dagger Spray","Choke"],"picked":"Deadly Poison","floor":0},{"not_picked":["Outmaneuver","Bouncing Flask"],"picked":"Slice","floor":1},{"not_picked":["All Out Attack","Outmaneuver"],"picked":"Tactician","floor":4},{"not_picked":["Outmaneuver","Dagger Throw"],"picked":"Poisoned Stab","floor":8},{"not_picked":["Underhanded Strike","Accuracy"],"picked":"Dagger Spray","floor":10},{"not_picked":["Dodge and Roll","Reflex"],"picked":"Flying Knee","floor":11},{"not_picked":["PiercingWail","Quick Slash"],"picked":"Poisoned Stab","floor":13},{"not_picked":["Deadly Poison","Dodge and Roll","Corpse Explosion"],"picked":"SKIP","floor":14},{"not_picked":["Malaise","A Thousand Cuts"],"picked":"Night Terror","floor":16},{"not_picked":["Quick Slash","Bane","Caltrops"],"picked":"SKIP","floor":18},{"not_picked":["Masterful Stab","Sucker Punch","Underhanded Strike"],"picked":"SKIP","floor":19},{"not_picked":["Crippling Poison+1","Cloak And Dagger"],"picked":"Deflect","floor":23}],"player_experience":174057,"relics_obtained":[{"floor":8,"key":"Snake Skull"},{"floor":9,"key":"Dream Catcher"},{"floor":12,"key":"Mummified Hand"}],"event_choices":[{"event_name":"Scrap Ooze","player_choice":"success","floor":2,"damage_taken":3},{"event_name":"Shining Light","player_choice":"Entered Light","floor":5,"damage_taken":0},{"event_name":"Wheel of Change","player_choice":"Full Heal","floor":7,"damage_taken":0},{"event_name":"Bonfire Elementals","player_choice":"BASIC","floor":21,"damage_taken":0},{"event_name":"Cursed Tome","player_choice":"Stopped","floor":22,"damage_taken":0}],"is_beta":false,"boss_relics":[{"not_picked":["Black Star","Calling Bell"],"picked":"Astrolabe"}],"items_purged_floors":[20],"is_endless":false,"potions_floor_spawned":[10,11,14],"killed_by":"Gremlin Leader","ascension_level":0}