{"path_per_floor":["M","?","M","M","?","R","M","M","T","M","$","M","$","E","R","B",null,"M","$","?","M","M","R"],"character_chosen":"THE_SILENT","items_purchased":["Dramatic Entrance","Swift Strike"],"gold_per_floor":[10,10,28,43,43,43,53,72,153,163,61,78,3,32,32,132,132,142,47,47,64,84,84],"floor_reached":24,"campfire_rested":1,"playtime":4530,"current_hp_per_floor":[70,56,56,48,70,70,68,58,58,58,58,58,58,54,54,28,70,65,65,52,46,33,55],"items_purged":["Strike_G"],"gold":84,"score":200,"play_id":"05af2afa-a68d-44d1-bd8a-ad450badfe3c","local_time":"20180305172112","is_prod":false,"is_daily":false,"is_ascension_mode":false,"campfire_upgraded":2,"timestamp":1520288472,"path_taken":["M","?","M","M","?","R","M","M","T","M","$","M","?","E","R","BOSS","M","$","?","M","M","R","E"],"build_version":"2018-03-01-PROD1","purchased_purges":1,"victory":false,"master_deck":["Defend_G","Defend_G+1","Defend_G+1","Strike_G","Strike_G","Strike_G","Strike_G","Survivor","Neutralize","Eviscerate","Reflex","Quick Slash","Well Laid Plans","Glass Knife+1","Dodge and Roll","Finisher+1","Blur","Dramatic Entrance","Flechettes","Dagger Throw","Tools of the Trade","Expertise+1","Swift Strike","Flying Knee","Reflex"],"max_hp_per_floor":[70,70,70,70,70,70,70,70,70,70,70,70,70,70,70,70,70,70,70,75,75,75,75],"relics":["Ring of the Snake","Ornamental Fan","Matryoshka","Sozu"],"card_choices":[{"not_picked":["Outmaneuver","Bane"],"picked":"Quick Slash"},{"not_picked":["Poisoned Stab","PiercingWail"],"picked":"Well Laid Plans"},{"not_picked":["Slice","Crippling Poison"],"picked":"Glass Knife"},{"not_picked":["Bouncing Flask","Deadly Poison"],"picked":"Dodge and Roll"},{"not_picked":["Deadly Poison","Dash"],"picked":"Finisher"},{"not_picked":["Well Laid Plans","Choke"],"picked":"Blur"},{"not_picked":["Riddle With Holes","Dodge and Roll"],"picked":"Flechettes"},{"not_picked":["Well Laid Plans","Acrobatics"],"picked":"Dagger Throw"},{"not_picked":["Envenom","Die Die Die"],"picked":"Tools of the Trade"},{"not_picked":["Malaise","Dagger Spray"],"picked":"Expertise"},{"not_picked":["Accuracy","Deflect"],"picked":"Flying Knee"},{"not_picked":["Bane","Acrobatics"],"picked":"Reflex"}],"player_experience":101136,"potions_floor_usage":[10,16,22],"damage_taken":[{"damage":0,"enemies":"Small Slimes","floor":1,"turns":4},{"damage":0,"enemies":"2 Louse","floor":3,"turns":2},{"damage":8,"enemies":"Jaw Worm","floor":4,"turns":4},{"damage":2,"enemies":"3 Louse","floor":7,"turns":3},{"damage":10,"enemies":"Exordium Wildlife","floor":8,"turns":5},{"damage":0,"enemies":"Looter","floor":10,"turns":3},{"damage":0,"enemies":"3 Louse","floor":12,"turns":2},{"damage":4,"enemies":"3 Sentries","floor":14,"turns":6},{"damage":26,"enemies":"The Guardian","floor":16,"turns":13},{"damage":5,"enemies":"3 Byrds","floor":18,"turns":6},{"damage":6,"enemies":"Shell Parasite","floor":21,"turns":4},{"damage":13,"enemies":"Snecko","floor":22,"turns":5},{"damage":59,"enemies":"Slavers","floor":24,"turns":4}],"event_choices":[{"event_name":"Shining Light","player_choice":"Entered Light","floor":2,"damage_taken":0},{"event_name":"Big Fish","player_choice":"Banana","floor":5,"damage_taken":0},{"event_name":"Forgotten Altar","player_choice":"Shed Blood","floor":20,"damage_taken":0}],"boss_relics":[{"not_picked":["Eternal Feather","Ectoplasm"],"picked":"Sozu"}],"potions_floor_spawned":[3,10,14,16,21],"seed_played":"-8189827856677678623","killed_by":"Slavers","ascension_level":0,"is_trial":false}