{"gold_per_floor":[212,230,74,84,84,84,106,133,133,133,161,34,48,68,68,167,167,185,105,122,122,151,182,182,192,192,192,205,232,246,260,260,355,355,375,386,398,416,426,426,459,459,513,513,530,14,26,38,38,38],"floor_reached":51,"playtime":5253,"items_purged":["Strike_B","Strike_B","Strike_B"],"score":1084,"play_id":"e12df435-9fad-4351-a93d-496113c72719","local_time":"20190302232656","is_ascension_mode":true,"campfire_choices":[{"data":"Self Repair","floor":6,"key":"SMITH"},{"floor":10,"key":"REST"},{"floor":15,"key":"REST"},{"floor":24,"key":"REST"},{"data":"Go for the Eyes","floor":32,"key":"SMITH"},{"data":"Darkness","floor":40,"key":"SMITH"},{"data":"Hologram","floor":42,"key":"SMITH"},{"data":"Buffer","floor":49,"key":"SMITH"}],"neow_cost":"NONE","seed_source_timestamp":1535022678327735,"circlet_count":0,"master_deck":["AscendersBane","Strike_B","Defend_B","Defend_B","Defend_B","Defend_B","Zap","Dualcast","Streamline","Self Repair+1","Core Surge","Hologram+1","Rip and Tear","Auto Shields","Genetic Algorithm","Double Energy","Ball Lightning","Echo Form","Go for the Eyes+1","Doom and Gloom+1","Darkness+1","Self Repair","Undo","Defragment","Compile Driver","Buffer+1","Cold Snap+1","Coolheaded+1","Ball Lightning","Ball Lightning+1","Doom and Gloom","Creative AI","Defragment+1"],"relics":["Cracked Core","The Courier","Odd Mushroom","Ice Cream","Mummified Hand","Singing Bowl","Nuclear Battery","Happy Flower","Red Mask","Bag of Marbles","Oddly Smooth Stone","Anchor","Inserter","Omamori","Potion Belt","Cables","Bronze Scales","Pen Nib"],"potions_floor_usage":[7,8,11,16,20,22,29,33,46,50,50,50,50],"damage_taken":[{"damage":0,"enemies":"Small Slimes","floor":1,"turns":4},{"damage":8,"enemies":"Jaw Worm","floor":2,"turns":4},{"damage":0,"enemies":"2 Louse","floor":4,"turns":2},{"damage":12,"enemies":"The Mushroom Lair","floor":7,"turns":4},{"damage":29,"enemies":"3 Sentries","floor":8,"turns":6},{"damage":25,"enemies":"Lagavulin","floor":11,"turns":6},{"damage":10,"enemies":"Blue Slaver","floor":13,"turns":2},{"damage":0,"enemies":"Large Slime","floor":14,"turns":5},{"damage":21,"enemies":"Slime Boss","floor":16,"turns":8},{"damage":22,"enemies":"Shell Parasite","floor":18,"turns":5},{"damage":4,"enemies":"Spheric Guardian","floor":20,"turns":3},{"damage":30,"enemies":"Masked Bandits","floor":22,"turns":4},{"damage":35,"enemies":"Slavers","floor":23,"turns":5},{"damage":7,"enemies":"Centurion and Healer","floor":25,"turns":5},{"damage":14,"enemies":"Snake Plant","floor":28,"turns":4},{"damage":38,"enemies":"Book of Stabbing","floor":29,"turns":5},{"damage":0,"enemies":"Chosen and Byrds","floor":30,"turns":5},{"damage":0,"enemies":"Snecko","floor":31,"turns":4},{"damage":13,"enemies":"Champ","floor":33,"turns":13},{"damage":4,"enemies":"Orb Walker","floor":35,"turns":4},{"damage":27,"enemies":"3 Darklings","floor":36,"turns":6},{"damage":16,"enemies":"Sphere and 2 Shapes","floor":37,"turns":6},{"damage":0,"enemies":"Maw","floor":38,"turns":8},{"damage":18,"enemies":"Transient","floor":39,"turns":5},{"damage":42,"enemies":"Reptomancer","floor":41,"turns":8},{"damage":1,"enemies":"4 Shapes","floor":45,"turns":7},{"damage":0,"enemies":"Spire Growth","floor":47,"turns":4},{"damage":1,"enemies":"Sphere and 2 Shapes","floor":48,"turns":3},{"damage":15,"enemies":"Donu and Deca","floor":50,"turns":6}],"seed_played":"7390479423314084142","potions_obtained":[{"floor":1,"key":"Strength Potion"},{"floor":4,"key":"SkillPotion"},{"floor":7,"key":"EssenceOfSteel"},{"floor":14,"key":"FairyPotion"},{"floor":16,"key":"Swift Potion"},{"floor":20,"key":"Block Potion"},{"floor":23,"key":"EssenceOfSteel"},{"floor":25,"key":"FocusPotion"},{"floor":28,"key":"LiquidBronze"},{"floor":29,"key":"PowerPotion"},{"floor":35,"key":"AttackPotion"},{"floor":38,"key":"SpeedPotion"},{"floor":48,"key":"Block Potion"}],"is_trial":false,"path_per_floor":["M","M","$","M","?","R","?","E","T","R","E","$","M","M","R","B",null,"M","$","M","?","?","E","R","M","T","?","M","E","M","M","R","B",null,"M","M","M","M","M","R","E","R","T","T","M","$","M","M","R","B",null],"character_chosen":"DEFECT","items_purchased":["Core Surge","SteroidPotion","Genetic Algorithm","Double Energy","Bronze Scales","Doom and Gloom","Fruit Juice","PowerPotion","Pen Nib"],"campfire_rested":3,"item_purchase_floors":[3,12,12,12,46,46,46,46,46],"current_hp_per_floor":[68,60,60,60,42,42,40,11,11,33,18,18,10,20,43,32,66,54,54,60,60,40,15,38,55,55,55,53,42,76,81,81,81,81,81,73,74,85,84,84,61,61,61,61,77,82,82,91,91,83],"gold":38,"neow_bonus":"HUNDRED_GOLD","is_prod":false,"is_daily":false,"chose_seed":false,"campfire_upgraded":5,"win_rate":0,"timestamp":1551587216,"path_taken":["M","M","$","M","?","R","?","E","T","R","E","?","?","M","R","BOSS","M","$","M","?","?","E","R","M","T","?","?","E","M","M","R","BOSS","M","M","M","M","M","R","E","R","T","?","M","$","M","M","R","BOSS"],"build_version":"2019-01-23","purchased_purges":3,"victory":true,"max_hp_per_floor":[75,75,75,75,75,75,75,75,75,75,75,75,77,77,77,77,77,77,77,77,77,77,77,77,77,77,77,79,79,79,81,81,81,81,81,83,83,85,85,85,87,87,87,87,87,92,92,92,92,92],"card_choices":[{"not_picked":["Glacier","Stack"],"picked":"Streamline","floor":1},{"not_picked":["Double Energy","Consume"],"picked":"Self Repair","floor":2},{"not_picked":["Sunder","Steam"],"picked":"Hologram","floor":4},{"not_picked":["Leap","Lockon"],"picked":"Rip and Tear","floor":8},{"not_picked":["Rainbow","Tempest"],"picked":"Auto Shields","floor":11},{"not_picked":["Skim","BootSequence","Leap"],"picked":"Singing Bowl","floor":13},{"not_picked":["Loop","Chill"],"picked":"Ball Lightning","floor":14},{"not_picked":["Biased Cognition","Hyperbeam"],"picked":"Echo Form","floor":16},{"not_picked":["Redo+1","Recycle"],"picked":"Go for the Eyes","floor":18},{"not_picked":["Conserve Battery","Recycle"],"picked":"Doom and Gloom+1","floor":20},{"not_picked":["Beam Cell+1","Auto Shields"],"picked":"Darkness","floor":22},{"not_picked":["Gash","Doom and Gloom"],"picked":"Self Repair","floor":23},{"not_picked":["Rebound","Lockon"],"picked":"Undo","floor":25},{"not_picked":["Reinforced Body","Gash","Steam"],"picked":"Singing Bowl","floor":28},{"not_picked":["Reinforced Body","Stack"],"picked":"Defragment","floor":29},{"not_picked":["Rebound","Turbo+1"],"picked":"Compile Driver","floor":30},{"not_picked":["Steam","Turbo","Hologram"],"picked":"Singing Bowl","floor":31},{"not_picked":["Hyperbeam","Electrodynamics"],"picked":"Buffer","floor":33},{"not_picked":["Compile Driver","Storm+1"],"picked":"Cold Snap+1","floor":35},{"not_picked":["Chaos","Undo+1","Rebound+1"],"picked":"Singing Bowl","floor":36},{"not_picked":["Gash+1","Conserve Battery+1"],"picked":"Coolheaded+1","floor":37},{"not_picked":["Turbo+1","Darkness","Auto Shields"],"picked":"Singing Bowl","floor":38},{"not_picked":["Aggregate+1","Loop"],"picked":"Ball Lightning","floor":39},{"not_picked":["Storm+1","Hello World","Hologram"],"picked":"Singing Bowl","floor":41},{"not_picked":["Steam+1","Barrage"],"picked":"Ball Lightning+1","floor":45},{"not_picked":["Barrage","Hologram"],"picked":"Creative AI","floor":47},{"not_picked":["Auto Shields+1","Hologram"],"picked":"Defragment+1","floor":48}],"player_experience":628834,"relics_obtained":[{"floor":7,"key":"Odd Mushroom"},{"floor":8,"key":"Ice Cream"},{"floor":9,"key":"Mummified Hand"},{"floor":11,"key":"Singing Bowl"},{"floor":22,"key":"Red Mask"},{"floor":23,"key":"Bag of Marbles"},{"floor":26,"key":"Oddly Smooth Stone"},{"floor":29,"key":"Anchor"},{"floor":41,"key":"Omamori"},{"floor":43,"key":"Potion Belt"},{"floor":44,"key":"Cables"}],"event_choices":[{"damage_healed":0,"gold_gain":0,"player_choice":"Success","damage_taken":18,"relics_obtained":["The Courier"],"max_hp_gain":0,"max_hp_loss":0,"event_name":"Scrap Ooze","floor":5,"gold_loss":0},{"damage_healed":0,"gold_gain":0,"player_choice":"Fought Mushrooms","damage_taken":0,"max_hp_gain":0,"max_hp_loss":0,"event_name":"Mushrooms","floor":7,"gold_loss":0},{"damage_healed":0,"gold_gain":0,"player_choice":"Opened","damage_taken":0,"relics_obtained":["Happy Flower"],"max_hp_gain":0,"max_hp_loss":0,"event_name":"The Mausoleum","floor":21,"gold_loss":0},{"damage_healed":0,"gold_gain":0,"player_choice":"Fought Bandits","damage_taken":0,"max_hp_gain":0,"max_hp_loss":0,"event_name":"Masked Bandits","floor":22,"gold_loss":0},{"damage_healed":0,"gold_gain":0,"player_choice":"Ignored","damage_taken":0,"max_hp_gain":0,"max_hp_loss":0,"event_name":"Vampires","floor":27,"gold_loss":0}],"is_beta":false,"boss_relics":[{"not_picked":["Busted Crown","Ectoplasm"],"picked":"Nuclear Battery"},{"not_picked":["Runic Dome","Black Star"],"picked":"Inserter"}],"items_purged_floors":[3,19,46],"is_endless":false,"potions_floor_spawned":[1,4,7,14,16,20,23,25,28,29,35,38,39,41,48],"ascension_level":11}