{"gold_per_floor":[117,67,87,12,12,43,54,70,70,31,49,68,143,155,155,260,260,274,274,289,39,59,59,158,83,113,113,203,214,89,102,102,102],"floor_reached":33,"playtime":1437,"items_purged":["Strike_G","Strike_G","Regret"],"score":274,"play_id":"d4a1e04b-4af9-4edf-a99d-b77437fe4330","local_time":"20181101215320","is_ascension_mode":false,"campfire_choices":[{"data":"Neutralize","floor":15,"key":"SMITH"},{"data":"Footwork","floor":23,"key":"SMITH"},{"data":"Sucker Punch","floor":27,"key":"SMITH"},{"floor":32,"key":"REST"}],"neow_cost":"NONE","seed_source_timestamp":1296901482823746,"circlet_count":0,"master_deck":["Defend_G","Defend_G","Strike_G","Strike_G","Survivor","Neutralize+1","Blur","Footwork+1","Die Die Die","Sucker Punch+1","Backstab","Well Laid Plans","Flying Knee","Terror","After Image","Slice+1","Blade Dance","Slice+1","Deflect+1","Tactician","Dash"],"relics":["Ring of the Snake","NeowsBlessing","Pear","Matryoshka","Cursed Key","Bag of Preparation","Tiny Chest","Blue Candle"],"potions_floor_usage":[18,22],"damage_taken":[{"damage":0,"enemies":"Jaw Worm","floor":1,"turns":1},{"damage":0,"enemies":"Small Slimes","floor":3,"turns":1},{"damage":0,"enemies":"3 Sentries","floor":6,"turns":1},{"damage":0,"enemies":"Cultist","floor":7,"turns":5},{"damage":0,"enemies":"3 Louse","floor":8,"turns":4},{"damage":0,"enemies":"Red Slaver","floor":11,"turns":4},{"damage":13,"enemies":"Large Slime","floor":12,"turns":10},{"damage":0,"enemies":"Blue Slaver","floor":14,"turns":3},{"damage":43,"enemies":"Slime Boss","floor":16,"turns":19},{"damage":11,"enemies":"2 Thieves","floor":18,"turns":4},{"damage":15,"enemies":"3 Byrds","floor":20,"turns":5},{"damage":12,"enemies":"Snake Plant","floor":22,"turns":5},{"damage":7,"enemies":"Centurion and Healer","floor":29,"turns":7},{"damage":12,"enemies":"3 Cultists","floor":31,"turns":6},{"damage":32,"enemies":"Champ","floor":33,"turns":14}],"seed_played":"8146445138615035503","potions_obtained":[{"floor":1,"key":"Weak Potion"},{"floor":12,"key":"Swift Potion"},{"floor":16,"key":"Poison Potion"},{"floor":31,"key":"LiquidBronze"}],"is_trial":false,"path_per_floor":["M","?","M","$","?","E","M","M","T","$","M","M","?","M","R","B",null,"M","?","M","$","M","R","?","?","T","R","?","M","$","M","R"],"character_chosen":"THE_SILENT","items_purchased":["Backstab","Bag of Preparation"],"campfire_rested":1,"item_purchase_floors":[10,21],"current_hp_per_floor":[70,70,70,70,70,80,80,80,80,80,80,67,56,56,56,13,80,69,69,54,54,42,42,42,42,42,42,26,19,19,7,31,0],"gold":102,"neow_bonus":"THREE_ENEMY_KILL","is_prod":false,"is_daily":false,"chose_seed":false,"campfire_upgraded":3,"win_rate":0,"timestamp":1541105600,"path_taken":["M","?","M","$","?","E","M","M","T","$","M","M","?","M","R","BOSS","M","?","M","$","?","R","?","?","T","R","?","M","$","M","R","BOSS"],"build_version":"2018-10-25v2","purchased_purges":3,"victory":false,"max_hp_per_floor":[70,70,70,70,70,80,80,80,80,80,80,80,80,80,80,80,80,80,80,80,80,80,80,80,80,80,80,80,80,80,80,80,80],"card_choices":[{"not_picked":["Predator","Deadly Poison"],"picked":"Blur","floor":1},{"not_picked":["Bane","Cloak And Dagger","Blade Dance"],"picked":"SKIP","floor":3},{"not_picked":["Leg Sweep","Noxious Fumes"],"picked":"Footwork","floor":6},{"not_picked":["Finisher","Cloak And Dagger"],"picked":"Die Die Die","floor":7},{"not_picked":["Backflip","Endless Agony"],"picked":"Sucker Punch","floor":8},{"not_picked":["Dodge and Roll","Underhanded Strike"],"picked":"Well Laid Plans","floor":11},{"not_picked":["Deadly Poison","Bane"],"picked":"Flying Knee","floor":12},{"not_picked":["PiercingWail","Sucker Punch"],"picked":"Terror","floor":14},{"not_picked":["Venomology","Burst"],"picked":"After Image","floor":16},{"not_picked":["Dodge and Roll","Backflip"],"picked":"Slice+1","floor":18},{"not_picked":["Dodge and Roll","Bane+1"],"picked":"Slice+1","floor":20},{"not_picked":["Flechettes+1","Blade Dance"],"picked":"Deflect+1","floor":22},{"not_picked":["Acrobatics","Poisoned Stab"],"picked":"Tactician","floor":29},{"not_picked":["Sucker Punch","Dagger Spray"],"picked":"Dash","floor":31}],"player_experience":247592,"relics_obtained":[{"floor":6,"key":"Pear"},{"floor":9,"key":"Matryoshka"},{"floor":26,"key":"Tiny Chest"},{"floor":26,"key":"Blue Candle"}],"event_choices":[{"cards_removed":["Defend_G"],"damage_healed":0,"gold_gain":0,"player_choice":"Card Removal","damage_taken":0,"max_hp_gain":0,"max_hp_loss":0,"event_name":"The Cleric","floor":2,"gold_loss":50},{"cards_removed":["Defend_G"],"damage_healed":0,"gold_gain":0,"player_choice":"Offered Basic","damage_taken":0,"max_hp_gain":0,"max_hp_loss":0,"event_name":"Bonfire Elementals","floor":5,"gold_loss":0},{"damage_healed":0,"gold_gain":75,"player_choice":"Gather Gold","damage_taken":11,"max_hp_gain":0,"max_hp_loss":0,"event_name":"World of Goop","floor":13,"gold_loss":0},{"damage_healed":0,"gold_gain":0,"cards_transformed":["Strike_G"],"player_choice":"Transformed","damage_taken":0,"max_hp_gain":0,"max_hp_loss":0,"event_name":"Transmorgrifier","floor":19,"gold_loss":0,"cards_obtained":["Blade Dance"]},{"damage_healed":0,"gold_gain":99,"player_choice":"Stole From Cult","damage_taken":0,"max_hp_gain":0,"max_hp_loss":0,"event_name":"Nest","floor":24,"gold_loss":0},{"cards_removed":["Defend_G"],"damage_healed":0,"gold_gain":0,"player_choice":"Gave Gold","damage_taken":0,"max_hp_gain":0,"max_hp_loss":0,"event_name":"Beggar","floor":25,"gold_loss":75},{"damage_healed":0,"gold_gain":90,"player_choice":"GOLD ","damage_taken":16,"max_hp_gain":0,"max_hp_loss":0,"event_name":"Knowing Skull","floor":28,"potions_obtained":[],"gold_loss":0,"cards_obtained":[]}],"is_beta":false,"boss_relics":[{"not_picked":["Velvet Choker","Tiny House"],"picked":"Cursed Key"}],"items_purged_floors":[4,21,30],"is_endless":false,"potions_floor_spawned":[1,12,16,31],"killed_by":"Champ","ascension_level":0}