{"path_per_floor":["M","?","M","M","M","E","M","R","T","M","M","R","E","?","R","B",null,"M","$","M","?","M","R","$","M","T","R","M","?"],"character_chosen":"IRONCLAD","items_purchased":["Barricade","Gremlin Horn"],"gold_per_floor":[368,318,334,350,360,385,403,403,403,417,432,432,466,466,466,570,570,584,114,131,46,64,64,64,84,109,109,119,19],"floor_reached":30,"campfire_rested":1,"playtime":2132,"current_hp_per_floor":[72,72,71,72,70,53,53,53,53,54,52,52,61,61,61,38,72,56,56,35,35,21,42,42,40,40,40,18,18],"items_purged":["Bash"],"gold":19,"score":244,"play_id":"fe65cf7a-7638-4c26-bfbc-065c39bc7da1","local_time":"20180320213813","is_prod":false,"is_daily":false,"is_ascension_mode":false,"campfire_upgraded":4,"timestamp":1521596293,"path_taken":["M","?","M","M","M","E","M","R","T","M","?","R","E","?","R","BOSS","M","$","?","?","M","R","?","M","T","R","M","?","E"],"build_version":"2018-03-15v3","purchased_purges":2,"victory":false,"master_deck":["Strike_R","Strike_R","Strike_R","Strike_R","Strike_R","Defend_R","Defend_R","Defend_R","Power Through+1","Ghostly Armor+1","Perfected Strike+1","Perfected Strike+1","Wild Strike","Spot Weakness+1","Heavy Blade+1","Warcry","Flex","Limit Break","Pommel Strike","Barricade+1","Body Slam","Bloodletting","True Grit","Wild Strike","Wild Strike","J.A.X."],"max_hp_per_floor":[72,72,72,72,72,72,72,72,72,72,72,72,72,72,72,72,72,72,72,72,72,72,72,72,72,72,72,72,72],"relics":["Black Blood","Prayer Wheel","Magic Flower","War Paint","Gremlin Horn","Blood Vial","Lantern"],"card_choices":[{"not_picked":["Metallicize","Flex"],"picked":"Power Through"},{"not_picked":["Pummel","Thunderclap"],"picked":"Ghostly Armor"},{"not_picked":["Sever Soul","Metallicize"],"picked":"Perfected Strike"},{"not_picked":["Fiend Fire","Pummel"],"picked":"Perfected Strike"},{"not_picked":["Sever Soul","Bludgeon"],"picked":"Wild Strike"},{"not_picked":["Warcry","Wild Strike"],"picked":"Spot Weakness"},{"not_picked":["Carnage","True Grit"],"picked":"Heavy Blade"},{"not_picked":["Combust","Searing Blow"],"picked":"Warcry"},{"not_picked":["Dropkick","Hemokinesis"],"picked":"Flex"},{"not_picked":["Bludgeon","Exhume"],"picked":"Limit Break"},{"not_picked":["Second Wind","Iron Wave"],"picked":"Pommel Strike"},{"not_picked":["Twin Strike","Clash"],"picked":"Body Slam"},{"not_picked":["Wild Strike","Perfected Strike"],"picked":"Bloodletting"},{"not_picked":["Shockwave","Shrug It Off"],"picked":"True Grit"},{"not_picked":["Battle Trance","Blood for Blood"],"picked":"Wild Strike"},{"not_picked":["Rampage","Sword Boomerang"],"picked":"Wild Strike"}],"player_experience":192645,"potions_floor_usage":[13,16,30,30,30],"damage_taken":[{"damage":0,"enemies":"Small Slimes","floor":1,"turns":3},{"damage":7,"enemies":"Jaw Worm","floor":3,"turns":3},{"damage":0,"enemies":"Cultist","floor":4,"turns":4},{"damage":8,"enemies":"Red Slaver","floor":5,"turns":3},{"damage":23,"enemies":"Lagavulin","floor":6,"turns":6},{"damage":6,"enemies":"Exordium Wildlife","floor":7,"turns":4},{"damage":8,"enemies":"Gremlin Gang","floor":10,"turns":4},{"damage":11,"enemies":"Large Slime","floor":11,"turns":3},{"damage":25,"enemies":"3 Sentries","floor":13,"turns":7},{"damage":32,"enemies":"Hexaghost","floor":16,"turns":8},{"damage":31,"enemies":"Chosen","floor":18,"turns":5},{"damage":36,"enemies":"2 Thieves","floor":20,"turns":4},{"damage":32,"enemies":"Centurion and Healer","floor":22,"turns":5},{"damage":20,"enemies":"Sentry and Sphere","floor":25,"turns":4},{"damage":40,"enemies":"Chosen and Byrds","floor":28,"turns":6},{"damage":41,"enemies":"Book of Stabbing","floor":30,"turns":4}],"event_choices":[{"event_name":"The Cleric","player_choice":"Card Removal","floor":2,"damage_taken":0},{"event_name":"Accursed Blacksmith","player_choice":"Forge","floor":14,"damage_taken":0},{"event_name":"Addict","player_choice":"Obtained Relic","floor":21,"damage_taken":0},{"event_name":"Drug Dealer","player_choice":"Got JAXXED","floor":29,"damage_taken":0}],"boss_relics":[{"not_picked":["Tiny House","Orrery"],"picked":"Black Blood"}],"potions_floor_spawned":[1,3,5,6,11,20,25],"seed_played":"-8065498401949297215","killed_by":"Book of Stabbing","ascension_level":0,"is_trial":false}