{"gold_per_floor":[119,132,132,148,54,64,64,77,77,77,87,100,118,118,118,214,214,224,224],"floor_reached":19,"playtime":4554,"items_purged":[],"score":163,"play_id":"92089903-b952-4ad9-aff5-58d40e6e3ea4","local_time":"20181002231145","is_ascension_mode":false,"campfire_choices":[{"data":"Well Laid Plans","floor":7,"key":"SMITH"},{"floor":15,"key":"REST"}],"neow_cost":"","seed_source_timestamp":4363227868335,"circlet_count":0,"master_deck":["Defend_G","Defend_G","Defend_G","Defend_G","Defend_G","Strike_G","Strike_G","Strike_G","Strike_G","Survivor","Neutralize","Footwork+1","All Out Attack","Skewer","Dagger Throw","Well Laid Plans+1","Underhanded Strike","Backflip","Reflex","Deflect","Blade Dance","Dodge and Roll","Parasite","After Image","Distraction+1"],"relics":["Ring of the Snake","Bottled Flame","Fusion Hammer"],"potions_floor_usage":[13,19,19],"damage_taken":[{"damage":3,"enemies":"Jaw Worm","floor":1,"turns":6},{"damage":0,"enemies":"Cultist","floor":2,"turns":5},{"damage":0,"enemies":"2 Louse","floor":4,"turns":2},{"damage":5,"enemies":"Gremlin Gang","floor":6,"turns":4},{"damage":0,"enemies":"3 Louse","floor":8,"turns":3},{"damage":5,"enemies":"Blue Slaver","floor":11,"turns":3},{"damage":2,"enemies":"Exordium Wildlife","floor":12,"turns":3},{"damage":22,"enemies":"Gremlin Gang","floor":13,"turns":5},{"damage":30,"enemies":"Slime Boss","floor":16,"turns":14},{"damage":0,"enemies":"Chosen","floor":18,"turns":7},{"damage":19,"enemies":"Colosseum Slavers","floor":19,"turns":6},{"damage":76,"enemies":"Colosseum Nobs","floor":19,"turns":4}],"seed_played":"3746206231457867271","potions_obtained":[{"floor":4,"key":"Fruit Juice"},{"floor":11,"key":"LiquidBronze"},{"floor":13,"key":"Swift Potion"},{"floor":16,"key":"Ancient Potion"},{"floor":18,"key":"SpeedPotion"}],"is_trial":false,"path_per_floor":["M","M","?","M","$","M","R","M","T","?","M","M","M","?","R","B",null,"M"],"character_chosen":"THE_SILENT","items_purchased":["Well Laid Plans","Underhanded Strike"],"campfire_rested":1,"item_purchase_floors":[5,5],"current_hp_per_floor":[67,67,67,67,67,62,62,62,62,62,57,55,38,56,75,45,75,75,0],"gold":224,"neow_bonus":"","is_prod":false,"is_daily":false,"chose_seed":false,"campfire_upgraded":1,"win_rate":0.0,"timestamp":1538514705,"path_taken":["M","M","?","M","$","M","R","M","T","?","M","?","M","?","R","BOSS","M","?"],"build_version":"2018-09-20","purchased_purges":0,"victory":false,"max_hp_per_floor":[70,70,70,70,70,70,70,70,70,70,70,70,75,75,75,75,75,75,75],"card_choices":[{"not_picked":["PiercingWail","Predator"],"picked":"Footwork","floor":1},{"not_picked":["Slice","Quick Slash"],"picked":"All Out Attack","floor":2},{"not_picked":["All Out Attack","Bane"],"picked":"Dagger Throw","floor":4},{"not_picked":["Quick Slash","Leg Sweep"],"picked":"Backflip","floor":6},{"not_picked":["All Out Attack","Masterful Stab"],"picked":"Reflex","floor":8},{"not_picked":["Dash","Corpse Explosion"],"picked":"Deflect","floor":11},{"not_picked":["Flying Knee","Well Laid Plans"],"picked":"Blade Dance","floor":12},{"not_picked":["Bane","PiercingWail"],"picked":"Dodge and Roll","floor":13},{"not_picked":["Phantasmal Killer","Burst"],"picked":"After Image","floor":16},{"not_picked":["Flying Knee","Outmaneuver+1"],"picked":"Distraction+1","floor":18}],"player_experience":44403,"relics_obtained":[{"floor":9,"key":"Bottled Flame"}],"event_choices":[{"event_name":"Transmorgrifier","player_choice":"Transform","floor":3,"damage_taken":0},{"event_name":"Upgrade Shrine","player_choice":"Upgraded","floor":10,"damage_taken":0},{"event_name":"Mushrooms","player_choice":"Healed and dodged fight","floor":14,"damage_taken":0},{"event_name":"Colosseum","player_choice":"Fight","floor":19,"damage_taken":0},{"event_name":"Colosseum","player_choice":"Fought Nobs","floor":19,"damage_taken":0}],"is_beta":false,"boss_relics":[{"not_picked":["Runic Pyramid","Ectoplasm"],"picked":"Fusion Hammer"}],"items_purged_floors":[],"is_endless":false,"potions_floor_spawned":[4,11,13,16,18],"killed_by":"Colosseum Nobs","ascension_level":0}