{"gold_per_floor":[112,112,127,127,143,170,170,44,67,102,112,112,135,150,150,150],"floor_reached":16,"playtime":781,"items_purged":["Strike_B"],"score":154,"play_id":"a333c949-c91c-4eab-9990-f06d55eaddeb","local_time":"20190115145243","is_ascension_mode":true,"campfire_choices":[{"floor":7,"key":"REST"},{"data":"Defragment","floor":15,"key":"SMITH"}],"neow_cost":"PERCENT_DAMAGE","seed_source_timestamp":34173896824221,"circlet_count":0,"master_deck":["Strike_B+1","Strike_B+1","Defend_B+1","Defend_B","Defend_B","Defend_B","Zap","Dualcast","Chaos","Rebound","Compile Driver","Defragment+1","Go for the Eyes+1","Ball Lightning","Melter"],"relics":["Cracked Core","Anchor","Blood Vial","Whetstone","Odd Mushroom"],"potions_floor_usage":[6,13,16],"damage_taken":[{"damage":8,"enemies":"2 Louse","floor":1,"turns":2},{"damage":8,"enemies":"Small Slimes","floor":3,"turns":5},{"damage":1,"enemies":"Cultist","floor":5,"turns":4},{"damage":41,"enemies":"3 Sentries","floor":6,"turns":9},{"damage":12,"enemies":"Lagavulin","floor":10,"turns":7},{"damage":0,"enemies":"Looter","floor":11,"turns":2},{"damage":0,"enemies":"The Mushroom Lair","floor":13,"turns":3},{"damage":8,"enemies":"Exordium Thugs","floor":14,"turns":4},{"damage":12,"enemies":"Hexaghost","floor":16,"turns":7}],"seed_played":"5846870678751766078","potions_obtained":[{"floor":1,"key":"Regen Potion"},{"floor":3,"key":"Weak Potion"},{"floor":10,"key":"Strength Potion"},{"floor":11,"key":"Weak Potion"}],"is_trial":false,"path_per_floor":["M","?","M","?","M","E","R","$","T","E","M","?","?","M","R","B"],"character_chosen":"DEFECT","items_purchased":["Go for the Eyes"],"campfire_rested":1,"item_purchase_floors":[8],"current_hp_per_floor":[56,38,30,30,29,3,29,29,29,19,21,14,16,10,10,0],"gold":150,"neow_bonus":"TWENTY_PERCENT_HP_BONUS","is_prod":false,"is_daily":false,"chose_seed":false,"campfire_upgraded":1,"win_rate":0,"timestamp":1547585563,"path_taken":["M","?","M","?","M","E","R","$","T","E","M","?","?","M","R","BOSS"],"build_version":"2019-01-10","purchased_purges":1,"victory":false,"max_hp_per_floor":[89,89,89,89,89,89,89,89,89,89,89,89,89,89,89,89],"card_choices":[{"not_picked":["Blizzard","Steam"],"picked":"Chaos","floor":1},{"not_picked":["Redo","Reinforced Body"],"picked":"Rebound","floor":3},{"not_picked":["Reinforced Body","Sunder"],"picked":"Compile Driver","floor":5},{"not_picked":["Redo","Compile Driver"],"picked":"Defragment","floor":6},{"not_picked":["Leap","Stack"],"picked":"Ball Lightning","floor":10},{"not_picked":["Rebound","Scrape"],"picked":"Melter","floor":11},{"not_picked":["Fusion","Blizzard","Amplify"],"picked":"SKIP","floor":14}],"player_experience":624479,"relics_obtained":[{"floor":6,"key":"Anchor"},{"floor":9,"key":"Blood Vial"},{"floor":10,"key":"Whetstone"},{"floor":13,"key":"Odd Mushroom"}],"event_choices":[{"damage_healed":0,"gold_gain":0,"player_choice":"Entered Light","damage_taken":18,"max_hp_gain":0,"max_hp_loss":0,"event_name":"Shining Light","floor":2,"gold_loss":0,"cards_upgraded":["Defend_B","Strike_B"]},{"damage_healed":0,"gold_gain":0,"player_choice":"Ignored","damage_taken":0,"max_hp_gain":0,"max_hp_loss":0,"event_name":"Liars Game","floor":4,"gold_loss":0},{"cards_removed":["Strike_B"],"damage_healed":0,"gold_gain":0,"player_choice":"Card Removal","damage_taken":7,"max_hp_gain":0,"max_hp_loss":0,"event_name":"Golden Wing","floor":12,"gold_loss":0},{"damage_healed":0,"gold_gain":0,"player_choice":"Fought Mushrooms","damage_taken":0,"max_hp_gain":0,"max_hp_loss":0,"event_name":"Mushrooms","floor":13,"gold_loss":0}],"is_beta":false,"boss_relics":[],"items_purged_floors":[8],"is_endless":false,"potions_floor_spawned":[1,3,10,11],"killed_by":"Hexaghost","ascension_level":8}