{"gold_per_floor":[115,190,207,219,219,219,219,233,309,326,326,75,75,85,85,186,186,198,198,52,52,64,91,91,91,91,102,129,129,211,227,227,332,332,345,108,125,125,0,26,42,42,95,95,105,121,121,190,190,190],"floor_reached":50,"playtime":5376,"items_purged":["Strike_B","Defend_B","Writhe"],"score":500,"play_id":"fd8d43cf-71cf-4d85-aeac-2b60ff9e3be6","local_time":"20190219224053","is_ascension_mode":false,"campfire_choices":[{"data":"Zap","floor":6,"key":"SMITH"},{"data":"Redo","floor":11,"key":"SMITH"},{"data":"Cold Snap","floor":13,"key":"SMITH"},{"floor":15,"key":"REST"},{"floor":25,"key":"REST"},{"data":"Capacitor","floor":29,"key":"SMITH"},{"floor":32,"key":"REST"},{"floor":42,"key":"DIG"},{"floor":44,"key":"DIG"},{"floor":49,"key":"DIG"}],"neow_cost":"NONE","seed_source_timestamp":72778813673813,"circlet_count":0,"master_deck":["Strike_B","Strike_B","Defend_B","Defend_B","Defend_B","Zap+1","Dualcast","Capacitor+1","Redo+1","Glacier+1","Cold Snap+1","Chill+1","Blizzard","Conserve Battery+1","Rainbow+1","Redo+1","Glacier+1","Redo+1","Defragment+1","Rainbow+1","Fission+1","Barrage","Ball Lightning","Dark Shackles+1","Compile Driver+1","Capacitor+1","Self Repair+1","Static Discharge+1"],"relics":["FrozenCore","Bag of Preparation","Toxic Egg 2","Darkstone Periapt","Ancient Tea Set","Question Card","Shovel","Kunai","Eternal Feather","Blood Vial","Meat on the Bone","Pen Nib","Nunchaku","Shuriken","Vajra"],"potions_floor_usage":[8,10,28,33,33,33,40,41,50],"damage_taken":[{"damage":10,"enemies":"Small Slimes","floor":1,"turns":3},{"damage":4,"enemies":"2 Louse","floor":3,"turns":2},{"damage":1,"enemies":"Jaw Worm","floor":4,"turns":4},{"damage":0,"enemies":"2 Fungi Beasts","floor":8,"turns":4},{"damage":0,"enemies":"Blue Slaver","floor":10,"turns":2},{"damage":0,"enemies":"Lots of Slimes","floor":14,"turns":4},{"damage":34,"enemies":"Slime Boss","floor":16,"turns":13},{"damage":0,"enemies":"Shell Parasite","floor":18,"turns":7},{"damage":14,"enemies":"Spheric Guardian","floor":22,"turns":5},{"damage":45,"enemies":"Gremlin Leader","floor":23,"turns":7},{"damage":3,"enemies":"Centurion and Healer","floor":27,"turns":7},{"damage":15,"enemies":"Slavers","floor":28,"turns":7},{"damage":13,"enemies":"3 Cultists","floor":31,"turns":7},{"damage":4,"enemies":"Collector","floor":33,"turns":9},{"damage":0,"enemies":"Orb Walker","floor":35,"turns":5},{"damage":19,"enemies":"3 Darklings","floor":37,"turns":4},{"damage":38,"enemies":"Giant Head","floor":40,"turns":9},{"damage":0,"enemies":"Sphere and 2 Shapes","floor":41,"turns":5},{"damage":7,"enemies":"4 Shapes","floor":45,"turns":7},{"damage":21,"enemies":"3 Darklings","floor":46,"turns":6},{"damage":82,"enemies":"Awakened One","floor":50,"turns":10}],"seed_played":"-1040753198160139507","potions_obtained":[{"floor":1,"key":"SkillPotion"},{"floor":8,"key":"Fire Potion"},{"floor":14,"key":"Energy Potion"},{"floor":22,"key":"EssenceOfSteel"},{"floor":28,"key":"FocusPotion"},{"floor":31,"key":"Swift Potion"},{"floor":33,"key":"SpeedPotion"},{"floor":37,"key":"Fire Potion"},{"floor":40,"key":"Swift Potion"}],"is_trial":false,"path_per_floor":["M","?","M","M","?","R","?","M","T","M","R","$","R","M","R","B",null,"M","?","$","?","M","E","?","R","T","M","E","R","T","M","R","B",null,"M","$","M","?","$","E","M","R","T","R","M","M","?","T","R","B"],"character_chosen":"DEFECT","items_purchased":["Cold Snap","Chill+1","Blizzard","Redo+1","Fission+1","Barrage","Ball Lightning"],"campfire_rested":3,"item_purchase_floors":[12,12,12,20,36,36,36],"current_hp_per_floor":[72,61,57,56,56,56,44,44,44,44,44,44,44,44,68,34,82,82,82,82,88,74,29,29,55,55,52,37,37,37,24,50,46,88,88,88,69,69,69,31,33,48,48,63,58,61,61,61,76,0],"gold":190,"neow_bonus":"TEN_PERCENT_HP_BONUS","is_prod":false,"is_daily":false,"chose_seed":false,"campfire_upgraded":4,"win_rate":0.0,"timestamp":1550634053,"path_taken":["M","?","M","M","?","R","?","M","T","M","R","$","R","M","R","BOSS","M","?","$","?","M","E","?","R","T","M","E","R","?","M","R","BOSS","M","$","M","?","$","E","M","R","T","R","M","M","?","?","R","BOSS"],"build_version":"2019-01-23","purchased_purges":3,"victory":false,"max_hp_per_floor":[82,82,82,82,82,82,82,82,82,82,82,82,82,82,82,82,82,82,82,82,88,88,88,88,88,88,88,88,88,88,88,88,88,88,88,88,88,88,88,88,88,88,88,88,88,88,88,88,88,88],"card_choices":[{"not_picked":["Ball Lightning","Compile Driver"],"picked":"Capacitor","floor":1},{"not_picked":["Blizzard","Stack","Compile Driver"],"picked":"SKIP","floor":3},{"not_picked":["Sweeping Beam","Skim","Streamline"],"picked":"SKIP","floor":4},{"not_picked":["Go for the Eyes","Leap"],"picked":"Redo","floor":8},{"not_picked":["Leap+1","Go for the Eyes"],"picked":"Glacier+1","floor":10},{"not_picked":["White Noise+1","Steam+1"],"picked":"Conserve Battery+1","floor":14},{"not_picked":["Machine Learning","Hyperbeam"],"picked":"Rainbow+1","floor":16},{"not_picked":["Scrape","Steam+1","Leap+1"],"picked":"SKIP","floor":18},{"not_picked":["Turbo+1","Chill+1"],"picked":"Barrage+1","floor":22},{"not_picked":["Genetic Algorithm+1","Melter"],"picked":"Glacier+1","floor":23},{"not_picked":["Stack+1","Beam Cell","Consume+1"],"picked":"Redo+1","floor":27},{"not_picked":["Double Energy+1","Storm","Consume+1","Streamline+1"],"picked":"SKIP","floor":28},{"not_picked":["Undo+1","Compile Driver","Beam Cell+1"],"picked":"Defragment+1","floor":31},{"not_picked":["Multi-Cast+1","Core Surge","Machine Learning"],"picked":"Rainbow+1","floor":33},{"not_picked":["Steam+1","Streamline","Go for the Eyes+1","Beam Cell"],"picked":"SKIP","floor":35},{"not_picked":["Reinforced Body+1","Scrape+1","Self Repair","Amplify+1"],"picked":"SKIP","floor":37},{"not_picked":["Swift Strike","Jack Of All Trades+1","Trip+1"],"picked":"Dark Shackles+1","floor":38},{"not_picked":["Sunder+1","Recycle+1","Machine Learning"],"picked":"Compile Driver+1","floor":40},{"not_picked":["Beam Cell+1","Leap+1","Conserve Battery+1"],"picked":"Capacitor+1","floor":41},{"not_picked":["Skim+1","Recycle+1","Chill+1"],"picked":"Self Repair+1","floor":45},{"not_picked":["Hologram+1","Steam+1","Leap+1"],"picked":"Static Discharge+1","floor":46}],"player_experience":108714,"relics_obtained":[{"floor":9,"key":"Toxic Egg 2"},{"floor":23,"key":"Ancient Tea Set"},{"floor":26,"key":"Question Card"},{"floor":28,"key":"Shovel"},{"floor":30,"key":"Kunai"},{"floor":40,"key":"Blood Vial"},{"floor":42,"key":"Meat on the Bone"},{"floor":43,"key":"Pen Nib"},{"floor":44,"key":"Nunchaku"},{"floor":48,"key":"Shuriken"},{"floor":49,"key":"Vajra"}],"event_choices":[{"damage_healed":0,"gold_gain":75,"player_choice":"Gather Gold","damage_taken":11,"max_hp_gain":0,"max_hp_loss":0,"event_name":"World of Goop","floor":2,"gold_loss":0},{"cards_removed":["Strike_B"],"damage_healed":0,"gold_gain":0,"player_choice":"Forget","damage_taken":0,"max_hp_gain":0,"max_hp_loss":0,"event_name":"Living Wall","floor":5,"gold_loss":0},{"damage_healed":0,"gold_gain":0,"player_choice":"Success","damage_taken":12,"relics_obtained":["Bag of Preparation"],"max_hp_gain":0,"max_hp_loss":0,"event_name":"Scrap Ooze","floor":7,"gold_loss":0},{"damage_healed":0,"gold_gain":0,"player_choice":"Ignored","damage_taken":0,"max_hp_gain":0,"max_hp_loss":0,"event_name":"Vampires","floor":19,"gold_loss":0},{"damage_healed":0,"gold_gain":0,"player_choice":"Opened","damage_taken":0,"relics_obtained":["Darkstone Periapt"],"max_hp_gain":0,"max_hp_loss":0,"event_name":"The Mausoleum","floor":21,"gold_loss":0,"cards_obtained":["Writhe"]},{"damage_healed":0,"gold_gain":0,"player_choice":"Ignored","damage_taken":0,"max_hp_gain":0,"max_hp_loss":0,"event_name":"Ghosts","floor":24,"gold_loss":0},{"damage_healed":0,"gold_gain":0,"player_choice":"Memory 1","damage_taken":0,"max_hp_gain":0,"max_hp_loss":0,"event_name":"SensoryStone","floor":38,"gold_loss":0},{"cards_removed":["Barrage"],"damage_healed":0,"gold_gain":0,"player_choice":"Removed Attack","damage_taken":0,"max_hp_gain":0,"max_hp_loss":0,"event_name":"Falling","floor":47,"gold_loss":0}],"is_beta":false,"boss_relics":[{"not_picked":["Ectoplasm","Black Star"],"picked":"FrozenCore"},{"not_picked":["Lizard Tail","Busted Crown"],"picked":"Eternal Feather"}],"items_purged_floors":[12,20,39],"is_endless":false,"potions_floor_spawned":[1,8,14,22,28,31,33,37,40],"killed_by":"Awakened One","ascension_level":0}