{"gold_per_floor":[114,128,128,138,213,213,163,190,213,226,226],"floor_reached":11,"playtime":346,"items_purged":[],"score":117,"play_id":"5b2ae62b-f600-4b40-a252-6d4b1f5573fa","local_time":"20190128192048","is_ascension_mode":true,"campfire_choices":[{"data":"Zap","floor":6,"key":"SMITH"}],"neow_cost":"PERCENT_DAMAGE","seed_source_timestamp":1173971157106681,"circlet_count":0,"master_deck":["AscendersBane","Strike_B","Strike_B","Strike_B","Defend_B","Defend_B","Defend_B","Defend_B","Zap+1","Dualcast","Electrodynamics","Undo","FTL","Go for the Eyes","Conserve Battery","Capacitor"],"relics":["Cracked Core","Omamori","Juzu Bracelet"],"potions_floor_usage":[2,11,11],"damage_taken":[{"damage":0,"enemies":"Small Slimes","floor":1,"turns":3},{"damage":2,"enemies":"Jaw Worm","floor":2,"turns":4},{"damage":0,"enemies":"Cultist","floor":4,"turns":3},{"damage":25,"enemies":"3 Sentries","floor":8,"turns":6},{"damage":9,"enemies":"Large Slime","floor":10,"turns":5},{"damage":18,"enemies":"Gremlin Nob","floor":11,"turns":3}],"seed_played":"4129379864404392424","potions_obtained":[{"floor":1,"key":"Swift Potion"},{"floor":8,"key":"Explosive Potion"},{"floor":10,"key":"AttackPotion"}],"is_trial":false,"path_per_floor":["M","M","?","M","?","R","?","E","T","M","E"],"character_chosen":"DEFECT","items_purchased":[],"campfire_rested":0,"item_purchase_floors":[],"current_hp_per_floor":[50,48,53,53,42,42,42,17,17,8,0],"gold":226,"neow_bonus":"THREE_RARE_CARDS","is_prod":false,"is_daily":false,"chose_seed":false,"campfire_upgraded":1,"win_rate":0,"timestamp":1548724848,"path_taken":["M","M","?","M","?","R","?","E","T","M","E"],"build_version":"2019-01-23","purchased_purges":0,"victory":false,"max_hp_per_floor":[75,75,80,80,80,80,80,80,80,80,80],"card_choices":[{"not_picked":["Core Surge","Biased Cognition"],"picked":"Electrodynamics","floor":0},{"not_picked":["Sweeping Beam","Beam Cell"],"picked":"Undo","floor":1},{"not_picked":["Skim","Recycle"],"picked":"FTL","floor":2},{"not_picked":["Steam","Streamline"],"picked":"Go for the Eyes","floor":4},{"not_picked":["Hello World","Beam Cell"],"picked":"Conserve Battery","floor":8},{"not_picked":["Sweeping Beam","Ball Lightning"],"picked":"Capacitor","floor":10}],"player_experience":911400,"relics_obtained":[{"floor":8,"key":"Omamori"},{"floor":9,"key":"Juzu Bracelet"}],"event_choices":[{"damage_healed":0,"gold_gain":0,"player_choice":"Donut","damage_taken":0,"max_hp_gain":5,"max_hp_loss":0,"event_name":"Big Fish","floor":3,"gold_loss":0},{"damage_healed":0,"gold_gain":75,"player_choice":"Gather Gold","damage_taken":11,"max_hp_gain":0,"max_hp_loss":0,"event_name":"World of Goop","floor":5,"gold_loss":0},{"cards_removed":["Strike_B"],"damage_healed":0,"gold_gain":0,"player_choice":"Card Removal","damage_taken":0,"max_hp_gain":0,"max_hp_loss":0,"event_name":"The Cleric","floor":7,"gold_loss":50}],"is_beta":false,"boss_relics":[],"items_purged_floors":[],"is_endless":false,"potions_floor_spawned":[1,8,10],"killed_by":"Gremlin Nob","ascension_level":12}