{"gold_per_floor":[119,194,214,224,8,21,21,21,21,9,9,48,62,87,87,218,218,242,157,178,140,159,159,179,179,205,205,205,249,249],"floor_reached":30,"playtime":1212,"items_purged":["Defend_B"],"score":250,"play_id":"a252f82a-f5d3-45fe-81a0-bbffa7a3be14","local_time":"20181012225627","is_ascension_mode":false,"campfire_choices":[{"data":"Zap","floor":7.0,"key":"SMITH"},{"data":"Dualcast","floor":11.0,"key":"SMITH"},{"data":"Sunder","floor":15.0,"key":"SMITH"},{"data":"Blizzard","floor":23.0,"key":"SMITH"},{"data":"Self Repair","floor":27,"key":"SMITH"}],"neow_cost":"NONE","seed_source_timestamp":0,"circlet_count":0,"master_deck":["Strike_B","Strike_B","Strike_B","Defend_B","Defend_B","Defend_B","Zap+1","Dualcast+1","Cold Snap","Self Repair+1","Aggregate","Sunder+1","FTL","Coolheaded","Reinforced Body","Blizzard+1","Leap","Electrodynamics","Turbo+1","Doom and Gloom","Beam Cell","Sweeping Beam","Self Repair"],"special_seed":0,"relics":["Cracked Core","NeowsBlessing","Membership Card","Golden Idol","FossilizedHelix","Turnip","Nuclear Battery","Letter Opener","Regal Pillow","Strawberry"],"potions_floor_usage":[30],"damage_taken":[{"damage":0.0,"enemies":"2 Louse","floor":1.0,"turns":1.0},{"damage":0.0,"enemies":"Jaw Worm","floor":3.0,"turns":1.0},{"damage":0.0,"enemies":"Cultist","floor":4.0,"turns":1.0},{"damage":8.0,"enemies":"Exordium Wildlife","floor":6.0,"turns":4.0},{"damage":32.0,"enemies":"Gremlin Nob","floor":12.0,"turns":6.0},{"damage":0.0,"enemies":"Large Slime","floor":13.0,"turns":5.0},{"damage":0.0,"enemies":"3 Louse","floor":14.0,"turns":3.0},{"damage":19.0,"enemies":"Hexaghost","floor":16.0,"turns":13.0},{"damage":16.0,"enemies":"Chosen","floor":18.0,"turns":6.0},{"damage":5.0,"enemies":"Shell Parasite","floor":20.0,"turns":9.0},{"damage":0.0,"enemies":"Cultist and Chosen","floor":22.0,"turns":4.0},{"damage":12,"enemies":"Centurion and Healer","floor":24,"turns":7},{"damage":63,"enemies":"Book of Stabbing","floor":29,"turns":7},{"damage":18,"enemies":"3 Cultists","floor":30,"turns":3}],"seed_played":"-7939685661568803853","potions_obtained":[{"floor":3.0,"key":"PowerPotion"},{"floor":12.0,"key":"Block Potion"},{"floor":13.0,"key":"Explosive Potion"},{"floor":20.0,"key":"SpeedPotion"},{"floor":29,"key":"Ancient Potion"}],"is_trial":false,"path_per_floor":["M","?","M","M","$","M","R","?","T","$","R","E","M","M","R","B",null,"M","?","M","$","M","R","M","?","T","R","?","E"],"character_chosen":"DEFECT","items_purchased":["Membership Card","Sunder","Coolheaded"],"campfire_rested":0,"item_purchase_floors":[5,5,10],"current_hp_per_floor":[75,64,64,64,64,63,63,63,63,63,63,38,45,45,45,33,69,60,60,62,62,69,69,64,64,64,64,64,18,0],"gold":249,"neow_bonus":"THREE_ENEMY_KILL","is_prod":false,"is_daily":false,"chose_seed":false,"campfire_upgraded":5,"win_rate":0,"timestamp":1539377787,"path_taken":["M","?","M","M","$","M","R","?","T","?","R","E","M","?","R","BOSS","M","?","M","$","M","R","M","?","T","R","?","E","?"],"build_version":"2018-10-11","purchased_purges":1,"victory":false,"max_hp_per_floor":[75,75,75,75,75,75,75,69,69,69,69,69,69,69,69,69,69,69,69,69,69,69,69,69,69,69,69,69,76,76],"card_choices":[{"not_picked":["Steam","Turbo"],"picked":"Cold Snap","floor":1.0},{"not_picked":["Beam Cell","Reprogram"],"picked":"Self Repair","floor":3.0},{"not_picked":["Consume","Scrape"],"picked":"Aggregate","floor":4.0},{"not_picked":["Darkness","Consume"],"picked":"FTL","floor":6.0},{"not_picked":["Scrape","Conserve Battery"],"picked":"Reinforced Body","floor":12.0},{"not_picked":["Coolheaded","Barrage"],"picked":"Blizzard","floor":13.0},{"not_picked":["Heatsinks","Stack"],"picked":"Leap","floor":14.0},{"not_picked":["All For One","Rainbow"],"picked":"Electrodynamics","floor":16.0},{"not_picked":["Darkness","Rebound"],"picked":"Turbo+1","floor":18.0},{"not_picked":["Redo+1","Barrage"],"picked":"Doom and Gloom","floor":20.0},{"not_picked":["Hologram","Rebound"],"picked":"Beam Cell","floor":22.0},{"not_picked":["Genetic Algorithm+1","Steam"],"picked":"Sweeping Beam","floor":24},{"not_picked":["Doom and Gloom+1","Barrage+1"],"picked":"Self Repair","floor":29}],"player_experience":205190,"relics_obtained":[{"floor":9.0,"key":"FossilizedHelix"},{"floor":12.0,"key":"Turnip"},{"floor":26,"key":"Regal Pillow"},{"floor":29,"key":"Strawberry"}],"event_choices":[{"event_name":"World of Goop","player_choice":"Gather Gold","floor":2.0,"damage_taken":0.0},{"event_name":"Golden Idol","player_choice":"Lose Max HP","floor":8.0,"damage_taken":0.0},{"event_name":"Addict","player_choice":"Obtained Relic","floor":19.0,"damage_taken":0.0},{"event_name":"Back to Basics","player_choice":"Elegance","floor":25,"damage_taken":0},{"event_name":"Vampires","player_choice":"Ignored","floor":28,"damage_taken":0}],"is_beta":false,"boss_relics":[{"not_picked":["Tiny House","White Beast Statue"],"picked":"Nuclear Battery"}],"items_purged_floors":[21],"is_endless":false,"potions_floor_spawned":[3,12,13,20,29],"killed_by":"3 Cultists","ascension_level":0}