{"gold_per_floor":[111,0,0,18,18,59,59,92,92,4,4,18,39,64,64,183,183,204,204,229,245,259,259,295,318,344,344,359,359,359,359,359,359],"floor_reached":33,"playtime":1317,"items_purged":["Defend_R","Strike_R"],"score":291,"play_id":"ae634ecc-2418-42de-83cc-351d847b6c2a","local_time":"20181209184611","is_ascension_mode":true,"campfire_choices":[{"data":"Body Slam","floor":7,"key":"SMITH"},{"floor":11,"key":"REST"},{"data":"Armaments","floor":15,"key":"SMITH"},{"data":"Bloodletting","floor":23,"key":"SMITH"},{"floor":27,"key":"REST"},{"floor":30,"key":"REST"},{"data":"Flame Barrier","floor":32,"key":"SMITH"}],"neow_cost":"NONE","seed_source_timestamp":598379058075971,"circlet_count":0,"master_deck":["Strike_R","Strike_R","Strike_R","Strike_R","Defend_R","Defend_R","Defend_R","Bash+1","Armaments+1","Spot Weakness","Battle Trance","Body Slam+1","Cleave","Whirlwind","True Grit+1","Dropkick","Barricade","Feel No Pain","Whirlwind","Bloodletting+1","Disarm","Flex","Flame Barrier+1"],"relics":["Burning Blood","Bloody Idol","Ornamental Fan","Anchor","MawBank","Philosopher\u0027s Stone","Turnip","Juzu Bracelet"],"potions_floor_usage":[6,8,20,20,25,33],"damage_taken":[{"damage":5,"enemies":"Small Slimes","floor":1,"turns":3},{"damage":3,"enemies":"Jaw Worm","floor":4,"turns":5},{"damage":34,"enemies":"Lagavulin","floor":6,"turns":7},{"damage":35,"enemies":"Gremlin Nob","floor":8,"turns":4},{"damage":0,"enemies":"2 Louse","floor":12,"turns":2},{"damage":0,"enemies":"Gremlin Gang","floor":13,"turns":3},{"damage":6,"enemies":"Large Slime","floor":14,"turns":4},{"damage":36,"enemies":"The Guardian","floor":16,"turns":10},{"damage":1,"enemies":"Chosen","floor":18,"turns":4},{"damage":3,"enemies":"2 Thieves","floor":20,"turns":4},{"damage":7,"enemies":"Snecko","floor":21,"turns":5},{"damage":30,"enemies":"Snake Plant","floor":22,"turns":5},{"damage":41,"enemies":"Book of Stabbing","floor":24,"turns":5},{"damage":2,"enemies":"Centurion and Healer","floor":25,"turns":4},{"damage":18,"enemies":"Snecko","floor":28,"turns":5},{"damage":65,"enemies":"Automaton","floor":33,"turns":6}],"seed_played":"1578732350032408150","potions_obtained":[{"floor":1,"key":"SkillPotion"},{"floor":6,"key":"SteroidPotion"},{"floor":12,"key":"GamblersBrew"},{"floor":13,"key":"Weak Potion"},{"floor":16,"key":"Block Potion"},{"floor":20,"key":"Ancient Potion"},{"floor":24,"key":"AttackPotion"},{"floor":28,"key":"SkillPotion"}],"is_trial":false,"path_per_floor":["M","$","?","M","?","E","R","E","T","$","R","M","M","M","R","B",null,"M","?","M","M","M","R","E","M","T","R","M","?","R","?","R","B"],"character_chosen":"IRONCLAD","items_purchased":["Spot Weakness"],"campfire_rested":3,"item_purchase_floors":[2],"current_hp_per_floor":[80,80,80,80,74,46,46,17,17,17,39,45,51,51,51,21,74,74,74,74,73,49,49,14,18,18,40,28,28,50,50,50,0],"gold":359,"neow_bonus":"UPGRADE_CARD","is_prod":false,"is_daily":false,"chose_seed":false,"campfire_upgraded":4,"win_rate":0,"timestamp":1544377571,"path_taken":["M","$","?","M","?","E","R","E","T","?","R","M","M","M","R","BOSS","M","?","M","M","?","R","E","M","T","R","M","?","R","?","R","BOSS"],"build_version":"2018-12-06","purchased_purges":2,"victory":false,"max_hp_per_floor":[80,80,80,80,74,74,74,74,74,74,74,74,74,74,74,74,74,74,74,74,74,74,74,74,74,74,74,74,74,74,74,74,74],"card_choices":[{"not_picked":["Pommel Strike","Disarm"],"picked":"Armaments","floor":1},{"not_picked":["Ghostly Armor","Thunderclap"],"picked":"Battle Trance","floor":4},{"not_picked":["Power Through","Cleave"],"picked":"Body Slam","floor":6},{"not_picked":["Havoc","Thunderclap"],"picked":"Cleave","floor":8},{"not_picked":["Carnage","Shrug It Off"],"picked":"Whirlwind","floor":12},{"not_picked":["Warcry","Bludgeon"],"picked":"True Grit","floor":13},{"not_picked":["Havoc","Hemokinesis"],"picked":"Dropkick","floor":14},{"not_picked":["Juggernaut","Dark Embrace"],"picked":"Barricade","floor":16},{"not_picked":["Havoc","Cleave","Clash+1"],"picked":"SKIP","floor":18},{"not_picked":["Clash","Second Wind"],"picked":"Feel No Pain","floor":20},{"not_picked":["Havoc+1","Thunderclap"],"picked":"Whirlwind","floor":21},{"not_picked":["Shockwave","Heavy Blade"],"picked":"Bloodletting","floor":22},{"not_picked":["Warcry","Thunderclap"],"picked":"Disarm","floor":24},{"not_picked":["Havoc","Sever Soul"],"picked":"Flex","floor":25},{"not_picked":["Pommel Strike","Offering"],"picked":"Flame Barrier","floor":28}],"player_experience":378314,"relics_obtained":[{"floor":6,"key":"Ornamental Fan"},{"floor":8,"key":"Anchor"},{"floor":9,"key":"MawBank"},{"floor":24,"key":"Turnip"},{"floor":26,"key":"Juzu Bracelet"}],"event_choices":[{"damage_healed":0,"gold_gain":0,"player_choice":"Leave","damage_taken":0,"max_hp_gain":0,"max_hp_loss":0,"event_name":"The Cleric","floor":3,"gold_loss":0},{"damage_healed":0,"gold_gain":0,"player_choice":"Lose Max HP","damage_taken":0,"relics_obtained":["Golden Idol"],"max_hp_gain":0,"max_hp_loss":6,"event_name":"Golden Idol","floor":5,"gold_loss":0},{"damage_healed":0,"gold_gain":0,"player_choice":"Upgraded","damage_taken":0,"max_hp_gain":0,"max_hp_loss":0,"event_name":"Upgrade Shrine","floor":19,"gold_loss":0,"cards_upgraded":["True Grit"]},{"damage_healed":0,"gold_gain":0,"player_choice":"Ignored","damage_taken":0,"max_hp_gain":0,"max_hp_loss":0,"event_name":"Vampires","floor":29,"gold_loss":0},{"damage_healed":0,"gold_gain":0,"player_choice":"Gave Idol","damage_taken":0,"relics_obtained":["Bloody Idol"],"max_hp_gain":0,"max_hp_loss":0,"event_name":"Forgotten Altar","floor":31,"relics_lost":["Golden Idol"],"gold_loss":0}],"is_beta":false,"boss_relics":[{"not_picked":["Mark of Pain","Coffee Dripper"],"picked":"Philosopher\u0027s Stone"}],"items_purged_floors":[2,10],"is_endless":false,"potions_floor_spawned":[1,6,12,13,16,20,24,28],"killed_by":"Automaton","ascension_level":1}