{"path_per_floor":["M","M","?","?","?","E","R","$","T","E","M","M","R","E","R","B",null,"M","?","M","?","$","E","?","M","T","R","M","M","E","?","R"],"character_chosen":"IRONCLAD","items_purchased":["Iron Wave","Shuriken"],"gold_per_floor":[118,128,98,48,48,80,80,35,59,90,106,124,124,157,157,255,285,304,304,314,314,64,98,13,29,29,29,47,63,89,89,89,89],"floor_reached":33,"campfire_rested":3,"playtime":4354,"item_purchase_floors":[8,22],"current_hp_per_floor":[74,62,67,67,50,36,65,65,65,56,55,44,73,72,72,23,104,104,72,62,62,62,30,30,21,21,57,48,64,62,67,67,0],"items_purged":[],"gold":89,"score":343,"play_id":"8906461d-2e8f-4b4c-ad08-1c8e30133b5f","local_time":"20180524223007","is_prod":false,"is_daily":false,"chose_seed":false,"is_ascension_mode":true,"campfire_upgraded":2,"win_rate":0,"timestamp":1527215407,"campfire_choices":[{"floor":7,"key":"REST"},{"floor":13,"key":"REST"},{"data":"Armaments","floor":15,"key":"SMITH"},{"floor":27,"key":"REST"},{"data":"Limit Break","floor":32,"key":"SMITH"}],"path_taken":["M","M","?","?","?","E","R","?","T","E","?","M","R","E","R","BOSS","M","?","M","?","$","E","?","M","T","R","M","?","E","?","R","BOSS"],"build_version":"2018-05-24","seed_source_timestamp":0,"purchased_purges":0,"victory":false,"master_deck":["Defend_R","Defend_R","Defend_R","Defend_R","Inflame+1","Iron Wave","Barricade","Cleave","Heavy Blade","Armaments+1","Limit Break+1","Heavy Blade","Bite","Bite","Bite","Bite","Bite","Iron Wave+1","Flex","Cleave","Reaper","Fire Breathing+1","Body Slam+1","Seeing Red","Clash"],"max_hp_per_floor":[80,80,85,85,85,99,99,99,99,99,99,99,99,99,99,99,104,104,72,72,72,72,72,72,72,72,72,72,72,72,72,72,72],"relics":["White Beast Statue","Mango","Happy Flower","Mummified Hand","Dream Catcher","Tiny House","Shuriken","Bag of Preparation","Torii","Regal Pillow","Omamori"],"card_choices":[{"not_picked":["Body Slam","Fire Breathing"],"picked":"Inflame","floor":1},{"not_picked":["Second Wind","Rupture"],"picked":"Shrug It Off","floor":2},{"not_picked":["Second Wind","Sentinel","True Grit"],"picked":"SKIP","floor":6},{"not_picked":["Wild Strike","Cleave"],"picked":"Barricade","floor":10},{"not_picked":["Pommel Strike","Havoc"],"picked":"Cleave","floor":11},{"not_picked":["Blood for Blood","Perfected Strike"],"picked":"Heavy Blade","floor":12},{"not_picked":["Perfected Strike","Clash"],"picked":"Armaments","floor":14},{"not_picked":["Immolate","Double Tap"],"picked":"Limit Break","floor":16},{"not_picked":["Rampage+1","Evolve+1"],"picked":"Heavy Blade","floor":18},{"not_picked":["Clash+1","Burning Pact"],"picked":"Iron Wave+1","floor":20},{"not_picked":["Headbutt+1","Battle Trance"],"picked":"Cleave","floor":23},{"not_picked":["Bloodletting+1","Fire Breathing"],"picked":"Reaper","floor":25},{"not_picked":["Feel No Pain","Clash+1"],"picked":"Fire Breathing+1","floor":27},{"not_picked":["Shrug It Off","Wild Strike+1"],"picked":"Body Slam+1","floor":28},{"not_picked":["Armaments","Anger"],"picked":"Seeing Red","floor":29},{"not_picked":["Headbutt","Clothesline+1"],"picked":"Clash","floor":30}],"player_experience":316285,"potions_floor_usage":[3,6,6,10,11,14,16,23,23,23,30,30,33,33],"damage_taken":[{"damage":6,"enemies":"Cultist","floor":1,"turns":3},{"damage":12,"enemies":"Small Slimes","floor":2,"turns":3},{"damage":43,"enemies":"Lagavulin","floor":6,"turns":7},{"damage":9,"enemies":"3 Sentries","floor":10,"turns":7},{"damage":1,"enemies":"Jaw Worm","floor":11,"turns":2},{"damage":11,"enemies":"3 Louse","floor":12,"turns":3},{"damage":1,"enemies":"Gremlin Nob","floor":14,"turns":3},{"damage":49,"enemies":"Hexaghost","floor":16,"turns":12},{"damage":0,"enemies":"Chosen","floor":18,"turns":4},{"damage":22,"enemies":"Shell Parasite","floor":20,"turns":5},{"damage":51,"enemies":"Book of Stabbing","floor":23,"turns":6},{"damage":9,"enemies":"Snake Plant","floor":25,"turns":3},{"damage":27,"enemies":"Centurion and Healer","floor":28,"turns":8},{"damage":1,"enemies":"Cultist and Chosen","floor":29,"turns":6},{"damage":18,"enemies":"Gremlin Leader","floor":30,"turns":6},{"damage":112,"enemies":"Champ","floor":33,"turns":8}],"relics_obtained":[{"floor":6,"key":"Mango"},{"floor":9,"key":"Happy Flower"},{"floor":10,"key":"Mummified Hand"},{"floor":14,"key":"Dream Catcher"},{"floor":23,"key":"Bag of Preparation"},{"floor":26,"key":"Regal Pillow"},{"floor":30,"key":"Omamori"}],"event_choices":[{"event_name":"The Woman in Blue","player_choice":"Bought 2 Potions","floor":3,"damage_taken":0},{"event_name":"The Cleric","player_choice":"Card Removal","floor":4,"damage_taken":0},{"event_name":"Shining Light","player_choice":"Entered Light","floor":5,"damage_taken":0},{"event_name":"Vampires","player_choice":"Became a vampire","floor":19,"damage_taken":0},{"event_name":"The Library","player_choice":"Read","floor":21,"damage_taken":0},{"event_name":"Addict","player_choice":"Obtained Relic","floor":24,"damage_taken":0},{"event_name":"Bonfire Elementals","player_choice":"COMMON","floor":31,"damage_taken":0}],"boss_relics":[{"not_picked":["Velvet Choker","Orrery"],"picked":"Tiny House"}],"items_purged_floors":[],"potions_floor_spawned":[1,2,6,10,11,12,14,16,18,20,23,25,28,29,30],"seed_played":"8130325867904349210","killed_by":"Champ","ascension_level":1,"potions_obtained":[{"floor":1,"key":"Regen Potion"},{"floor":2,"key":"Fruit Juice"},{"floor":3,"key":"PowerPotion"},{"floor":3,"key":"SneckoOil"},{"floor":6,"key":"Explosive Potion"},{"floor":10,"key":"AttackPotion"},{"floor":11,"key":"Fire Potion"},{"floor":12,"key":"Swift Potion"},{"floor":14,"key":"EssenceOfSteel"},{"floor":16,"key":"Explosive Potion"},{"floor":17,"key":"Ancient Potion"},{"floor":18,"key":"Regen Potion"},{"floor":23,"key":"SkillPotion"},{"floor":25,"key":"GamblersBrew"},{"floor":28,"key":"Regen Potion"},{"floor":29,"key":"PowerPotion"},{"floor":30,"key":"PowerPotion"}],"is_trial":false}