{"gold_per_floor":[118,83,30,49,49,49,68,95,95,95,108,135,135,193,193,289,289,276,276,48,48,48,77,77,93,117,147,49,62,78,78,78,181,181,197,213,213,228,228,228,141,141,167,179,179,179,193,193,193,193],"floor_reached":51,"playtime":3856,"items_purged":["Strike_G","Strike_G","Strike_G"],"score":971,"play_id":"985f26bc-cb2d-4ced-8733-cd77dd27a35f","local_time":"20181130194111","is_ascension_mode":true,"campfire_choices":[{"data":"Neutralize","floor":6,"key":"SMITH"},{"data":"Tools of the Trade","floor":10,"key":"SMITH"},{"floor":15,"key":"REST"},{"data":"Sucker Punch","floor":24,"key":"SMITH"},{"floor":32,"key":"REST"},{"data":"Choke","floor":40,"key":"SMITH"},{"data":"Adrenaline","floor":42,"key":"SMITH"},{"floor":49,"key":"REST"}],"neow_cost":"PERCENT_DAMAGE","seed_source_timestamp":23257909939685,"circlet_count":0,"master_deck":["Defend_G","Defend_G","Defend_G","Defend_G","Strike_G","Survivor","Neutralize+1","Deadly Poison","Slice","Slice","Sucker Punch+1","Tools of the Trade+1","Leg Sweep","Die Die Die","Backstab","Adrenaline+1","Backflip+1","Caltrops","Dash","Deflect+1","Choke+1","Adrenaline+1","Prepared+1","Expertise+1","Finesse","Terror","Backflip+1"],"relics":["Ring of the Snake","Incense Burner","Question Card","Gremlin Horn","Smiling Mask","Tiny Chest","Busted Crown","Regal Pillow","Nunchaku","Lantern","Centennial Puzzle","Philosopher\u0027s Stone","Ancient Tea Set","Shuriken"],"potions_floor_usage":[8,18,23,27,27,33,50,50,50,50],"damage_taken":[{"damage":1,"enemies":"Small Slimes","floor":1,"turns":6},{"damage":0,"enemies":"Jaw Worm","floor":4,"turns":4},{"damage":1,"enemies":"Cultist","floor":7,"turns":4},{"damage":14,"enemies":"Lagavulin","floor":8,"turns":7},{"damage":7,"enemies":"Large Slime","floor":11,"turns":6},{"damage":19,"enemies":"3 Sentries","floor":12,"turns":12},{"damage":23,"enemies":"Lagavulin","floor":14,"turns":8},{"damage":20,"enemies":"The Guardian","floor":16,"turns":17},{"damage":2,"enemies":"2 Thieves","floor":18,"turns":4},{"damage":11,"enemies":"Slavers","floor":23,"turns":7},{"damage":0,"enemies":"3 Byrds","floor":25,"turns":5},{"damage":16,"enemies":"Gremlin Leader","floor":27,"turns":9},{"damage":2,"enemies":"Snecko","floor":29,"turns":5},{"damage":0,"enemies":"Centurion and Healer","floor":30,"turns":6},{"damage":0,"enemies":"Colosseum Slavers","floor":31,"turns":4},{"damage":58,"enemies":"Collector","floor":33,"turns":15},{"damage":3,"enemies":"3 Shapes","floor":35,"turns":5},{"damage":0,"enemies":"Orb Walker","floor":36,"turns":4},{"damage":4,"enemies":"Sphere and 2 Shapes","floor":38,"turns":4},{"damage":5,"enemies":"Maw","floor":44,"turns":6},{"damage":0,"enemies":"3 Darklings","floor":47,"turns":2},{"damage":52,"enemies":"Awakened One","floor":50,"turns":9}],"seed_played":"9121771759839716690","potions_obtained":[{"floor":4,"key":"Regen Potion"},{"floor":7,"key":"SpeedPotion"},{"floor":12,"key":"Dexterity Potion"},{"floor":14,"key":"SpeedPotion"},{"floor":18,"key":"SneckoOil"},{"floor":25,"key":"EntropicBrew"},{"floor":38,"key":"AttackPotion"}],"is_trial":false,"path_per_floor":["M","?","$","M","?","R","M","E","T","R","M","E","?","E","R","B",null,"M","?","$","$","?","E","R","M","T","E","$","M","M","?","R","B",null,"M","M","?","M","?","R","$","R","T","M","?","T","M","$","R","B",null],"character_chosen":"THE_SILENT","items_purchased":["Slice","Caltrops","Dash","GhostInAJar","Block Potion","Terror"],"campfire_rested":3,"item_purchase_floors":[3,20,20,20,28,41],"current_hp_per_floor":[44,61,61,61,54,54,53,54,54,54,47,28,51,28,49,29,60,58,58,58,58,58,47,47,47,47,31,31,29,29,29,65,7,54,51,51,51,47,47,47,47,47,47,42,42,42,42,42,70,18],"gold":193,"neow_bonus":"ONE_RARE_RELIC","is_prod":false,"is_daily":false,"chose_seed":false,"campfire_upgraded":5,"win_rate":0,"timestamp":1543603271,"path_taken":["M","?","$","M","?","R","M","E","T","R","?","E","?","E","R","BOSS","M","?","?","$","?","E","R","M","T","E","$","M","M","?","R","BOSS","M","M","?","M","?","R","?","R","T","?","?","?","?","$","R","BOSS"],"build_version":"2018-11-15","purchased_purges":3,"victory":true,"max_hp_per_floor":[70,70,70,70,70,70,70,70,70,70,70,70,70,70,70,70,70,70,70,70,70,70,70,70,70,70,70,70,70,70,70,70,70,70,70,70,70,70,70,70,70,70,70,70,70,70,70,70,70,70],"card_choices":[{"not_picked":["Bane","Outmaneuver"],"picked":"Deadly Poison","floor":1},{"not_picked":["Flying Knee","Eviscerate"],"picked":"Slice","floor":4},{"not_picked":["Outmaneuver","Blade Dance"],"picked":"Sucker Punch","floor":7},{"not_picked":["Masterful Stab","Flechettes"],"picked":"Tools of the Trade","floor":8},{"not_picked":["Slice","Poisoned Stab","Cloak And Dagger"],"picked":"Leg Sweep","floor":11},{"not_picked":["Footwork","Sucker Punch","Quick Slash"],"picked":"Die Die Die","floor":12},{"not_picked":["Reflex","Endless Agony","Bouncing Flask"],"picked":"Backstab","floor":14},{"not_picked":["Doppelganger","Night Terror","Burst"],"picked":"Adrenaline","floor":16},{"not_picked":["Distraction"],"picked":"Backflip+1","floor":18},{"not_picked":["Bane+1"],"picked":"Deflect+1","floor":23},{"not_picked":["Blade Dance","Dodge and Roll+1"],"picked":"SKIP","floor":25},{"not_picked":["Deadly Poison+1"],"picked":"Choke","floor":27},{"not_picked":["Prepared","All Out Attack"],"picked":"SKIP","floor":29},{"not_picked":["Backflip","Outmaneuver"],"picked":"SKIP","floor":30},{"not_picked":["Malaise"],"picked":"Adrenaline","floor":33},{"not_picked":["Dodge and Roll"],"picked":"Prepared+1","floor":35},{"not_picked":["Bane"],"picked":"Expertise+1","floor":36},{"not_picked":["Dodge and Roll","PiercingWail"],"picked":"SKIP","floor":38},{"not_picked":["Purity"],"picked":"Finesse","floor":39},{"not_picked":["Accuracy"],"picked":"Backflip+1","floor":44},{"not_picked":["Acrobatics","Underhanded Strike"],"picked":"SKIP","floor":47}],"player_experience":286922,"relics_obtained":[{"floor":8,"key":"Question Card"},{"floor":9,"key":"Gremlin Horn"},{"floor":12,"key":"Smiling Mask"},{"floor":14,"key":"Tiny Chest"},{"floor":23,"key":"Nunchaku"},{"floor":26,"key":"Lantern"},{"floor":27,"key":"Centennial Puzzle"},{"floor":43,"key":"Ancient Tea Set"},{"floor":46,"key":"Shuriken"}],"event_choices":[{"damage_healed":17,"gold_gain":0,"player_choice":"Healed","damage_taken":0,"max_hp_gain":0,"max_hp_loss":0,"event_name":"The Cleric","floor":2,"gold_loss":35},{"cards_removed":["Strike_G"],"damage_healed":0,"gold_gain":0,"player_choice":"Card Removal","damage_taken":7,"max_hp_gain":0,"max_hp_loss":0,"event_name":"Golden Wing","floor":5,"gold_loss":0},{"damage_healed":23,"gold_gain":0,"player_choice":"Banana","damage_taken":0,"max_hp_gain":0,"max_hp_loss":0,"event_name":"Big Fish","floor":13,"gold_loss":0},{"damage_healed":0,"gold_gain":0,"player_choice":"Upgraded","damage_taken":0,"max_hp_gain":0,"max_hp_loss":0,"event_name":"Upgrade Shrine","floor":19,"gold_loss":0,"cards_upgraded":["Adrenaline"]},{"damage_healed":0,"gold_gain":0,"player_choice":"Opened","damage_taken":0,"relics_obtained":["Regal Pillow"],"max_hp_gain":0,"max_hp_loss":0,"event_name":"The Mausoleum","floor":22,"gold_loss":0},{"damage_healed":0,"gold_gain":0,"player_choice":"Fight","damage_taken":0,"max_hp_gain":0,"max_hp_loss":0,"event_name":"Colosseum","floor":31,"gold_loss":0},{"damage_healed":0,"gold_gain":0,"player_choice":"Fled From Nobs","damage_taken":0,"max_hp_gain":0,"max_hp_loss":0,"event_name":"Colosseum","floor":31,"gold_loss":0},{"cards_removed":["Defend_G"],"damage_healed":0,"gold_gain":0,"player_choice":"Removed Skill","damage_taken":0,"max_hp_gain":0,"max_hp_loss":0,"event_name":"Falling","floor":37,"gold_loss":0},{"damage_healed":0,"gold_gain":0,"player_choice":"Memory 1","damage_taken":0,"max_hp_gain":0,"max_hp_loss":0,"event_name":"SensoryStone","floor":39,"gold_loss":0},{"damage_healed":0,"gold_gain":0,"player_choice":"Ignored","damage_taken":0,"max_hp_gain":0,"max_hp_loss":0,"event_name":"Mysterious Sphere","floor":45,"gold_loss":0}],"is_beta":false,"boss_relics":[{"not_picked":["Orrery","Coffee Dripper"],"picked":"Busted Crown"},{"not_picked":["Ring of the Serpent","Black Star"],"picked":"Philosopher\u0027s Stone"}],"items_purged_floors":[20,28,41],"is_endless":false,"potions_floor_spawned":[4,7,12,14,18,25,31,38],"ascension_level":8}