{"path_per_floor":["M","M","?","?","$","E","M","?","T","?","R","E","M","M","R","B",null,"M","M","$","?","?","R","E","R","T","E","M","R","M","?","R"],"character_chosen":"IRONCLAD","items_purchased":["Spot Weakness","Orichalcum","Pommel Strike","Vajra","Pommel Strike"],"gold_per_floor":[359,378,378,378,68,101,120,120,167,167,167,198,211,223,223,328,328,348,361,61,61,61,61,89,89,89,117,127,127,138,63,63,63],"floor_reached":33,"campfire_rested":2,"playtime":2953,"current_hp_per_floor":[31,36,33,33,33,31,32,32,32,32,56,53,59,62,62,50,80,72,55,55,55,39,63,56,56,56,54,60,60,65,65,65,0],"items_purged":["Bash","Decay"],"gold":63,"score":308,"play_id":"ffd8f6b3-1269-4cef-a57b-616c91985f16","local_time":"20180420014310","is_prod":false,"is_daily":false,"chose_seed":false,"is_ascension_mode":true,"campfire_upgraded":4,"timestamp":1524202990,"path_taken":["M","M","?","?","$","E","?","?","T","?","R","E","M","M","R","BOSS","M","M","$","?","?","R","E","R","T","E","M","R","M","?","R","BOSS"],"build_version":"2018-04-19","seed_source_timestamp":41647779791012,"purchased_purges":2,"victory":false,"master_deck":["Strike_R","Strike_R","Strike_R","Strike_R+1","Strike_R","Defend_R","Defend_R","Perfected Strike+1","Twin Strike","Spot Weakness+1","Pommel Strike","Flex","Wild Strike+1","Rage+1","True Grit","Twin Strike","Warcry","Flex","Impervious","Thunderclap","Metallicize+1","Pommel Strike","Entrench+1","Feel No Pain","Warcry","Wild Strike","Thunderclap"],"max_hp_per_floor":[80,80,80,80,80,80,80,80,80,80,80,80,80,80,80,80,80,80,80,80,80,80,80,80,80,80,80,80,80,80,80,80,80],"relics":["Burning Blood","Prayer Wheel","Orichalcum","Whetstone","Happy Flower","Omamori","Velvet Choker","Vajra","Enchiridion","Dodecahedron","Torii","Shuriken"],"card_choices":[{"not_picked":["Armaments","Iron Wave"],"picked":"Perfected Strike","floor":1},{"not_picked":["Anger","Body Slam"],"picked":"Twin Strike","floor":2},{"not_picked":["Burning Pact","Dual Wield"],"picked":"Flex","floor":6},{"not_picked":["Pummel","Carnage"],"picked":"Wild Strike","floor":7},{"not_picked":["Rupture","Havoc"],"picked":"True Grit","floor":9},{"not_picked":["Warcry","Pummel"],"picked":"Twin Strike","floor":12},{"not_picked":["Entrench","Pummel"],"picked":"Warcry","floor":13},{"not_picked":["Shrug It Off","Power Through"],"picked":"Flex","floor":14},{"not_picked":["Fiend Fire","Reaper"],"picked":"Impervious","floor":16},{"not_picked":["Reckless Charge","Shrug It Off"],"picked":"Thunderclap","floor":18},{"not_picked":["Iron Wave","Fire Breathing"],"picked":"Metallicize","floor":19},{"not_picked":["Exhume","Bludgeon"],"picked":"Clash","floor":24},{"not_picked":["True Grit","Havoc"],"picked":"Feel No Pain","floor":26},{"not_picked":["Clothesline","Battle Trance"],"picked":"Warcry","floor":27},{"not_picked":["Dropkick","Clothesline"],"picked":"Wild Strike","floor":28},{"not_picked":["Seeing Red","Clash"],"picked":"Thunderclap","floor":30}],"player_experience":254100,"potions_floor_usage":[16,27,33],"damage_taken":[{"damage":15,"enemies":"2 Louse","floor":1,"turns":3},{"damage":1,"enemies":"Cultist","floor":2,"turns":3},{"damage":8,"enemies":"3 Sentries","floor":6,"turns":5},{"damage":5,"enemies":"Small Slimes","floor":7,"turns":3},{"damage":9,"enemies":"Gremlin Nob","floor":12,"turns":3},{"damage":0,"enemies":"Exordium Thugs","floor":13,"turns":3},{"damage":3,"enemies":"2 Fungi Beasts","floor":14,"turns":2},{"damage":18,"enemies":"Slime Boss","floor":16,"turns":10},{"damage":14,"enemies":"Shell Parasite","floor":18,"turns":4},{"damage":23,"enemies":"3 Byrds","floor":19,"turns":5},{"damage":13,"enemies":"Book of Stabbing","floor":24,"turns":5},{"damage":8,"enemies":"Gremlin Leader","floor":27,"turns":7},{"damage":0,"enemies":"Snecko","floor":28,"turns":3},{"damage":1,"enemies":"Cultist and Chosen","floor":30,"turns":5},{"damage":81,"enemies":"Champ","floor":33,"turns":9}],"event_choices":[{"event_name":"Scrap Ooze","player_choice":"success","floor":3,"damage_taken":3},{"event_name":"The Lab","player_choice":"Got Potions","floor":4,"damage_taken":0},{"event_name":"Transmorgrifier","player_choice":"Transform","floor":8,"damage_taken":0},{"event_name":"Wheel of Change","player_choice":"Curse","floor":10,"damage_taken":0},{"event_name":"Transmorgrifier","player_choice":"Transform","floor":21,"damage_taken":0},{"event_name":"Cursed Tome","player_choice":"Obtained Book","floor":22,"damage_taken":0},{"event_name":"Beggar","player_choice":"Gave Gold","floor":31,"damage_taken":0}],"boss_relics":[{"not_picked":["Sozu","Runic Dome"],"picked":"Velvet Choker"}],"potions_floor_spawned":[12,13,19,24,30],"seed_played":"-3685395578176724125","killed_by":"Champ","ascension_level":1,"is_trial":false}