{"gold_per_floor":[119,132,152,169,189,189,209,235,235,262,274,274,308,308,308,406,406,406,406,406,137,137,137,137,37,37,37,37,37,37,37,37,37,37,37,37,37,37,37,37,37,37,37,37,37,37,37,37,37,37,37,37,10,10,10],"floor_reached":56,"playtime":3031,"items_purged":["Strike_G","Strike_G"],"score":1372,"play_id":"19e8d812-213d-4193-84f6-28bdf9177ef4","local_time":"20181215154726","is_ascension_mode":true,"campfire_choices":[{"data":"Survivor","floor":6.0,"key":"SMITH"},{"data":"After Image","floor":12.0,"key":"SMITH"},{"data":"Blur","floor":15.0,"key":"SMITH"},{"data":"Noxious Fumes","floor":23.0,"key":"SMITH"},{"data":"Adrenaline","floor":29.0,"key":"SMITH"},{"data":"Backflip","floor":32.0,"key":"SMITH"},{"data":"After Image","floor":41.0,"key":"SMITH"},{"floor":45.0,"key":"RECALL"},{"data":"Tools of the Trade","floor":47.0,"key":"SMITH"},{"data":"Acrobatics","floor":49.0,"key":"SMITH"},{"data":"Sucker Punch","floor":52.0,"key":"SMITH"}],"neow_cost":"NONE","seed_source_timestamp":0,"circlet_count":0,"master_deck":["Defend_G","Defend_G","Defend_G","Defend_G","Defend_G","Survivor+1","Neutralize+1","Dagger Spray","Escape Plan","Die Die Die","Poisoned Stab","After Image+1","Blur+1","Deadly Poison","Poisoned Stab","Adrenaline+1","Heel Hook","Sucker Punch+1","Noxious Fumes+1","Predator+1","Acrobatics+1","Endless Agony","Choke","Backflip+1","After Image+1","Outmaneuver+1","Deflect+1","PiercingWail+1","Tools of the Trade+1","Tactician+1","Reflex+1","Deflect","Backflip","Calculated Gamble+1"],"special_seed":0,"relics":["Ring of the Snake","Happy Flower","Mercury Hourglass","Pen Nib","Shuriken","Ectoplasm","TwistedFunnel","Darkstone Periapt","Strawberry","Sozu","Tough Bandages","Dodecahedron","Thread and Needle","StoneCalendar","Nunchaku","Oddly Smooth Stone"],"potions_floor_usage":[],"damage_taken":[{"damage":0.0,"enemies":"Cultist","floor":1.0,"turns":4.0},{"damage":0.0,"enemies":"Small Slimes","floor":2.0,"turns":2.0},{"damage":0.0,"enemies":"2 Louse","floor":3.0,"turns":3.0},{"damage":5.0,"enemies":"Exordium Wildlife","floor":4.0,"turns":5.0},{"damage":0.0,"enemies":"3 Louse","floor":5.0,"turns":2.0},{"damage":2.0,"enemies":"Blue Slaver","floor":7.0,"turns":6.0},{"damage":2.0,"enemies":"3 Sentries","floor":8.0,"turns":6.0},{"damage":8.0,"enemies":"Lagavulin","floor":10.0,"turns":7.0},{"damage":0.0,"enemies":"Red Slaver","floor":11.0,"turns":3.0},{"damage":9.0,"enemies":"Gremlin Nob","floor":13.0,"turns":4.0},{"damage":3.0,"enemies":"Hexaghost","floor":16.0,"turns":9.0},{"damage":0.0,"enemies":"Spheric Guardian","floor":18.0,"turns":4.0},{"damage":8.0,"enemies":"3 Byrds","floor":19.0,"turns":3.0},{"damage":0.0,"enemies":"Gremlin Leader","floor":24.0,"turns":4.0},{"damage":14.0,"enemies":"Slavers","floor":27.0,"turns":3.0},{"damage":3.0,"enemies":"Snecko","floor":31.0,"turns":5.0},{"damage":8.0,"enemies":"Automaton","floor":33.0,"turns":9.0},{"damage":0.0,"enemies":"Orb Walker","floor":35.0,"turns":3.0},{"damage":5.0,"enemies":"3 Darklings","floor":36.0,"turns":4.0},{"damage":1.0,"enemies":"Transient","floor":38.0,"turns":5.0},{"damage":2.0,"enemies":"4 Shapes","floor":39.0,"turns":3.0},{"damage":12.0,"enemies":"Giant Head","floor":40.0,"turns":9.0},{"damage":1.0,"enemies":"Reptomancer","floor":42.0,"turns":6.0},{"damage":0.0,"enemies":"Mind Bloom Boss Battle","floor":44.0,"turns":7.0},{"damage":0.0,"enemies":"Sphere and 2 Shapes","floor":46.0,"turns":2.0},{"damage":0.0,"enemies":"2 Orb Walkers","floor":48.0,"turns":5.0},{"damage":0.0,"enemies":"Donu and Deca","floor":50.0,"turns":9.0},{"damage":30.0,"enemies":"Shield and Spear","floor":54.0,"turns":8.0},{"damage":38,"enemies":"The Heart","floor":55,"turns":12}],"seed_played":"-3571276318513607093","potions_obtained":[{"floor":7.0,"key":"SpeedPotion"},{"floor":8.0,"key":"Explosive Potion"},{"floor":11.0,"key":"Energy Potion"},{"floor":16.0,"key":"LiquidBronze"},{"floor":24.0,"key":"Block Potion"},{"floor":27.0,"key":"Regen Potion"}],"is_trial":false,"path_per_floor":["M","M","M","M","M","R","M","E","T","E","M","R","E","?","R","B",null,"M","M","?","$","?","R","E","$","T","E","$","R","?","M","R","B",null,"M","M","?","M","M","E","R","E","T","?","R","M","R","?","R","B",null,"R","$","E","B",null],"character_chosen":"THE_SILENT","items_purchased":["TwistedFunnel","Backflip"],"campfire_rested":0,"item_purchase_floors":[21,53],"current_hp_per_floor":[70,70,70,65,65,65,63,61,61,53,53,53,44,44,44,41,70,70,62,62,62,62,62,62,62,62,55,55,55,55,52,52,44,77,77,72,72,71,69,57,57,56,56,56,56,56,56,56,56,56,77,77,77,47,9],"gold":10,"neow_bonus":"UPGRADE_CARD","is_prod":false,"is_daily":false,"chose_seed":false,"campfire_upgraded":10,"win_rate":0,"timestamp":1544885246,"path_taken":["M","M","M","?","M","R","M","E","T","E","M","R","E","?","R","BOSS","M","M","?","$","?","R","E","$","T","E","?","R","?","M","R","BOSS","M","M","?","M","?","E","R","E","T","?","R","M","R","?","R","BOSS","R","$","E","BOSS"],"build_version":"2018-12-13","purchased_purges":2,"victory":true,"max_hp_per_floor":[70,70,70,70,70,70,70,70,70,70,70,70,70,70,70,70,70,70,70,70,70,70,70,70,70,70,77,77,77,77,77,77,77,77,77,77,77,77,77,77,77,77,77,77,77,77,77,77,77,77,77,77,77,77,77],"card_choices":[{"not_picked":["Slice","Quick Slash"],"picked":"Dagger Spray","floor":1.0},{"not_picked":["Underhanded Strike","Dagger Throw"],"picked":"Escape Plan","floor":2.0},{"not_picked":["Outmaneuver","Dagger Throw","Catalyst"],"picked":"SKIP","floor":3.0},{"not_picked":["PiercingWail","Flying Knee"],"picked":"Die Die Die","floor":4.0},{"not_picked":["All Out Attack","Acrobatics","Catalyst"],"picked":"SKIP","floor":5.0},{"not_picked":["Slice","Caltrops"],"picked":"Poisoned Stab","floor":7.0},{"not_picked":["Bouncing Flask","Reflex"],"picked":"After Image","floor":8.0},{"not_picked":["Flying Knee","Setup"],"picked":"Blur","floor":10.0},{"not_picked":["Choke","Outmaneuver"],"picked":"Deadly Poison","floor":11.0},{"not_picked":["PiercingWail","Prepared"],"picked":"Poisoned Stab","floor":13.0},{"not_picked":["A Thousand Cuts","Storm of Steel"],"picked":"Adrenaline","floor":16.0},{"not_picked":["Masterful Stab","Endless Agony"],"picked":"Heel Hook","floor":18.0},{"not_picked":["Flying Knee","Skewer+1"],"picked":"Sucker Punch","floor":19.0},{"not_picked":["Flying Knee","Deadly Poison"],"picked":"Predator+1","floor":24.0},{"not_picked":["Dagger Spray","All Out Attack"],"picked":"Acrobatics","floor":27.0},{"not_picked":["Dagger Throw","Dash"],"picked":"Backflip","floor":31.0},{"not_picked":["Bullet Time","Wraith Form v2"],"picked":"After Image","floor":33.0},{"not_picked":["Dodge and Roll","Acrobatics+1"],"picked":"Outmaneuver+1","floor":35.0},{"not_picked":["Poisoned Stab","Escape Plan+1"],"picked":"Deflect+1","floor":36.0},{"not_picked":["Acrobatics","Poisoned Stab"],"picked":"PiercingWail+1","floor":38.0},{"not_picked":["All Out Attack","Backflip","Dagger Spray+1"],"picked":"SKIP","floor":39.0},{"not_picked":["Reflex","Setup+1"],"picked":"Tools of the Trade","floor":40.0},{"not_picked":["Dagger Throw+1","Backflip+1"],"picked":"Tactician+1","floor":42.0},{"not_picked":["Dash","Blade Dance"],"picked":"Reflex+1","floor":46.0},{"not_picked":["Quick Slash","Backflip+1"],"picked":"Deflect","floor":48.0},{"not_picked":["Dagger Spray","Eviscerate"],"picked":"Calculated Gamble+1","floor":54.0}],"player_experience":395939,"relics_obtained":[{"floor":8.0,"key":"Happy Flower"},{"floor":9.0,"key":"Mercury Hourglass"},{"floor":10.0,"key":"Pen Nib"},{"floor":13.0,"key":"Shuriken"},{"floor":24.0,"key":"Darkstone Periapt"},{"floor":27.0,"key":"Strawberry"},{"floor":40.0,"key":"Tough Bandages"},{"floor":42.0,"key":"Dodecahedron"},{"floor":43.0,"key":"Thread and Needle"},{"floor":44.0,"key":"StoneCalendar"},{"floor":48.0,"key":"Nunchaku"},{"floor":54.0,"key":"Oddly Smooth Stone"}],"event_choices":[{"cards_removed":["Strike_G"],"damage_healed":0.0,"max_hp_gain":0.0,"max_hp_loss":0.0,"gold_gain":0.0,"event_name":"Living Wall","player_choice":"Forget","floor":14.0,"gold_loss":0.0,"damage_taken":0.0},{"damage_healed":0.0,"max_hp_gain":0.0,"max_hp_loss":0.0,"gold_gain":0.0,"event_name":"Vampires","player_choice":"Ignored","floor":20.0,"gold_loss":0.0,"damage_taken":0.0},{"damage_healed":0.0,"max_hp_gain":0.0,"max_hp_loss":0.0,"gold_gain":0.0,"event_name":"The Library","player_choice":"Read","floor":22.0,"gold_loss":0.0,"damage_taken":0.0,"cards_obtained":["Noxious Fumes"]},{"damage_healed":0.0,"max_hp_gain":0.0,"max_hp_loss":0.0,"gold_gain":0.0,"cards_transformed":["Strike_G","Strike_G"],"event_name":"Drug Dealer","player_choice":"Became Test Subject","floor":30.0,"gold_loss":0.0,"damage_taken":0.0,"cards_obtained":["Endless Agony","Choke"]},{"damage_healed":0.0,"max_hp_gain":0.0,"max_hp_loss":0.0,"gold_gain":0.0,"event_name":"SecretPortal","player_choice":"Ignored","floor":37.0,"gold_loss":0.0,"damage_taken":0.0},{"damage_healed":0.0,"max_hp_gain":0.0,"max_hp_loss":0.0,"gold_gain":0.0,"event_name":"MindBloom","player_choice":"Fight","floor":44.0,"gold_loss":0.0,"damage_taken":0.0},{"damage_healed":0.0,"max_hp_gain":0.0,"max_hp_loss":0.0,"gold_gain":0.0,"event_name":"Mysterious Sphere","player_choice":"Fight","floor":48.0,"gold_loss":0.0,"damage_taken":0.0}],"is_beta":false,"boss_relics":[{"not_picked":["HoveringKite","Pandora\u0027s Box"],"picked":"Ectoplasm"},{"not_picked":["Fusion Hammer","Ring of the Serpent"],"picked":"Sozu"}],"items_purged_floors":[21,25],"is_endless":false,"potions_floor_spawned":[7,8,11,16,24,27,35,36,48,54],"ascension_level":1}