{"gold_per_floor":[114,125,53,53,6,6,20,53,88,112,141,181,193],"floor_reached":13,"playtime":6850,"items_purged":[],"score":119,"play_id":"bbbf9311-e11e-4959-858a-c9c50ba8b6e0","local_time":"20190214211642","is_ascension_mode":true,"campfire_choices":[{"data":"Dualcast","floor":6,"key":"SMITH"}],"neow_cost":"NONE","seed_source_timestamp":11169502405374,"circlet_count":0,"master_deck":["Strike_B","Strike_B","Strike_B","Defend_B","Defend_B","Defend_B","Defend_B","Zap+1","Dualcast+1","Sweeping Beam","Streamline","Seek","Turbo","Barrage","Skim","Conserve Battery","Rebound"],"relics":["Cracked Core","MawBank","Happy Flower","Bag of Marbles"],"potions_floor_usage":[12,12,12,12],"damage_taken":[{"damage":0,"enemies":"2 Louse","floor":1,"turns":2},{"damage":1,"enemies":"Cultist","floor":2,"turns":3},{"damage":2,"enemies":"Jaw Worm","floor":7,"turns":3},{"damage":46,"enemies":"Lagavulin","floor":8,"turns":6},{"damage":3,"enemies":"Blue Slaver","floor":10,"turns":3},{"damage":2,"enemies":"2 Fungi Beasts","floor":11,"turns":3},{"damage":15,"enemies":"Gremlin Nob","floor":12,"turns":3},{"damage":10,"enemies":"Lots of Slimes","floor":13,"turns":2}],"seed_played":"-6958849601513079286","potions_obtained":[{"floor":7,"key":"Strength Potion"},{"floor":8,"key":"FocusPotion"},{"floor":10,"key":"PowerPotion"},{"floor":11,"key":"EntropicBrew"}],"is_trial":false,"path_per_floor":["M","M","$","?","$","R","M","E","T","M","M","E","M"],"character_chosen":"DEFECT","items_purchased":["Seek","Turbo"],"campfire_rested":0,"item_purchase_floors":[3,5],"current_hp_per_floor":[75,74,74,74,74,74,72,26,26,23,21,6,0],"gold":193,"neow_bonus":"UPGRADE_CARD","is_prod":false,"is_daily":false,"chose_seed":false,"campfire_upgraded":1,"win_rate":0,"timestamp":1550175402,"path_taken":["M","M","$","?","?","R","M","E","T","M","M","E","M"],"build_version":"2019-01-23","purchased_purges":0,"victory":false,"max_hp_per_floor":[75,75,75,75,75,75,75,75,75,75,75,75,75],"card_choices":[{"not_picked":["Ball Lightning","Auto Shields"],"picked":"Sweeping Beam","floor":1},{"not_picked":["Compile Driver","Self Repair"],"picked":"Streamline","floor":2},{"not_picked":["Hello World","Turbo"],"picked":"Barrage","floor":7},{"not_picked":["Redo","Turbo","Reprogram"],"picked":"SKIP","floor":8},{"not_picked":["Static Discharge","Redo"],"picked":"Skim","floor":10},{"not_picked":["Gash","Loop"],"picked":"Conserve Battery","floor":11},{"not_picked":["Blizzard","Undo"],"picked":"Rebound","floor":12}],"player_experience":646363,"relics_obtained":[{"floor":8,"key":"MawBank"},{"floor":9,"key":"Happy Flower"},{"floor":12,"key":"Bag of Marbles"}],"event_choices":[{"cards_removed":["Strike_B"],"damage_healed":0,"gold_gain":0,"player_choice":"Offered Basic","damage_taken":0,"max_hp_gain":0,"max_hp_loss":0,"event_name":"Bonfire Elementals","floor":4,"gold_loss":0}],"is_beta":false,"boss_relics":[],"items_purged_floors":[],"is_endless":false,"potions_floor_spawned":[7,8,10,11],"killed_by":"Lots of Slimes","ascension_level":5}