{"gold_per_floor":[112,123,139,139,152,182,182,194,194,204,204,220,233,252,252,351,351,366,385,300,311,58,58,69,81,81,81,81,22,22,42,42,140,140,154,154,172,10,28,28,28,28,54,65,65,95,108,125,125,125],"floor_reached":51,"playtime":4985,"items_purged":["Static Discharge"],"score":662,"play_id":"ef278ff5-5e21-406e-af62-b87b859cd990","local_time":"20181008194046","is_ascension_mode":false,"campfire_choices":[{"data":"Zap","floor":7.0,"key":"SMITH"},{"data":"Loop","floor":11.0,"key":"SMITH"},{"floor":15.0,"key":"REST"},{"data":"Self Repair","floor":23.0,"key":"SMITH"},{"floor":27.0,"key":"REST"},{"floor":32.0,"key":"REST"},{"data":"Panache","floor":45,"key":"SMITH"},{"floor":49,"key":"REST"}],"neow_cost":"NONE","seed_source_timestamp":0,"circlet_count":0,"master_deck":["Zap+1","Dualcast","Loop+1","Go for the Eyes","Hologram","Self Repair+1","Leap","Lockon","FTL","Cold Snap","Go for the Eyes","Seek","Rebound","Genetic Algorithm","Hologram","Leap","Capacitor","Sweeping Beam","Rebound","Conserve Battery","Melter+1","Leap","Conserve Battery","BootSequence","Writhe","Coolheaded+1","All For One+1","Steam+1","Core Surge+1","Ball Lightning+1","Redo+1","Panache+1","Defragment+1","Turbo+1","Consume","Hologram+1"],"special_seed":0,"relics":["Cracked Core","Smiling Mask","The Courier","Girya","Pandora\u0027s Box","Molten Egg 2","Toolbox","Matryoshka","Ginger","Sozu","Dream Catcher","Incense Burner","Pear","Lantern","Kunai"],"potions_floor_usage":[46,46],"damage_taken":[{"damage":5.0,"enemies":"Small Slimes","floor":1.0,"turns":3.0},{"damage":2.0,"enemies":"2 Louse","floor":2.0,"turns":3.0},{"damage":1.0,"enemies":"Cultist","floor":3.0,"turns":3.0},{"damage":6.0,"enemies":"Exordium Thugs","floor":5.0,"turns":6.0},{"damage":23.0,"enemies":"Lagavulin","floor":6.0,"turns":7.0},{"damage":9.0,"enemies":"2 Fungi Beasts","floor":8.0,"turns":4.0},{"damage":2.0,"enemies":"Looter","floor":10.0,"turns":4.0},{"damage":7.0,"enemies":"Blue Slaver","floor":12.0,"turns":3.0},{"damage":5.0,"enemies":"Gremlin Gang","floor":13.0,"turns":5.0},{"damage":11.0,"enemies":"Large Slime","floor":14.0,"turns":5.0},{"damage":24.0,"enemies":"Slime Boss","floor":16.0,"turns":11.0},{"damage":6.0,"enemies":"Chosen","floor":18.0,"turns":5.0},{"damage":36.0,"enemies":"2 Thieves","floor":19.0,"turns":5.0},{"damage":10.0,"enemies":"Shelled Parasite and Fungi","floor":21.0,"turns":8.0},{"damage":14.0,"enemies":"Sentry and Sphere","floor":24.0,"turns":3.0},{"damage":13.0,"enemies":"Snake Plant","floor":25.0,"turns":5.0},{"damage":9.0,"enemies":"Chosen and Byrds","floor":31.0,"turns":7.0},{"damage":57.0,"enemies":"Champ","floor":33.0,"turns":18.0},{"damage":10.0,"enemies":"3 Darklings","floor":35.0,"turns":3.0},{"damage":0.0,"enemies":"Orb Walker","floor":37.0,"turns":5.0},{"damage":15.0,"enemies":"Sphere and 2 Shapes","floor":39.0,"turns":3.0},{"damage":3,"enemies":"3 Darklings","floor":44,"turns":7},{"damage":48,"enemies":"2 Orb Walkers","floor":46,"turns":6},{"damage":1,"enemies":"Transient","floor":47,"turns":5},{"damage":7,"enemies":"Spire Growth","floor":48,"turns":5},{"damage":30,"enemies":"Donu and Deca","floor":50,"turns":8}],"seed_played":"-8653712473029221441","potions_obtained":[{"floor":1.0,"key":"PowerPotion"},{"floor":6.0,"key":"SteroidPotion"},{"floor":14.0,"key":"SteroidPotion"},{"floor":16.0,"key":"Regen Potion"},{"floor":31.0,"key":"Weak Potion"},{"floor":33.0,"key":"SteroidPotion"}],"is_trial":false,"path_per_floor":["M","M","M","?","M","E","R","M","T","M","R","M","M","M","R","B",null,"M","M","?","M","$","R","M","M","T","R","?","$","?","M","R","B",null,"M","?","M","$","M","?","$","T","T","M","R","E","M","M","R","B"],"character_chosen":"DEFECT","items_purchased":["Leap","Toolbox","BootSequence","Core Surge+1","Ball Lightning+1"],"campfire_rested":4,"item_purchase_floors":[22,22,29,38,38],"current_hp_per_floor":[70,68,67,67,61,38,38,36,36,41,41,41,43,39,61,44,75,75,46,46,43,43,43,39,36,36,58,58,58,58,59,75,28,75,75,75,75,75,70,70,70,70,80,85,85,56,65,68,85,65],"gold":125,"neow_bonus":"RANDOM_COMMON_RELIC","is_prod":false,"is_daily":false,"chose_seed":false,"campfire_upgraded":4,"win_rate":0,"timestamp":1539020446,"path_taken":["M","M","M","?","M","E","R","M","T","M","R","?","M","M","R","BOSS","M","M","?","M","$","R","?","M","T","R","?","$","?","?","R","BOSS","M","?","M","$","M","?","$","?","T","?","R","E","?","M","R","BOSS"],"build_version":"2018-10-04","purchased_purges":1,"victory":true,"max_hp_per_floor":[75,75,75,75,75,75,75,75,75,75,75,75,75,75,75,75,75,75,75,75,75,75,75,75,75,75,75,75,75,75,75,75,75,75,75,75,75,75,75,75,75,75,85,85,85,85,85,85,85,85],"card_choices":[{"not_picked":["Barrage","Beam Cell"],"picked":"Loop","floor":1.0},{"not_picked":["Coolheaded","Double Energy"],"picked":"Go for the Eyes","floor":2.0},{"not_picked":["Stack","Steam","Recycle"],"picked":"SKIP","floor":3.0},{"not_picked":["Barrage","Turbo"],"picked":"Hologram","floor":5.0},{"not_picked":["Sweeping Beam","Stack"],"picked":"Self Repair","floor":6.0},{"not_picked":["Stack","Doom and Gloom"],"picked":"Leap","floor":8.0},{"not_picked":["Self Repair","BootSequence"],"picked":"Lockon","floor":10.0},{"not_picked":["Hologram","Aggregate"],"picked":"FTL","floor":12.0},{"not_picked":["Lockon","Beam Cell"],"picked":"Cold Snap","floor":13.0},{"not_picked":["Undo","Steam"],"picked":"Go for the Eyes","floor":14.0},{"not_picked":["Creative AI","Buffer"],"picked":"Seek","floor":16.0},{"not_picked":["Recycle","Undo","Rebound"],"picked":"SKIP","floor":18.0},{"not_picked":["Streamline+1","Sweeping Beam"],"picked":"Conserve Battery","floor":19.0},{"not_picked":["Steam+1","Genetic Algorithm"],"picked":"Melter+1","floor":21.0},{"not_picked":["Rebound+1","Steam+1","Beam Cell+1"],"picked":"SKIP","floor":24.0},{"not_picked":["Sweeping Beam+1","Creative AI"],"picked":"Conserve Battery","floor":25.0},{"not_picked":["Stack","Barrage+1"],"picked":"Coolheaded+1","floor":31.0},{"not_picked":["Fission","Seek"],"picked":"All For One+1","floor":33.0},{"not_picked":["Rebound+1","Static Discharge+1"],"picked":"Steam+1","floor":35.0},{"not_picked":["Conserve Battery+1","Genetic Algorithm+1"],"picked":"Redo+1","floor":39.0},{"not_picked":["Good Instincts","Dark Shackles"],"picked":"Panache","floor":40.0},{"not_picked":["Gash+1","Double Energy+1"],"picked":"Defragment+1","floor":44},{"not_picked":["Genetic Algorithm","Cold Snap+1"],"picked":"Turbo+1","floor":46},{"not_picked":["Lockon+1","Rebound+1"],"picked":"Consume","floor":47},{"not_picked":["Coolheaded","Beam Cell+1","Heatsinks+1"],"picked":"SKIP","floor":48},{"not_picked":["Coolheaded+1","Beam Cell+1"],"picked":"Hologram+1","floor":49}],"player_experience":123812,"relics_obtained":[{"floor":6.0,"key":"The Courier"},{"floor":9.0,"key":"Girya"},{"floor":26.0,"key":"Matryoshka"},{"floor":42,"key":"Dream Catcher"},{"floor":42,"key":"Incense Burner"},{"floor":43,"key":"Pear"},{"floor":43,"key":"Lantern"},{"floor":46,"key":"Kunai"}],"event_choices":[{"event_name":"Liars Game","player_choice":"disagreed","floor":4.0,"damage_taken":0.0},{"event_name":"Addict","player_choice":"Obtained Relic","floor":20.0,"damage_taken":0.0},{"event_name":"Cursed Tome","player_choice":"Ignored","floor":28.0,"damage_taken":0.0},{"event_name":"The Mausoleum","player_choice":"Yes","floor":30.0,"damage_taken":0.0},{"event_name":"Mysterious Sphere","player_choice":"Ignore","floor":36.0,"damage_taken":0.0},{"event_name":"SensoryStone","player_choice":"Memory 1","floor":40.0,"damage_taken":0.0}],"is_beta":false,"boss_relics":[{"not_picked":["Lizard Tail","Runic Dome"],"picked":"Pandora\u0027s Box"},{"not_picked":["Calling Bell","Cursed Key"],"picked":"Sozu"}],"items_purged_floors":[22],"is_endless":false,"potions_floor_spawned":[1,6,14,16,18,31,33,37,46,47,48],"ascension_level":0}