{"gold_per_floor":[115,115,115,115,13,46,46,58,83,108,134,15,15,30,30,128,128,143,143,162,180,180,180,80,80,80,179,208,12,12,29,29,133,133,146,156,156,156,170,170,170,170,170,170,185,60,60,70,70,70],"floor_reached":50,"playtime":2689,"items_purged":["Regret","Blade Dance","Pain"],"score":626,"play_id":"4089b3b4-50af-40c3-9f8e-405e6c394861","local_time":"20190113164856","is_ascension_mode":true,"campfire_choices":[{"data":"Neutralize","floor":7,"key":"SMITH"},{"data":"Noxious Fumes","floor":13,"key":"SMITH"},{"data":"Cloak And Dagger","floor":15,"key":"SMITH"},{"data":"Venomology","floor":23,"key":"SMITH"},{"floor":30,"key":"REST"},{"data":"Adrenaline","floor":32,"key":"SMITH"},{"data":"Tools of the Trade","floor":40,"key":"SMITH"},{"data":"Wraith Form v2","floor":42,"key":"SMITH"},{"data":"Terror","floor":44,"key":"SMITH"},{"data":"Well Laid Plans","floor":47,"key":"SMITH"},{"data":"Blur","floor":49,"key":"SMITH"}],"neow_cost":"NONE","seed_source_timestamp":170501717100359,"circlet_count":0,"master_deck":["Survivor","Neutralize+1","Poisoned Stab","Die Die Die","Blur+1","Cloak And Dagger+1","Noxious Fumes+1","Deflect","Venomology+1","Tactician+1","Wraith Form v2+1","Sucker Punch","Terror+1","Backflip","Tools of the Trade+1","Backflip","Well Laid Plans+1","Deadly Poison","Adrenaline+1","Escape Plan","Cloak And Dagger+1","Flying Knee","Prepared+1","Adrenaline+1","Catalyst+1","PiercingWail+1","Flying Knee+1","Dodge and Roll+1","Blade Dance+1"],"relics":["Ring of the Snake","Shuriken","Juzu Bracelet","War Paint","Bronze Scales","Bag of Marbles","Question Card","Pandora\u0027s Box","Dream Catcher","Toxic Egg 2","Ancient Tea Set","Cursed Key","Kunai"],"potions_floor_usage":[1,1,11,16,18,21,21,28,31,31,33,39,39,39,48,50,50],"damage_taken":[{"damage":1,"enemies":"Small Slimes","floor":1,"turns":4},{"damage":12,"enemies":"Gremlin Nob","floor":6,"turns":4},{"damage":0,"enemies":"Jaw Worm","floor":8,"turns":3},{"damage":3,"enemies":"3 Sentries","floor":11,"turns":7},{"damage":0,"enemies":"Cultist","floor":14,"turns":3},{"damage":17,"enemies":"Slime Boss","floor":16,"turns":8},{"damage":10,"enemies":"Spheric Guardian","floor":18,"turns":4},{"damage":11,"enemies":"2 Thieves","floor":20,"turns":4},{"damage":16,"enemies":"Shelled Parasite and Fungi","floor":21,"turns":5},{"damage":2,"enemies":"Book of Stabbing","floor":28,"turns":5},{"damage":0,"enemies":"Centurion and Healer","floor":31,"turns":4},{"damage":1,"enemies":"Champ","floor":33,"turns":11},{"damage":13,"enemies":"Orb Walker","floor":35,"turns":3},{"damage":13,"enemies":"3 Darklings","floor":36,"turns":3},{"damage":4,"enemies":"Sphere and 2 Shapes","floor":39,"turns":4},{"damage":0,"enemies":"Maw","floor":45,"turns":6},{"damage":0,"enemies":"Jaw Worm Horde","floor":48,"turns":4},{"damage":66,"enemies":"Time Eater","floor":50,"turns":11}],"seed_played":"-5495498432106503603","potions_obtained":[{"floor":0,"key":"Dexterity Potion"},{"floor":0,"key":"SkillPotion"},{"floor":0,"key":"PowerPotion"},{"floor":1,"key":"FearPotion"},{"floor":11,"key":"Poison Potion"},{"floor":16,"key":"Strength Potion"},{"floor":28,"key":"Block Potion"},{"floor":31,"key":"Dexterity Potion"},{"floor":36,"key":"PowerPotion"},{"floor":48,"key":"Fire Potion"}],"is_trial":false,"path_per_floor":["M","?","?","?","$","E","R","M","T","T","E","$","R","M","R","B",null,"M","?","M","M","?","R","$","?","T","?","E","$","R","M","R","B",null,"M","M","?","?","M","R","?","R","T","R","M","$","R","M","R","B"],"character_chosen":"THE_SILENT","items_purchased":["Poisoned Stab","Noxious Fumes","Deflect","Flying Knee","Ancient Tea Set"],"campfire_rested":1,"item_purchase_floors":[5,12,12,29,29],"current_hp_per_floor":[62,62,62,62,62,50,50,50,50,50,47,47,47,47,47,30,60,50,50,39,23,23,23,23,23,23,23,21,21,42,42,42,41,63,50,37,70,70,66,66,66,66,66,66,66,66,66,66,66,0],"gold":70,"neow_bonus":"THREE_SMALL_POTIONS","is_prod":false,"is_daily":false,"chose_seed":false,"campfire_upgraded":10,"win_rate":0,"timestamp":1547394536,"path_taken":["M","?","?","?","$","E","R","M","T","?","E","$","R","M","R","BOSS","M","?","M","M","?","R","$","?","T","?","E","?","R","M","R","BOSS","M","M","?","?","M","R","?","R","T","R","M","$","R","M","R","BOSS"],"build_version":"2019-01-10","purchased_purges":3,"victory":false,"max_hp_per_floor":[70,70,70,70,70,70,70,70,70,70,70,70,70,70,70,70,70,70,70,70,70,70,70,70,70,70,70,70,70,70,70,70,70,70,70,70,70,70,70,70,70,70,70,70,70,70,70,70,70,70],"card_choices":[{"not_picked":["Dagger Throw","Blade Dance"],"picked":"Slice","floor":1},{"not_picked":["Sucker Punch","All Out Attack"],"picked":"Die Die Die","floor":6},{"not_picked":["Heel Hook","Poisoned Stab"],"picked":"Blur","floor":8},{"not_picked":["Slice","Outmaneuver"],"picked":"Cloak And Dagger","floor":11},{"not_picked":["Corpse Explosion","Slice","Quick Slash"],"picked":"Escape Plan","floor":14},{"not_picked":["Storm of Steel","Wraith Form v2","Night Terror"],"picked":"Venomology","floor":16},{"not_picked":["Dodge and Roll","Dagger Throw","Distraction"],"picked":"Backflip","floor":18},{"not_picked":["Finisher","Poisoned Stab+1","Prepared"],"picked":"Well Laid Plans","floor":20},{"not_picked":["PiercingWail","Concentrate","Cloak And Dagger"],"picked":"Deadly Poison","floor":21},{"not_picked":["Slice","Calculated Gamble","Phantasmal Killer"],"picked":"Cloak And Dagger","floor":28},{"not_picked":["Underhanded Strike","Calculated Gamble+1","Unload"],"picked":"Prepared+1","floor":31},{"not_picked":["Night Terror+1","Unload","Glass Knife"],"picked":"Adrenaline+1","floor":33},{"not_picked":["Poisoned Stab","Outmaneuver+1","PiercingWail+1"],"picked":"Catalyst+1","floor":35},{"not_picked":["Sucker Punch","Dodge and Roll+1","Quick Slash+1"],"picked":"PiercingWail+1","floor":36},{"not_picked":["Underhanded Strike","PiercingWail+1","Concentrate+1"],"picked":"Flying Knee+1","floor":39},{"not_picked":["Sucker Punch","Die Die Die","Blade Dance+1"],"picked":"Dodge and Roll+1","floor":45},{"not_picked":["Setup+1","Backstab","Sucker Punch+1"],"picked":"Blade Dance+1","floor":48}],"player_experience":506450,"relics_obtained":[{"floor":6,"key":"War Paint"},{"floor":9,"key":"Bronze Scales"},{"floor":10,"key":"Bag of Marbles"},{"floor":11,"key":"Question Card"},{"floor":26,"key":"Dream Catcher"},{"floor":28,"key":"Toxic Egg 2"},{"floor":43,"key":"Kunai"}],"event_choices":[{"damage_healed":0,"gold_gain":0,"player_choice":"Box","damage_taken":0,"relics_obtained":["Shuriken"],"max_hp_gain":0,"max_hp_loss":0,"event_name":"Big Fish","floor":2,"gold_loss":0,"cards_obtained":["Regret"]},{"damage_healed":0,"gold_gain":0,"player_choice":"Gave Potion","damage_taken":0,"relics_obtained":["Juzu Bracelet"],"max_hp_gain":0,"max_hp_loss":0,"event_name":"WeMeetAgain","floor":3,"gold_loss":0},{"damage_healed":0,"gold_gain":0,"player_choice":"Ignored","damage_taken":0,"max_hp_gain":0,"max_hp_loss":0,"event_name":"Liars Game","floor":4,"gold_loss":0},{"damage_healed":0,"gold_gain":0,"player_choice":"Ignored","damage_taken":0,"max_hp_gain":0,"max_hp_loss":0,"event_name":"Ghosts","floor":19,"gold_loss":0},{"cards_removed":["Unload"],"damage_healed":0,"gold_gain":0,"player_choice":"Elegance","damage_taken":0,"max_hp_gain":0,"max_hp_loss":0,"event_name":"Back to Basics","floor":22,"gold_loss":0},{"damage_healed":0,"gold_gain":0,"cards_transformed":["Dodge and Roll","Slice"],"player_choice":"Became Test Subject","damage_taken":0,"max_hp_gain":0,"max_hp_loss":0,"event_name":"Drug Dealer","floor":25,"gold_loss":0,"cards_obtained":["Adrenaline","Escape Plan"]},{"damage_healed":0,"gold_gain":99,"player_choice":"Stole From Cult","damage_taken":0,"max_hp_gain":0,"max_hp_loss":0,"event_name":"Nest","floor":27,"gold_loss":0},{"cards_removed":["Escape Plan"],"damage_healed":33,"gold_gain":0,"player_choice":"Offered Uncommon","damage_taken":0,"max_hp_gain":0,"max_hp_loss":0,"event_name":"Bonfire Elementals","floor":37,"gold_loss":0},{"cards_removed":["Poisoned Stab"],"damage_healed":0,"gold_gain":0,"player_choice":"Removed Attack","damage_taken":0,"max_hp_gain":0,"max_hp_loss":0,"event_name":"Falling","floor":38,"gold_loss":0},{"damage_healed":0,"gold_gain":0,"player_choice":"Upgraded","damage_taken":0,"max_hp_gain":0,"max_hp_loss":0,"event_name":"Upgrade Shrine","floor":41,"gold_loss":0,"cards_upgraded":["Tactician"]}],"is_beta":false,"boss_relics":[{"not_picked":["White Beast Statue","HoveringKite"],"picked":"Pandora\u0027s Box"},{"not_picked":["Calling Bell","Ring of the Serpent"],"picked":"Cursed Key"}],"items_purged_floors":[5,24,46],"is_endless":false,"potions_floor_spawned":[1,11,16,28,31,36,48],"killed_by":"Time Eater","ascension_level":7}