{"gold_per_floor":[168,343,343,293,312,344,354,382,452,466,466,480,208,228,228,327,327,317,217,217,231,32,57,57,92,92,17,43,60,80,0,0,101,101,111,186,186,205,225,257,269,298,298,298,0,49,67,67,67,67],"floor_reached":50,"playtime":9972,"items_purged":["Strike_B","Strike_B"],"score":675,"play_id":"3c44b6b9-5e7f-4bf1-8094-874fbdf899ef","local_time":"20190223175256","is_ascension_mode":true,"campfire_choices":[{"floor":15,"key":"REST"},{"floor":32,"key":"REST"},{"data":"Sunder","floor":44,"key":"SMITH"},{"floor":49,"key":"RECALL"}],"neow_cost":"NONE","seed_source_timestamp":217185187580859,"circlet_count":0,"master_deck":["Strike_B","Strike_B+1","Defend_B","Defend_B","Defend_B","Zap","Dualcast","Ball Lightning","Sunder+1","Cold Snap","Echo Form","Capacitor","Sweeping Beam+1","Ball Lightning","Go for the Eyes","Conserve Battery+1","Conserve Battery+1","Rainbow+1","Leap+1","BootSequence+1","Ball Lightning","BootSequence+1","Genetic Algorithm+1","Core Surge","White Noise+1","Conserve Battery+1","Apotheosis+1"],"relics":["Tiny House","Gambling Chip","Art of War","Toxic Egg 2","Bottled Tornado","Oddly Smooth Stone","Orrery","Runic Capacitor","Orichalcum","Boot","Shuriken","Bronze Scales","Eternal Feather","Frozen Egg 2","Sundial","Red Mask","Bird Faced Urn"],"potions_floor_usage":[6,14,16,23,28,38,42,42,46,46,50],"damage_taken":[{"damage":6,"enemies":"Jaw Worm","floor":1,"turns":3},{"damage":0,"enemies":"2 Louse","floor":5,"turns":2},{"damage":16,"enemies":"3 Sentries","floor":6,"turns":8},{"damage":0,"enemies":"Small Slimes","floor":7,"turns":2},{"damage":16,"enemies":"Lagavulin","floor":8,"turns":4},{"damage":5,"enemies":"Looter","floor":10,"turns":3},{"damage":4,"enemies":"Gremlin Gang","floor":12,"turns":2},{"damage":0,"enemies":"Lots of Slimes","floor":14,"turns":1},{"damage":20,"enemies":"Slime Boss","floor":16,"turns":9},{"damage":4,"enemies":"2 Thieves","floor":18,"turns":5},{"damage":18,"enemies":"Shell Parasite","floor":21,"turns":4},{"damage":6,"enemies":"Book of Stabbing","floor":23,"turns":7},{"damage":30,"enemies":"Slavers","floor":25,"turns":8},{"damage":0,"enemies":"Book of Stabbing","floor":28,"turns":8},{"damage":0,"enemies":"Centurion and Healer","floor":29,"turns":5},{"damage":1,"enemies":"Snecko","floor":30,"turns":5},{"damage":14,"enemies":"Automaton","floor":33,"turns":10},{"damage":8,"enemies":"3 Shapes","floor":35,"turns":5},{"damage":1,"enemies":"Orb Walker","floor":38,"turns":3},{"damage":0,"enemies":"Writhing Mass","floor":39,"turns":7},{"damage":15,"enemies":"Nemesis","floor":40,"turns":7},{"damage":6,"enemies":"4 Shapes","floor":41,"turns":3},{"damage":10,"enemies":"Reptomancer","floor":42,"turns":7},{"damage":28,"enemies":"2 Orb Walkers","floor":46,"turns":6},{"damage":12,"enemies":"3 Darklings","floor":47,"turns":8},{"damage":54,"enemies":"Donu and Deca","floor":50,"turns":8}],"seed_played":"5894908006827794819","potions_obtained":[{"floor":0,"key":"Energy Potion"},{"floor":6,"key":"FocusPotion"},{"floor":7,"key":"Dexterity Potion"},{"floor":10,"key":"SteroidPotion"},{"floor":21,"key":"AttackPotion"},{"floor":28,"key":"Fire Potion"},{"floor":29,"key":"FearPotion"},{"floor":33,"key":"Energy Potion"},{"floor":39,"key":"Explosive Potion"},{"floor":40,"key":"FearPotion"},{"floor":42,"key":"SkillPotion"},{"floor":47,"key":"LiquidBronze"}],"is_trial":false,"path_per_floor":["M","?","?","?","M","E","M","E","T","M","T","M","$","M","R","B",null,"M","$","?","M","$","E","$","E","T","?","E","M","M","?","R","B",null,"M","?","$","M","M","E","M","E","T","R","?","?","M","?","R","B"],"character_chosen":"DEFECT","items_purchased":["Oddly Smooth Stone","Conserve Battery+1","Runic Capacitor"],"campfire_rested":2,"item_purchase_floors":[13,13,22],"current_hp_per_floor":[74,74,79,79,79,63,63,47,47,42,42,38,38,38,63,43,85,81,81,81,63,63,57,57,27,27,27,27,27,26,26,51,37,85,77,69,69,68,68,53,47,37,37,52,52,24,22,22,37,0],"gold":67,"neow_bonus":"BOSS_RELIC","is_prod":false,"is_daily":false,"chose_seed":false,"campfire_upgraded":1,"win_rate":0,"timestamp":1550962376,"path_taken":["M","?","?","?","M","E","M","E","T","M","?","?","?","M","R","BOSS","M","$","?","?","$","E","$","E","T","?","E","M","M","?","R","BOSS","M","?","$","?","M","E","M","E","T","R","?","?","M","?","R","BOSS"],"build_version":"2019-01-23","purchased_purges":2,"victory":false,"max_hp_per_floor":[80,80,85,85,85,85,85,85,85,85,85,85,85,85,85,85,85,85,85,85,85,85,85,85,85,85,85,85,85,85,85,85,85,85,85,85,85,85,85,85,85,85,85,85,85,85,85,85,85,85],"card_choices":[{"not_picked":["Self Repair","Steam"],"picked":"Ball Lightning","floor":0},{"not_picked":["Force Field","Rebound"],"picked":"Sunder","floor":1},{"not_picked":["Barrage","BootSequence"],"picked":"Cold Snap","floor":5},{"not_picked":["Cold Snap","Sweeping Beam"],"picked":"Echo Form","floor":6},{"not_picked":["Gash","Compile Driver"],"picked":"Capacitor","floor":7},{"not_picked":["All For One","Heatsinks"],"picked":"Sweeping Beam","floor":8},{"not_picked":["Stack+1","Undo+1"],"picked":"Ball Lightning","floor":10},{"not_picked":["Capacitor","Darkness+1"],"picked":"Go for the Eyes","floor":12},{"not_picked":["Storm","Consume+1"],"picked":"Conserve Battery+1","floor":14},{"not_picked":["Machine Learning","Multi-Cast+1"],"picked":"Rainbow+1","floor":16},{"not_picked":["Gash","Reinforced Body+1"],"picked":"Leap+1","floor":17},{"not_picked":["Steam+1","Barrage"],"picked":"BootSequence+1","floor":17},{"not_picked":["Reinforced Body+1","Hologram+1"],"picked":"Ball Lightning","floor":17},{"not_picked":["Rebound","Coolheaded+1","Streamline"],"picked":"SKIP","floor":18},{"not_picked":["Undo+1","Beam Cell"],"picked":"BootSequence+1","floor":21},{"not_picked":["Echo Form","Stack+1"],"picked":"Genetic Algorithm+1","floor":23},{"not_picked":["Cold Snap","Skim+1","Barrage"],"picked":"SKIP","floor":25},{"not_picked":["Streamline+1","Rebound","Go for the Eyes"],"picked":"SKIP","floor":28},{"not_picked":["Beam Cell","Sweeping Beam","Stack+1"],"picked":"SKIP","floor":29},{"not_picked":["Rip and Tear+1","FTL","Streamline"],"picked":"SKIP","floor":30},{"not_picked":["All For One","Fission+1"],"picked":"Core Surge","floor":33},{"not_picked":["Redo+1","Conserve Battery+1"],"picked":"White Noise+1","floor":35},{"not_picked":["Loop","FTL+1"],"picked":"Conserve Battery+1","floor":38},{"not_picked":["Hello World","Redo+1","Chaos+1"],"picked":"SKIP","floor":39},{"not_picked":["Barrage","Turbo+1","Cold Snap+1"],"picked":"SKIP","floor":40},{"not_picked":["Fusion+1","Beam Cell+1","Lockon+1"],"picked":"SKIP","floor":41},{"not_picked":["Gash+1","Aggregate+1","Thunder Strike"],"picked":"SKIP","floor":42},{"not_picked":["Rebound","Sweeping Beam+1","Chaos+1"],"picked":"SKIP","floor":47},{"not_picked":["Madness+1","Swift Strike"],"picked":"Apotheosis+1","floor":48}],"player_experience":187134,"relics_obtained":[{"floor":6,"key":"Gambling Chip"},{"floor":8,"key":"Art of War"},{"floor":9,"key":"Toxic Egg 2"},{"floor":11,"key":"Bottled Tornado"},{"floor":23,"key":"Orichalcum"},{"floor":25,"key":"Boot"},{"floor":26,"key":"Shuriken"},{"floor":28,"key":"Bronze Scales"},{"floor":40,"key":"Frozen Egg 2"},{"floor":42,"key":"Sundial"},{"floor":46,"key":"Bird Faced Urn"}],"event_choices":[{"damage_healed":0,"gold_gain":175,"player_choice":"AGREE","damage_taken":0,"max_hp_gain":0,"max_hp_loss":0,"event_name":"Liars Game","floor":2,"gold_loss":0,"cards_obtained":["Doubt"]},{"damage_healed":0,"gold_gain":0,"player_choice":"Donut","damage_taken":0,"max_hp_gain":5,"max_hp_loss":0,"event_name":"Big Fish","floor":3,"gold_loss":0},{"cards_removed":["Doubt"],"damage_healed":0,"gold_gain":0,"player_choice":"Card Removal","damage_taken":0,"max_hp_gain":0,"max_hp_loss":0,"event_name":"The Cleric","floor":4,"gold_loss":50},{"damage_healed":0,"gold_gain":0,"player_choice":"Upgraded","damage_taken":0,"max_hp_gain":0,"max_hp_loss":0,"event_name":"Upgrade Shrine","floor":20,"gold_loss":0,"cards_upgraded":["Sweeping Beam"]},{"cards_removed":["Defend_B"],"damage_healed":0,"gold_gain":0,"player_choice":"Gave Gold","damage_taken":0,"max_hp_gain":0,"max_hp_loss":0,"event_name":"Beggar","floor":27,"gold_loss":75},{"damage_healed":0,"gold_gain":0,"player_choice":"Paid Fearfully","damage_taken":0,"max_hp_gain":0,"max_hp_loss":0,"event_name":"Masked Bandits","floor":31,"gold_loss":80},{"damage_healed":0,"gold_gain":75,"player_choice":"Touch","damage_taken":8,"max_hp_gain":0,"max_hp_loss":0,"event_name":"FaceTrader","floor":36,"gold_loss":0},{"damage_healed":0,"gold_gain":0,"player_choice":"Paid","damage_taken":0,"relics_obtained":["Red Mask"],"max_hp_gain":0,"max_hp_loss":0,"event_name":"Tomb of Lord Red Mask","floor":45,"gold_loss":298},{"damage_healed":0,"gold_gain":0,"player_choice":"Fight","damage_taken":0,"max_hp_gain":0,"max_hp_loss":0,"event_name":"Mysterious Sphere","floor":46,"gold_loss":0},{"damage_healed":0,"gold_gain":0,"player_choice":"Memory 1","damage_taken":0,"max_hp_gain":0,"max_hp_loss":0,"event_name":"SensoryStone","floor":48,"gold_loss":0}],"is_beta":false,"boss_relics":[{"not_picked":["Coffee Dripper","Velvet Choker"],"picked":"Orrery"},{"not_picked":["Lizard Tail","Astrolabe"],"picked":"Eternal Feather"}],"items_purged_floors":[13,19],"is_endless":false,"potions_floor_spawned":[6,7,10,21,28,29,33,39,40,41,42,47],"killed_by":"Donu and Deca","ascension_level":1}