{"gold_per_floor":[117,130,150,167,177,177,189,205,205,205,36,55,68,68,68,171,171,183,196,196,212,212,212,228,35,35,35,48,66,81,81],"floor_reached":31,"playtime":3381,"items_purged":["Defend_G","Defend_G"],"score":237,"play_id":"6b1a28ce-7f86-48a4-ba27-815843147dd1","local_time":"20180927174044","is_ascension_mode":false,"campfire_choices":[{"floor":6,"key":"REST"},{"floor":15,"key":"REST"},{"floor":23,"key":"REST"},{"floor":27,"key":"REST"}],"neow_cost":"","seed_source_timestamp":4732297050357,"circlet_count":0,"master_deck":["Defend_G","Defend_G","Defend_G","Strike_G","Strike_G","Strike_G","Strike_G","Strike_G","Survivor","Neutralize","Dagger Throw","Prepared","Blade Dance","Slice","Underhanded Strike","Underhanded Strike","Quick Slash","Finisher","Dagger Spray","Eviscerate","Adrenaline","Tactician+1","Deadly Poison","Dagger Throw+1","Prepared","Finisher","Underhanded Strike","Infinite Blades","Slice"],"relics":["Ring of the Snake","Shuriken","Potion Belt","White Beast Statue","MutagenicStrength","Sundial"],"potions_floor_usage":[16,28,29,30],"damage_taken":[{"damage":0,"enemies":"Jaw Worm","floor":1,"turns":6},{"damage":9,"enemies":"Small Slimes","floor":2,"turns":5},{"damage":1,"enemies":"Cultist","floor":3,"turns":4},{"damage":8,"enemies":"3 Louse","floor":4,"turns":4},{"damage":12,"enemies":"Exordium Wildlife","floor":5,"turns":6},{"damage":27,"enemies":"Exordium Thugs","floor":7,"turns":8},{"damage":14,"enemies":"Lots of Slimes","floor":8,"turns":4},{"damage":4,"enemies":"Blue Slaver","floor":12,"turns":2},{"damage":2,"enemies":"Looter","floor":13,"turns":3},{"damage":28,"enemies":"Hexaghost","floor":16,"turns":8},{"damage":21,"enemies":"2 Thieves","floor":18,"turns":4},{"damage":12,"enemies":"Shell Parasite","floor":19,"turns":4},{"damage":25,"enemies":"Snake Plant","floor":21,"turns":4},{"damage":16,"enemies":"3 Cultists","floor":24,"turns":4},{"damage":7,"enemies":"Snecko","floor":28,"turns":4},{"damage":15,"enemies":"Snake Plant","floor":29,"turns":4},{"damage":10,"enemies":"Chosen and Byrds","floor":30,"turns":2},{"damage":20,"enemies":"Shelled Parasite and Fungi","floor":31,"turns":2}],"seed_played":"-1356756866982040426","potions_obtained":[{"floor":2,"key":"AttackPotion"},{"floor":4,"key":"FearPotion"},{"floor":8,"key":"Dexterity Potion"},{"floor":12,"key":"PowerPotion"},{"floor":18,"key":"Poison Potion"},{"floor":19,"key":"Energy Potion"},{"floor":21,"key":"Weak Potion"},{"floor":24,"key":"SneckoOil"},{"floor":28,"key":"Poison Potion"},{"floor":29,"key":"AttackPotion"},{"floor":30,"key":"LiquidBronze"}],"is_trial":false,"path_per_floor":["M","M","M","M","M","R","M","M","T","?","$","M","M","?","R","B",null,"M","M","?","M","?","R","M","$","T","R","M","M","M"],"character_chosen":"THE_SILENT","items_purchased":["Quick Slash","Finisher","Prepared","Finisher"],"campfire_rested":4,"item_purchase_floors":[11,11,25,25],"current_hp_per_floor":[70,61,60,52,40,61,34,20,20,20,20,16,14,14,35,7,70,49,37,37,12,12,33,17,17,17,38,31,16,6,0],"gold":81,"neow_bonus":"","is_prod":false,"is_daily":false,"chose_seed":false,"campfire_upgraded":0,"win_rate":0.0,"timestamp":1538062844,"path_taken":["M","M","M","M","M","R","M","M","T","?","$","M","M","?","R","BOSS","M","M","?","M","?","R","M","$","T","R","M","M","M","?"],"build_version":"2018-09-20","purchased_purges":2,"victory":false,"max_hp_per_floor":[70,70,70,70,70,70,70,70,70,70,70,70,70,70,70,70,70,70,70,70,70,70,70,70,70,70,70,70,70,70,70],"card_choices":[{"not_picked":["Sucker Punch","Dodge and Roll"],"picked":"Dagger Throw","floor":1},{"not_picked":["Backflip","Reflex"],"picked":"Prepared","floor":2},{"not_picked":["Bullet Time","Distraction"],"picked":"Blade Dance","floor":3},{"not_picked":["Calculated Gamble","Poisoned Stab"],"picked":"Slice","floor":4},{"not_picked":["Backflip","Skewer"],"picked":"Underhanded Strike","floor":5},{"not_picked":["Footwork","Flying Knee"],"picked":"Underhanded Strike","floor":7},{"not_picked":["Caltrops","Deflect","PiercingWail"],"picked":"SKIP","floor":8},{"not_picked":["Riddle With Holes","Underhanded Strike"],"picked":"Dagger Spray","floor":12},{"not_picked":["Crippling Poison","Heel Hook"],"picked":"Eviscerate","floor":13},{"not_picked":["Die Die Die","Doppelganger"],"picked":"Adrenaline","floor":16},{"not_picked":["Sucker Punch+1","Quick Slash"],"picked":"Tactician+1","floor":18},{"not_picked":["Dagger Spray+1","Dodge and Roll","Outmaneuver"],"picked":"SKIP","floor":19},{"not_picked":["Flechettes","Dagger Spray","Envenom"],"picked":"SKIP","floor":21},{"not_picked":["Quick Slash","Flying Knee"],"picked":"Dagger Throw+1","floor":24},{"not_picked":["Footwork","Dodge and Roll"],"picked":"Underhanded Strike","floor":28},{"not_picked":["Expertise","Underhanded Strike"],"picked":"Infinite Blades","floor":29},{"not_picked":["Escape Plan","Deflect+1"],"picked":"Slice","floor":30}],"player_experience":6282,"relics_obtained":[{"floor":9,"key":"Shuriken"},{"floor":26,"key":"Sundial"}],"event_choices":[{"event_name":"Shining Light","player_choice":"Ignored","floor":10,"damage_taken":0},{"event_name":"WeMeetAgain","player_choice":"Potion","floor":14,"damage_taken":0},{"event_name":"Drug Dealer","player_choice":"Inject Mutagens","floor":20,"damage_taken":0},{"event_name":"Match and Keep!","player_choice":"1 cards matched","floor":22,"damage_taken":0}],"is_beta":false,"boss_relics":[{"not_picked":["Sozu","WristBlade"],"picked":"White Beast Statue"}],"items_purged_floors":[11,25],"is_endless":false,"potions_floor_spawned":[2,4,8,12,18,19,21,24,28,29,30],"killed_by":"Shelled Parasite and Fungi","ascension_level":0}