{"gold_per_floor":[110,35,35,52,52,52,84,99,126,126,96,119,131,131,131,230,230,241,256,109,123,8,8,23,23,50,50,63,63],"floor_reached":29,"playtime":1198,"items_purged":["Strike_G","Strike_G"],"score":338,"play_id":"9cbb51f8-4f9b-42a7-b802-58cadfa2f635","local_time":"20190108181237","is_ascension_mode":true,"campfire_choices":[{"data":"Noxious Fumes","floor":6,"key":"SMITH"},{"floor":15,"key":"REST"},{"data":"Adrenaline","floor":23,"key":"SMITH"},{"floor":25,"key":"REST"},{"data":"Doppelganger","floor":27,"key":"SMITH"}],"neow_cost":"NONE","seed_source_timestamp":582451130048260,"circlet_count":0,"master_deck":["Defend_G+1","Defend_G","Defend_G","Defend_G","Strike_G","Strike_G","Strike_G+1","Survivor","Neutralize","Noxious Fumes+1","Deflect","Doppelganger+1","Flying Knee","Predator","Slice","Adrenaline+1","Footwork","Noxious Fumes","Slice","Dagger Spray","Dodge and Roll","All Out Attack+1","Cloak And Dagger","Tactician","Well Laid Plans","Flechettes","Deflect","Acrobatics+1"],"relics":["Ring of the Snake","NeowsBlessing","Happy Flower","Potion Belt","Odd Mushroom","Orrery","Lantern"],"potions_floor_usage":[10,13,18],"damage_taken":[{"damage":0,"enemies":"Jaw Worm","floor":1,"turns":1},{"damage":0,"enemies":"2 Louse","floor":4,"turns":1},{"damage":0,"enemies":"Gremlin Nob","floor":7,"turns":1},{"damage":0,"enemies":"Cultist","floor":8,"turns":4},{"damage":0,"enemies":"3 Louse","floor":10,"turns":2},{"damage":0,"enemies":"Looter","floor":11,"turns":4},{"damage":24,"enemies":"The Mushroom Lair","floor":12,"turns":5},{"damage":5,"enemies":"2 Fungi Beasts","floor":13,"turns":3},{"damage":21,"enemies":"The Guardian","floor":16,"turns":11},{"damage":0,"enemies":"Chosen","floor":18,"turns":5},{"damage":6,"enemies":"3 Byrds","floor":19,"turns":4},{"damage":17,"enemies":"Centurion and Healer","floor":21,"turns":8},{"damage":22,"enemies":"Sentry and Sphere","floor":24,"turns":7},{"damage":25,"enemies":"Snake Plant","floor":28,"turns":5},{"damage":12,"enemies":"Chosen and Byrds","floor":29,"turns":4}],"seed_played":"-5357431738088961601","potions_obtained":[{"floor":1,"key":"Weak Potion"},{"floor":8,"key":"SmokeBomb"},{"floor":16,"key":"PowerPotion"},{"floor":21,"key":"SpeedPotion"}],"is_trial":false,"path_per_floor":["M","$","?","M","?","R","E","M","T","M","M","?","M","?","R","B",null,"M","M","$","M","$","R","M","R","T","R","M","M"],"character_chosen":"THE_SILENT","items_purchased":["Cloak And Dagger","Well Laid Plans","Flechettes"],"campfire_rested":2,"item_purchase_floors":[20,22,22],"current_hp_per_floor":[63,63,49,49,49,49,49,49,49,49,49,25,20,20,41,20,58,58,52,52,35,35,35,13,34,34,34,9,0],"gold":63,"neow_bonus":"THREE_ENEMY_KILL","is_prod":false,"is_daily":false,"chose_seed":false,"campfire_upgraded":3,"win_rate":0,"timestamp":1546967557,"path_taken":["M","$","?","M","?","R","E","?","T","M","M","?","M","?","R","BOSS","M","M","$","M","$","R","M","R","T","R","M","M"],"build_version":"2019-01-03v4","purchased_purges":2,"victory":false,"max_hp_per_floor":[70,70,70,70,70,70,70,70,70,70,70,70,70,70,70,70,70,70,70,70,70,70,70,70,70,70,70,70,70],"card_choices":[{"not_picked":["Flying Knee","Distraction"],"picked":"Noxious Fumes","floor":1},{"not_picked":["PiercingWail","All Out Attack"],"picked":"Deflect","floor":4},{"not_picked":["Expertise","Predator"],"picked":"Doppelganger","floor":7},{"not_picked":["Blade Dance","Well Laid Plans"],"picked":"Flying Knee","floor":8},{"not_picked":["Acrobatics","Endless Agony"],"picked":"Predator","floor":11},{"not_picked":["Wraith Form v2","Concentrate"],"picked":"Slice","floor":13},{"not_picked":["Doppelganger","After Image"],"picked":"Adrenaline","floor":16},{"not_picked":["Deflect","Poisoned Stab"],"picked":"Footwork","floor":17},{"not_picked":["Outmaneuver","Dash"],"picked":"Noxious Fumes","floor":17},{"not_picked":["Dodge and Roll","Acrobatics"],"picked":"Slice","floor":17},{"not_picked":["Slice","Outmaneuver"],"picked":"Dagger Spray","floor":17},{"not_picked":["Eviscerate","Choke"],"picked":"Dodge and Roll","floor":17},{"not_picked":["Dagger Throw","Dodge and Roll"],"picked":"All Out Attack+1","floor":18},{"not_picked":["Storm of Steel","Poisoned Stab","Outmaneuver"],"picked":"SKIP","floor":19},{"not_picked":["Prepared+1","Dagger Spray"],"picked":"Tactician","floor":21},{"not_picked":["Sucker Punch","Noxious Fumes+1"],"picked":"Deflect","floor":24},{"not_picked":["Poisoned Stab","Accuracy+1"],"picked":"Acrobatics+1","floor":28}],"player_experience":490790,"relics_obtained":[{"floor":7,"key":"Happy Flower"},{"floor":9,"key":"Potion Belt"},{"floor":12,"key":"Odd Mushroom"},{"floor":26,"key":"Lantern"}],"event_choices":[{"damage_healed":0,"gold_gain":0,"player_choice":"Entered Light","damage_taken":14,"max_hp_gain":0,"max_hp_loss":0,"event_name":"Shining Light","floor":3,"gold_loss":0,"cards_upgraded":["Defend_G","Strike_G"]},{"cards_removed":["Defend_G"],"damage_healed":0,"gold_gain":0,"player_choice":"Purged","damage_taken":0,"max_hp_gain":0,"max_hp_loss":0,"event_name":"Purifier","floor":5,"gold_loss":0},{"damage_healed":0,"gold_gain":0,"player_choice":"Fought Mushrooms","damage_taken":0,"max_hp_gain":0,"max_hp_loss":0,"event_name":"Mushrooms","floor":12,"gold_loss":0},{"damage_healed":0,"gold_gain":0,"player_choice":"Ignored","damage_taken":0,"max_hp_gain":0,"max_hp_loss":0,"event_name":"Liars Game","floor":14,"gold_loss":0}],"is_beta":false,"boss_relics":[{"not_picked":["Lizard Tail","Velvet Choker"],"picked":"Orrery"}],"items_purged_floors":[2,20],"is_endless":false,"potions_floor_spawned":[1,8,16,21],"killed_by":"Chosen and Byrds","ascension_level":7}