{"path_per_floor":["M","M","?","M","$","M","?","M","T","M","R","M","M","M","R","B",null,"M","?","M","M","?","R","$","M","T"],"character_chosen":"THE_SILENT","items_purchased":["A Thousand Cuts","Backflip","Bottled Tornado","Regen Potion"],"gold_per_floor":[111,129,129,142,22,38,66,78,105,123,123,135,152,166,166,265,265,284,284,301,311,311,311,21,32,332],"floor_reached":27,"campfire_rested":3,"playtime":3518,"current_hp_per_floor":[67,67,60,54,54,40,25,14,14,13,34,24,13,12,33,24,70,41,64,51,13,13,34,34,18,18],"items_purged":[],"gold":332,"score":211,"play_id":"0fec0b1b-6a29-4212-95b1-d1ae2eef1932","local_time":"20180303184713","is_prod":false,"is_daily":false,"is_ascension_mode":false,"campfire_upgraded":0,"timestamp":1520120833,"path_taken":["M","M","?","M","$","M","?","M","T","?","R","M","M","M","R","BOSS","M","?","M","M","?","R","?","?","T","M"],"build_version":"2018-03-01-PROD1","purchased_purges":0,"victory":false,"master_deck":["Defend_G","Defend_G","Defend_G","Defend_G","Defend_G","Strike_G","Strike_G","Strike_G","Strike_G","Strike_G","Survivor+1","Neutralize","Blade Dance","Blade Dance","Dagger Spray","A Thousand Cuts","Backflip","Accuracy","Flying Knee","Leg Sweep","Backflip","Escape Plan","Blade Dance","Footwork","Burst","Dodge and Roll","Slice","Endless Agony","Cloak And Dagger"],"max_hp_per_floor":[70,70,70,70,70,70,70,70,70,70,70,70,70,70,70,70,70,70,70,70,70,70,70,70,70,70],"relics":["Ring of the Snake","Torii","Odd Mushroom","Bronze Scales","Question Card","Ice Cream","Bottled Tornado","Old Coin"],"card_choices":[{"not_picked":["Slice","Backstab"],"picked":"Blade Dance"},{"not_picked":["Acrobatics","Poisoned Stab"],"picked":"Blade Dance"},{"not_picked":["Deadly Poison","Outmaneuver"],"picked":"Dagger Spray"},{"not_picked":["Doppelganger","Bane"],"picked":"Accuracy"},{"not_picked":["PiercingWail","Quick Slash"],"picked":"Flying Knee"},{"not_picked":["Flying Knee","Terror"],"picked":"Leg Sweep"},{"not_picked":["Skewer","Quick Slash"],"picked":"Backflip"},{"not_picked":["Calculated Gamble","Prepared"],"picked":"Escape Plan"},{"not_picked":["Sucker Punch","Crippling Poison"],"picked":"Blade Dance"},{"not_picked":["Terror","Bouncing Flask"],"picked":"Footwork"},{"not_picked":["Adrenaline","Envenom"],"picked":"Burst"},{"not_picked":["Terror","Distraction","Riddle With Holes"],"picked":"Dodge and Roll"},{"not_picked":["Deadly Poison","PiercingWail","Dash"],"picked":"Slice"},{"not_picked":["Well Laid Plans","Riddle With Holes","Deadly Poison"],"picked":"Endless Agony"},{"not_picked":["Blur","Backflip","Prepared"],"picked":"Cloak And Dagger"}],"player_experience":63279,"potions_floor_usage":[8,16,16,25],"damage_taken":[{"damage":3,"enemies":"Small Slimes","floor":1,"turns":3},{"damage":0,"enemies":"Cultist","floor":2,"turns":5},{"damage":6,"enemies":"Jaw Worm","floor":4,"turns":4},{"damage":14,"enemies":"Blue Slaver","floor":6,"turns":4},{"damage":15,"enemies":"The Mushroom Lair","floor":7,"turns":4},{"damage":11,"enemies":"Exordium Wildlife","floor":8,"turns":5},{"damage":1,"enemies":"Lots of Slimes","floor":10,"turns":2},{"damage":10,"enemies":"Blue Slaver","floor":12,"turns":4},{"damage":11,"enemies":"3 Louse","floor":13,"turns":3},{"damage":1,"enemies":"Large Slime","floor":14,"turns":5},{"damage":9,"enemies":"The Guardian","floor":16,"turns":12},{"damage":29,"enemies":"2 Thieves","floor":18,"turns":5},{"damage":13,"enemies":"Shell Parasite","floor":20,"turns":7},{"damage":38,"enemies":"Centurion and Healer","floor":21,"turns":7},{"damage":31,"enemies":"Snake Plant","floor":25,"turns":7},{"damage":18,"enemies":"3 Cultists","floor":27,"turns":4}],"event_choices":[{"event_name":"Scrap Ooze","player_choice":"success","floor":3,"damage_taken":7},{"event_name":"Mushrooms","player_choice":"Fought Mushrooms","floor":7,"damage_taken":0},{"event_name":"The Library","player_choice":"Heal","floor":19,"damage_taken":0},{"event_name":"The Mausoleum","player_choice":"Yes","floor":22,"damage_taken":0}],"boss_relics":[{"not_picked":["Ectoplasm","Sozu"],"picked":"Question Card"}],"potions_floor_spawned":[1,6,8,10,13,14,20],"seed_played":"-3731104721853039057","killed_by":"3 Cultists","ascension_level":0,"is_trial":false}