{"gold_per_floor":[119,129,304,314,11,11,42,56,109,127,127,157,157,175,175,254,254,269,283,299,334,94,94,122,136,161,20,20,20,32,66,66,66],"floor_reached":33,"playtime":3427,"items_purged":[],"score":490,"play_id":"cd28f8b1-1a1b-4a2d-940f-4c558873994f","local_time":"20190120114254","is_ascension_mode":true,"campfire_choices":[{"data":"Glass Knife","floor":6,"key":"SMITH"},{"data":"Neutralize","floor":11,"key":"SMITH"},{"floor":15,"key":"REST"},{"data":"After Image","floor":23,"key":"SMITH"},{"floor":28,"key":"REST"},{"data":"Choke","floor":32,"key":"SMITH"}],"neow_cost":"NONE","seed_source_timestamp":842245752066352,"circlet_count":0,"master_deck":["AscendersBane","Defend_G","Defend_G","Defend_G","Defend_G","Defend_G","Strike_G","Strike_G","Strike_G","Strike_G","Strike_G","Survivor","Neutralize+1","Bane","Flying Knee","Glass Knife+1","Venomology+1","Leg Sweep+1","PiercingWail+1","After Image+1","Cloak And Dagger+1","Calculated Gamble+1","Cloak And Dagger+1","Choke+1","Backflip+1","Burst+1","Slice+1","Slice"],"relics":["Ring of the Snake","NeowsBlessing","Pen Nib","Toxic Egg 2","Snake Skull","Bronze Scales","Eternal Feather","Red Mask","Pear","The Specimen","Regal Pillow","Shuriken"],"potions_floor_usage":[7,8,12,12,14,16,16,18,19,20,21,21,21,24,25,30,30,31,31,33,33],"damage_taken":[{"damage":0,"enemies":"2 Louse","floor":1,"turns":1},{"damage":0,"enemies":"Small Slimes","floor":2,"turns":1},{"damage":0,"enemies":"Jaw Worm","floor":4,"turns":1},{"damage":2,"enemies":"Gremlin Nob","floor":7,"turns":3},{"damage":8,"enemies":"Lots of Slimes","floor":8,"turns":4},{"damage":2,"enemies":"Exordium Wildlife","floor":10,"turns":5},{"damage":17,"enemies":"Lagavulin","floor":12,"turns":6},{"damage":0,"enemies":"Exordium Thugs","floor":14,"turns":3},{"damage":30,"enemies":"The Guardian","floor":16,"turns":14},{"damage":14,"enemies":"Spheric Guardian","floor":18,"turns":4},{"damage":2,"enemies":"Shell Parasite","floor":19,"turns":5},{"damage":0,"enemies":"Snake Plant","floor":20,"turns":5},{"damage":6,"enemies":"Masked Bandits","floor":21,"turns":6},{"damage":15,"enemies":"Slavers","floor":24,"turns":8},{"damage":32,"enemies":"3 Cultists","floor":25,"turns":7},{"damage":0,"enemies":"Centurion and Healer","floor":30,"turns":6},{"damage":9,"enemies":"Gremlin Leader","floor":31,"turns":6},{"damage":82,"enemies":"Champ","floor":33,"turns":17}],"seed_played":"4297307514944074276","potions_obtained":[{"floor":2,"key":"Poison Potion"},{"floor":4,"key":"SteroidPotion"},{"floor":10,"key":"Fire Potion"},{"floor":12,"key":"Poison Potion"},{"floor":19,"key":"SpeedPotion"},{"floor":20,"key":"Block Potion"},{"floor":24,"key":"PowerPotion"},{"floor":31,"key":"Ancient Potion"}],"is_trial":false,"path_per_floor":["M","M","?","M","$","R","E","M","T","M","R","E","?","M","R","B",null,"M","M","M","?","$","R","E","M","T","$","R","$","M","E","R","B"],"character_chosen":"THE_SILENT","items_purchased":["Glass Knife","Pen Nib","Pear","Burst+1"],"campfire_rested":2,"item_purchase_floors":[5,5,22,27],"current_hp_per_floor":[63,63,63,63,63,63,61,53,53,51,51,34,34,34,55,25,59,45,43,43,37,47,59,44,12,12,12,66,66,66,57,72,0],"gold":66,"neow_bonus":"THREE_ENEMY_KILL","is_prod":false,"is_daily":false,"chose_seed":false,"campfire_upgraded":4,"win_rate":0,"timestamp":1548002574,"path_taken":["M","M","?","M","$","R","E","M","T","M","R","E","?","?","R","BOSS","M","M","?","?","?","R","E","M","T","$","R","$","M","E","R","BOSS"],"build_version":"2019-01-17v2","purchased_purges":0,"victory":false,"max_hp_per_floor":[70,70,70,70,70,70,70,70,70,70,70,70,70,70,70,70,70,70,70,70,70,80,80,80,80,80,80,80,80,80,80,80,80],"card_choices":[{"not_picked":["Cloak And Dagger","Heel Hook","Escape Plan"],"picked":"SKIP","floor":1},{"not_picked":["Distraction","Dodge and Roll"],"picked":"Bane","floor":2},{"not_picked":["Backflip","Acrobatics"],"picked":"Flying Knee","floor":4},{"not_picked":["Outmaneuver","Poisoned Stab","Quick Slash"],"picked":"SKIP","floor":7},{"not_picked":["Blade Dance+1","Sucker Punch","Masterful Stab"],"picked":"SKIP","floor":8},{"not_picked":["Backstab","Deflect+1"],"picked":"Venomology+1","floor":10},{"not_picked":["Dagger Throw","Quick Slash"],"picked":"Leg Sweep+1","floor":12},{"not_picked":["Backflip+1","Concentrate+1"],"picked":"PiercingWail+1","floor":14},{"not_picked":["Glass Knife","Storm of Steel+1"],"picked":"After Image","floor":16},{"not_picked":["Flying Knee","Predator","Reflex+1"],"picked":"SKIP","floor":18},{"not_picked":["Slice","Quick Slash"],"picked":"Cloak And Dagger+1","floor":19},{"not_picked":["Heel Hook","Outmaneuver+1"],"picked":"Calculated Gamble+1","floor":20},{"not_picked":["Calculated Gamble+1","Sucker Punch"],"picked":"Cloak And Dagger+1","floor":21},{"not_picked":["Die Die Die","Prepared+1"],"picked":"Choke","floor":24},{"not_picked":["Bane","Flying Knee"],"picked":"Backflip+1","floor":25},{"not_picked":["Catalyst+1","Footwork"],"picked":"Slice+1","floor":30},{"not_picked":["Dagger Throw","Underhanded Strike"],"picked":"Slice","floor":31}],"player_experience":454189,"relics_obtained":[{"floor":7,"key":"Toxic Egg 2"},{"floor":9,"key":"Snake Skull"},{"floor":12,"key":"Bronze Scales"},{"floor":21,"key":"Red Mask"},{"floor":24,"key":"The Specimen"},{"floor":26,"key":"Regal Pillow"},{"floor":31,"key":"Shuriken"}],"event_choices":[{"damage_healed":0,"gold_gain":175,"player_choice":"AGREE","damage_taken":0,"max_hp_gain":0,"max_hp_loss":0,"event_name":"Liars Game","floor":3,"gold_loss":0,"cards_obtained":["Doubt"]},{"cards_removed":["Doubt"],"damage_healed":0,"gold_gain":0,"player_choice":"Forget","damage_taken":0,"max_hp_gain":0,"max_hp_loss":0,"event_name":"Living Wall","floor":13,"gold_loss":0},{"damage_healed":0,"gold_gain":0,"player_choice":"Fought Bandits","damage_taken":0,"max_hp_gain":0,"max_hp_loss":0,"event_name":"Masked Bandits","floor":21,"gold_loss":0}],"is_beta":false,"boss_relics":[{"not_picked":["White Beast Statue","Calling Bell"],"picked":"Eternal Feather"}],"items_purged_floors":[],"is_endless":false,"potions_floor_spawned":[2,4,10,12,19,20,24,31],"killed_by":"Champ","ascension_level":13}