{"path_per_floor":["M","$","?","M","$","R","E","R","T","M","E","T","R","?","R","B",null,"M","?","?","$","?","R","M","E","T","E","M","$"],"character_chosen":"IRONCLAD","items_purchased":["Paper Frog","Meat on the Bone","Frozen Egg 2","Energy Potion"],"gold_per_floor":[117,42,42,57,57,57,392,392,419,432,463,517,517,517,517,616,616,629,679,594,9,259,259,279,312,382,414,434,7,7],"floor_reached":30,"campfire_rested":3,"playtime":1812,"item_purchase_floors":[21,21,29,29],"current_hp_per_floor":[62,62,68,56,56,56,33,58,58,58,23,23,23,23,48,23,86,53,53,53,53,59,86,56,34,34,18,20,20,0],"items_purged":["Normality","Decay","Regret"],"gold":7,"score":311,"play_id":"3ce9f775-55c9-492f-ad9e-58848aa2c018","local_time":"20180526032109","is_prod":false,"is_daily":false,"chose_seed":false,"is_ascension_mode":true,"campfire_upgraded":1,"win_rate":0,"timestamp":1527319269,"campfire_choices":[{"floor":6,"key":"DIG"},{"floor":8,"key":"REST"},{"data":"Rupture","floor":13,"key":"SMITH"},{"floor":15,"key":"REST"},{"floor":23,"key":"REST"}],"path_taken":["M","$","?","?","$","R","E","R","T","M","E","?","R","?","R","BOSS","M","?","?","$","?","R","M","E","T","E","?","$","M"],"build_version":"2018-05-24","seed_source_timestamp":0,"purchased_purges":3,"victory":false,"master_deck":["Strike_R","Strike_R","Strike_R","Strike_R","Strike_R","Defend_R","Defend_R","Defend_R","Defend_R","Bash","Regret","Twin Strike","Regret","Heavy Blade","Thunderclap","Rupture+1","Heavy Blade","Reaper","Warcry+1","Fire Breathing+1","Flex+1","Seeing Red+1","Impervious+1","Shrug It Off+1"],"max_hp_per_floor":[80,80,86,86,86,86,86,86,86,86,86,86,86,86,86,86,86,86,86,86,86,92,92,92,92,92,92,92,92,92],"relics":["Calling Bell","Darkstone Periapt","Vajra","Red Skull","Shovel","Ginger","Old Coin","Potion Belt","Toxic Egg 2","Happy Flower","Snecko Eye","Dream Catcher","Paper Frog","Meat on the Bone","Molten Egg 2","Shuriken","Regal Pillow","Frozen Egg 2"],"card_choices":[{"not_picked":["Headbutt","Armaments"],"picked":"Twin Strike","floor":1.0},{"not_picked":["Corruption","Hemokinesis"],"picked":"Heavy Blade","floor":4.0},{"not_picked":["Battle Trance","Havoc"],"picked":"Thunderclap","floor":7},{"not_picked":["Shockwave","Blood for Blood"],"picked":"Rupture","floor":10},{"not_picked":["Feel No Pain","Clash"],"picked":"Heavy Blade","floor":11},{"not_picked":["Fiend Fire","Barricade"],"picked":"Reaper","floor":16},{"not_picked":["Entrench+1","Perfected Strike+1"],"picked":"Warcry+1","floor":18},{"not_picked":["Pommel Strike+1","Corruption"],"picked":"Fire Breathing+1","floor":23},{"not_picked":["Cleave+1","Body Slam"],"picked":"Flex+1","floor":24},{"not_picked":["True Grit+1","Pommel Strike+1"],"picked":"Seeing Red+1","floor":25},{"not_picked":["Iron Wave+1","Anger+1"],"picked":"Impervious+1","floor":27},{"not_picked":["Twin Strike+1","Thunderclap+1"],"picked":"Shrug It Off+1","floor":28}],"player_experience":326217,"potions_floor_usage":[16,16,27,30],"damage_taken":[{"damage":18.0,"enemies":"Jaw Worm","floor":1.0,"turns":4.0},{"damage":12.0,"enemies":"2 Louse","floor":4.0,"turns":3.0},{"damage":23,"enemies":"Gremlin Nob","floor":7,"turns":4},{"damage":0,"enemies":"Cultist","floor":10,"turns":2},{"damage":35,"enemies":"Lagavulin","floor":11,"turns":5},{"damage":33,"enemies":"Slime Boss","floor":16,"turns":7},{"damage":33,"enemies":"2 Thieves","floor":18,"turns":3},{"damage":42,"enemies":"Spheric Guardian","floor":24,"turns":4},{"damage":56,"enemies":"Gremlin Leader","floor":25,"turns":6},{"damage":52,"enemies":"Slavers","floor":27,"turns":4},{"damage":18,"enemies":"Snecko","floor":28,"turns":4},{"damage":24,"enemies":"Cultist and Chosen","floor":30,"turns":3}],"relics_obtained":[{"floor":0.0,"key":"Darkstone Periapt"},{"floor":0.0,"key":"Vajra"},{"floor":0.0,"key":"Red Skull"},{"floor":6,"key":"Ginger"},{"floor":7,"key":"Old Coin"},{"floor":9,"key":"Potion Belt"},{"floor":11,"key":"Toxic Egg 2"},{"floor":12,"key":"Happy Flower"},{"floor":25,"key":"Molten Egg 2"},{"floor":26,"key":"Shuriken"},{"floor":27,"key":"Regal Pillow"}],"event_choices":[{"event_name":"Big Fish","player_choice":"Box","floor":3.0,"damage_taken":0.0},{"event_name":"Shining Light","player_choice":"Ignored","floor":14,"damage_taken":0},{"event_name":"The Joust","player_choice":"Bet on Murderer","floor":19,"damage_taken":0},{"event_name":"Addict","player_choice":"Obtained Relic","floor":20,"damage_taken":0},{"event_name":"Golden Shrine","player_choice":"Desecrate","floor":22,"damage_taken":0}],"boss_relics":[{"not_picked":["Eternal Feather","Ectoplasm"],"picked":"Snecko Eye"}],"items_purged_floors":[],"potions_floor_spawned":[7,11,25],"seed_played":"895713369571798802","killed_by":"Cultist and Chosen","ascension_level":1,"potions_obtained":[{"floor":7,"key":"Strength Potion"},{"floor":11,"key":"BloodPotion"},{"floor":25,"key":"AttackPotion"}],"is_trial":false}