{"gold_per_floor":[109,184,113,130,48,78,78,113,113,113,173,201,213,253,265,277],"floor_reached":16,"playtime":812,"items_purged":[],"score":174,"play_id":"17595124-5569-4e1c-9083-08b6fa0a5a89","local_time":"20190224122241","is_ascension_mode":true,"campfire_choices":[{"floor":7,"key":"REST"},{"floor":10,"key":"REST"},{"data":"Infernal Blade","floor":13,"key":"SMITH"},{"floor":15,"key":"REST"}],"neow_cost":"NONE","seed_source_timestamp":584754186436067,"circlet_count":0,"master_deck":["AscendersBane","Strike_R","Strike_R","Strike_R","Strike_R","Strike_R","Defend_R","Defend_R","Defend_R","Defend_R","Bash","Infernal Blade+1","Whirlwind","Rage","Rampage","Sword Boomerang","Dropkick","Carnage","Disarm","Perfected Strike"],"relics":["Burning Blood","Art of War","FossilizedHelix","Regal Pillow","WingedGreaves","MawBank","Bag of Marbles"],"potions_floor_usage":[6,8],"damage_taken":[{"damage":19,"enemies":"Jaw Worm","floor":1,"turns":5},{"damage":6,"enemies":"Cultist","floor":4,"turns":3},{"damage":36,"enemies":"Lagavulin","floor":6,"turns":6},{"damage":22,"enemies":"3 Sentries","floor":8,"turns":8},{"damage":40,"enemies":"3 Sentries","floor":11,"turns":8},{"damage":0,"enemies":"2 Louse","floor":12,"turns":2},{"damage":38,"enemies":"Lagavulin","floor":14,"turns":9},{"damage":64,"enemies":"The Guardian","floor":16,"turns":15}],"seed_played":"-6998749549381790932","potions_obtained":[{"floor":1,"key":"PowerPotion"},{"floor":6,"key":"Swift Potion"}],"is_trial":false,"path_per_floor":["M","?","$","M","$","E","R","E","T","R","?","M","R","E","R","B"],"character_chosen":"IRONCLAD","items_purchased":["Whirlwind","Rampage"],"campfire_rested":3,"item_purchase_floors":[3,5],"current_hp_per_floor":[59,51,51,51,51,21,45,29,29,68,34,40,40,8,47,0],"gold":277,"neow_bonus":"RANDOM_COMMON_RELIC","is_prod":false,"is_daily":false,"chose_seed":false,"campfire_upgraded":1,"win_rate":0,"timestamp":1551007361,"path_taken":["M","?","?","M","$","E","R","E","T","R","?","M","R","E","R","BOSS"],"build_version":"2019-01-23","purchased_purges":0,"victory":false,"max_hp_per_floor":[80,80,80,80,80,80,80,80,80,80,80,80,80,80,80,80],"card_choices":[{"not_picked":["Headbutt","Twin Strike"],"picked":"Infernal Blade","floor":1},{"not_picked":["Inflame","Flame Barrier"],"picked":"Rage","floor":4},{"not_picked":["Second Wind","Havoc"],"picked":"Sword Boomerang","floor":6},{"not_picked":["Clash","Cleave"],"picked":"Dropkick","floor":8},{"not_picked":["Perfected Strike","Wild Strike"],"picked":"Carnage","floor":11},{"not_picked":["Whirlwind","Body Slam"],"picked":"Disarm","floor":12},{"not_picked":["Dark Embrace","Shrug It Off"],"picked":"Perfected Strike","floor":14}],"player_experience":757075,"relics_obtained":[{"floor":6,"key":"FossilizedHelix"},{"floor":8,"key":"Regal Pillow"},{"floor":9,"key":"WingedGreaves"},{"floor":11,"key":"MawBank"},{"floor":14,"key":"Bag of Marbles"}],"event_choices":[{"damage_healed":0,"gold_gain":75,"player_choice":"Touch","damage_taken":8,"max_hp_gain":0,"max_hp_loss":0,"event_name":"FaceTrader","floor":2,"gold_loss":0},{"damage_healed":0,"gold_gain":0,"player_choice":"Searched \u00271\u0027 times","damage_taken":0,"max_hp_gain":0,"max_hp_loss":0,"event_name":"Dead Adventurer","floor":11,"gold_loss":0}],"is_beta":false,"boss_relics":[],"items_purged_floors":[],"is_endless":false,"potions_floor_spawned":[1,6],"killed_by":"The Guardian","ascension_level":10}