{"gold_per_floor":[111,111,111,131,143,178,178,203,260,260,260,260,360,360],"floor_reached":14,"playtime":313,"items_purged":[],"score":125,"play_id":"ddf3d46c-d0ce-4a9f-a8f1-8223e9a62ab7","local_time":"20190215152022","is_ascension_mode":true,"campfire_choices":[{"floor":7,"key":"REST"},{"floor":10,"key":"REST"}],"neow_cost":"NONE","seed_source_timestamp":56861005865760,"circlet_count":0,"master_deck":["Strike_B","Strike_B","Strike_B","Defend_B","Defend_B","Defend_B","Defend_B","Zap+1","Dualcast","BootSequence","Beam Cell","Sweeping Beam","Conserve Battery","Scrape"],"relics":["Cracked Core","NeowsBlessing","Bronze Scales","Anchor","Tiny Chest","Centennial Puzzle"],"potions_floor_usage":[6],"damage_taken":[{"damage":0,"enemies":"Small Slimes","floor":1,"turns":1},{"damage":0,"enemies":"Cultist","floor":4,"turns":1},{"damage":0,"enemies":"2 Louse","floor":5,"turns":1},{"damage":49,"enemies":"3 Sentries","floor":6,"turns":8},{"damage":29,"enemies":"Lagavulin","floor":8,"turns":8},{"damage":10,"enemies":"Gremlin Nob","floor":14,"turns":2}],"seed_played":"6331173646852966491","potions_obtained":[{"floor":4,"key":"Swift Potion"},{"floor":6,"key":"Strength Potion"},{"floor":8,"key":"Weak Potion"}],"is_trial":false,"path_per_floor":["M","?","?","M","M","E","R","E","T","R","?","?","?","E"],"character_chosen":"DEFECT","items_purchased":[],"campfire_rested":2,"item_purchase_floors":[],"current_hp_per_floor":[68,73,73,73,73,24,48,19,19,43,1,1,1,0],"gold":360,"neow_bonus":"THREE_ENEMY_KILL","is_prod":false,"is_daily":false,"chose_seed":false,"campfire_upgraded":0,"win_rate":0,"timestamp":1550240422,"path_taken":["M","?","?","M","?","E","R","E","T","R","?","?","?","E"],"build_version":"2019-01-23","purchased_purges":0,"victory":false,"max_hp_per_floor":[75,80,80,80,80,80,80,80,80,80,80,80,80,80],"card_choices":[{"not_picked":["Hologram","Conserve Battery"],"picked":"BootSequence","floor":1},{"not_picked":["Genetic Algorithm","Fission"],"picked":"Beam Cell","floor":4},{"not_picked":["Storm","Leap"],"picked":"Sweeping Beam","floor":5},{"not_picked":["Loop","BootSequence"],"picked":"Conserve Battery","floor":6},{"not_picked":["White Noise","Hello World"],"picked":"Scrape","floor":8}],"player_experience":662840,"relics_obtained":[{"floor":6,"key":"Bronze Scales"},{"floor":8,"key":"Anchor"},{"floor":9,"key":"Tiny Chest"}],"event_choices":[{"damage_healed":0,"gold_gain":0,"player_choice":"Donut","damage_taken":0,"max_hp_gain":5,"max_hp_loss":0,"event_name":"Big Fish","floor":2,"gold_loss":0},{"cards_removed":["Strike_B"],"damage_healed":0,"gold_gain":0,"player_choice":"Purged","damage_taken":0,"max_hp_gain":0,"max_hp_loss":0,"event_name":"Purifier","floor":3,"gold_loss":0},{"damage_healed":0,"gold_gain":0,"player_choice":"Success","damage_taken":42,"relics_obtained":["Centennial Puzzle"],"max_hp_gain":0,"max_hp_loss":0,"event_name":"Scrap Ooze","floor":11,"gold_loss":0},{"damage_healed":0,"gold_gain":0,"player_choice":"Grow","damage_taken":0,"max_hp_gain":0,"max_hp_loss":0,"event_name":"Living Wall","floor":12,"gold_loss":0,"cards_upgraded":["Zap"]},{"damage_healed":0,"gold_gain":100,"player_choice":"Pray","damage_taken":0,"max_hp_gain":0,"max_hp_loss":0,"event_name":"Golden Shrine","floor":13,"gold_loss":0}],"is_beta":false,"boss_relics":[],"items_purged_floors":[],"is_endless":false,"potions_floor_spawned":[4,6,8],"killed_by":"Gremlin Nob","ascension_level":6}