{"gold_per_floor":[119,139,152,168,243,278,290,290,290,317,328,348,376,476,476,576,576,595,612,612,107,107],"floor_reached":22,"playtime":3888,"items_purged":["Defend_B"],"score":298,"play_id":"348bb14d-f3dc-4427-b631-57773908e642","local_time":"20181210154326","is_ascension_mode":false,"campfire_choices":[{"data":"Genetic Algorithm","floor":8,"key":"SMITH"},{"data":"Defragment","floor":15,"key":"SMITH"}],"neow_cost":"TEN_PERCENT_HP_LOSS","seed_source_timestamp":2287825485577231,"circlet_count":0,"master_deck":["Defend_B","Defend_B","Defend_B","Zap","Dualcast","Blind","Finesse","Ball Lightning+1","White Noise","Genetic Algorithm+1","Electrodynamics","Conserve Battery","Defragment+1","Go for the Eyes","Buffer","BootSequence","Lockon+1","Bite","Bite","Bite","Bite","Bite","Storm","Redo"],"relics":["Cracked Core","Whetstone","Incense Burner","Odd Mushroom","Question Card","Runic Pyramid","Membership Card","Prayer Wheel","Potion Belt"],"potions_floor_usage":[4,10,16,16,22,22],"damage_taken":[{"damage":0,"enemies":"2 Louse","floor":1,"turns":3},{"damage":0,"enemies":"Small Slimes","floor":2,"turns":2},{"damage":0,"enemies":"Cultist","floor":3,"turns":3},{"damage":3,"enemies":"3 Louse","floor":4,"turns":3},{"damage":20,"enemies":"Gremlin Nob","floor":6,"turns":4},{"damage":3,"enemies":"Looter","floor":7,"turns":4},{"damage":7,"enemies":"The Mushroom Lair","floor":10,"turns":2},{"damage":7,"enemies":"Blue Slaver","floor":11,"turns":5},{"damage":0,"enemies":"Exordium Wildlife","floor":12,"turns":3},{"damage":0,"enemies":"3 Sentries","floor":13,"turns":4},{"damage":0,"enemies":"Slime Boss","floor":16,"turns":6},{"damage":0,"enemies":"Spheric Guardian","floor":18,"turns":5},{"damage":0,"enemies":"Shell Parasite","floor":19,"turns":6},{"damage":11,"enemies":"Colosseum Slavers","floor":22,"turns":5},{"damage":50,"enemies":"Colosseum Nobs","floor":22,"turns":5}],"seed_played":"2433878169033466293","potions_obtained":[{"floor":1,"key":"SteroidPotion"},{"floor":7,"key":"PowerPotion"},{"floor":10,"key":"AttackPotion"},{"floor":12,"key":"Swift Potion"},{"floor":13,"key":"SpeedPotion"},{"floor":19,"key":"Block Potion"}],"is_trial":false,"path_per_floor":["M","M","M","M","?","E","M","R","T","?","M","M","E","?","R","B",null,"M","M","?","$","?"],"character_chosen":"DEFECT","items_purchased":["Membership Card","Prayer Wheel","Potion Belt","Storm","Redo"],"campfire_rested":0,"item_purchase_floors":[21,21,21,21,21],"current_hp_per_floor":[68,68,68,65,54,34,31,31,31,24,17,17,17,17,17,17,68,68,68,47,47,0],"gold":107,"neow_bonus":"RANDOM_COLORLESS_2","is_prod":false,"is_daily":false,"chose_seed":false,"campfire_upgraded":2,"win_rate":0.0,"timestamp":1544478206,"path_taken":["M","M","M","M","?","E","M","R","T","?","M","M","E","?","R","BOSS","M","M","?","$","?"],"build_version":"2018-12-06","purchased_purges":1,"victory":false,"max_hp_per_floor":[68,68,68,68,68,68,68,68,68,68,68,68,68,68,68,68,68,68,68,47,47,47],"card_choices":[{"not_picked":["Coolheaded","Redo"],"picked":"Ball Lightning","floor":1},{"not_picked":["Darkness","Hologram"],"picked":"White Noise","floor":2},{"not_picked":["Static Discharge","Barrage","Blizzard"],"picked":"SKIP","floor":3},{"not_picked":["Heatsinks","Redo"],"picked":"Genetic Algorithm","floor":4},{"not_picked":["Streamline","Auto Shields"],"picked":"Electrodynamics","floor":6},{"not_picked":["Double Energy","Fusion"],"picked":"Conserve Battery","floor":7},{"not_picked":["Coolheaded","Conserve Battery"],"picked":"Defragment","floor":10},{"not_picked":["Darkness","Sweeping Beam"],"picked":"Go for the Eyes","floor":11},{"not_picked":["Streamline","Go for the Eyes","Tempest"],"picked":"SKIP","floor":12},{"not_picked":["Steam Power","Beam Cell","Go for the Eyes"],"picked":"SKIP","floor":13},{"not_picked":["Creative AI","Machine Learning","All For One"],"picked":"Buffer","floor":16},{"not_picked":["Chill","Beam Cell","Sweeping Beam+1"],"picked":"BootSequence","floor":18},{"not_picked":["BootSequence","Skim+1","Ball Lightning"],"picked":"Lockon+1","floor":19}],"player_experience":51282,"relics_obtained":[{"floor":6,"key":"Whetstone"},{"floor":9,"key":"Incense Burner"},{"floor":10,"key":"Odd Mushroom"},{"floor":13,"key":"Question Card"}],"event_choices":[{"damage_healed":0,"gold_gain":75,"player_choice":"Gather Gold","damage_taken":11,"max_hp_gain":0,"max_hp_loss":0,"event_name":"World of Goop","floor":5,"gold_loss":0},{"damage_healed":0,"gold_gain":0,"player_choice":"Fought Mushrooms","damage_taken":0,"max_hp_gain":0,"max_hp_loss":0,"event_name":"Mushrooms","floor":10,"gold_loss":0},{"damage_healed":0,"gold_gain":100,"player_choice":"Pray","damage_taken":0,"max_hp_gain":0,"max_hp_loss":0,"event_name":"Golden Shrine","floor":14,"gold_loss":0},{"damage_healed":0,"gold_gain":0,"player_choice":"Became a vampire","damage_taken":0,"max_hp_gain":0,"max_hp_loss":21,"event_name":"Vampires","floor":20,"gold_loss":0,"cards_obtained":["Bite","Bite","Bite","Bite","Bite"]},{"damage_healed":0,"gold_gain":0,"player_choice":"Fight","damage_taken":0,"max_hp_gain":0,"max_hp_loss":0,"event_name":"Colosseum","floor":22,"gold_loss":0},{"damage_healed":0,"gold_gain":0,"player_choice":"Fought Nobs","damage_taken":0,"max_hp_gain":0,"max_hp_loss":0,"event_name":"Colosseum","floor":22,"gold_loss":0}],"is_beta":false,"boss_relics":[{"not_picked":["Tiny House","Eternal Feather"],"picked":"Runic Pyramid"}],"items_purged_floors":[21],"is_endless":false,"potions_floor_spawned":[1,7,10,12,13,19],"killed_by":"Colosseum Nobs","ascension_level":0}