{"gold_per_floor":[112,37,50,125,10,40,40,40,64,76,90,101,119,119,119,214,214,230,330,349,78,28,28,41,71,139,139,150,150],"floor_reached":29,"playtime":1503,"items_purged":["Defend_G","Strike_G"],"score":365,"play_id":"e63c59a4-b9ff-47c0-897f-8d9020b61e3d","local_time":"20190112131028","is_ascension_mode":true,"campfire_choices":[{"data":"Noxious Fumes","floor":8.0,"key":"SMITH"},{"floor":15,"key":"REST"},{"data":"Footwork","floor":23,"key":"SMITH"},{"floor":27,"key":"REST"}],"neow_cost":"NONE","seed_source_timestamp":72111436819430,"circlet_count":0,"master_deck":["Defend_G","Defend_G","Defend_G","Defend_G","Strike_G","Strike_G","Strike_G","Strike_G","Survivor","Neutralize","Backflip","Sucker Punch","Noxious Fumes+1","Blur","Flying Knee","Deadly Poison","Envenom","Footwork+1","Wraith Form v2","PiercingWail","Bouncing Flask","Thinking Ahead","Dodge and Roll","Dodge and Roll+1","Distraction+1"],"special_seed":0,"relics":["Ring of the Serpent","NeowsBlessing","Ornamental Fan","Regal Pillow","Orichalcum","Toxic Egg 2","Paper Crane"],"potions_floor_usage":[16,20,24,25,29],"damage_taken":[{"damage":0.0,"enemies":"Jaw Worm","floor":1.0,"turns":1.0},{"damage":0.0,"enemies":"2 Louse","floor":3.0,"turns":1.0},{"damage":0.0,"enemies":"3 Sentries","floor":6.0,"turns":1.0},{"damage":0.0,"enemies":"Cultist","floor":10.0,"turns":4.0},{"damage":5.0,"enemies":"Large Slime","floor":11.0,"turns":6.0},{"damage":13.0,"enemies":"Exordium Thugs","floor":12.0,"turns":7.0},{"damage":23,"enemies":"Gremlin Gang","floor":13,"turns":5},{"damage":20,"enemies":"Hexaghost","floor":16,"turns":10},{"damage":5,"enemies":"Shell Parasite","floor":18,"turns":8},{"damage":13,"enemies":"Chosen","floor":20,"turns":7},{"damage":11,"enemies":"Shelled Parasite and Fungi","floor":24,"turns":8},{"damage":24,"enemies":"Book of Stabbing","floor":25,"turns":11},{"damage":0,"enemies":"Snecko","floor":28,"turns":6},{"damage":42,"enemies":"3 Cultists","floor":29,"turns":5}],"seed_played":"8810019603815571214","potions_obtained":[{"floor":6.0,"key":"EntropicBrew"},{"floor":10.0,"key":"PowerPotion"},{"floor":13,"key":"SkillPotion"},{"floor":18,"key":"SpeedPotion"},{"floor":24,"key":"SkillPotion"},{"floor":25,"key":"Poison Potion"}],"is_trial":false,"path_per_floor":["M","$","M","?","$","E","?","R","T","M","M","M","M","?","R","B",null,"M","?","M","$","$","R","M","E","T","R","M","M"],"character_chosen":"THE_SILENT","items_purchased":["Noxious Fumes","Blur","Thinking Ahead","Block Potion"],"campfire_rested":2,"item_purchase_floors":[5,5,21,22],"current_hp_per_floor":[63,63,63,52,52,52,52,52,52,52,47,34,11,11,47,27,59,54,54,41,41,41,41,30,6,6,42,42,0],"gold":150,"neow_bonus":"THREE_ENEMY_KILL","is_prod":false,"is_daily":false,"chose_seed":false,"campfire_upgraded":2,"win_rate":0,"timestamp":1547295028,"path_taken":["M","$","M","?","$","E","?","R","T","?","M","M","M","?","R","BOSS","M","?","M","?","$","R","M","E","T","R","M","?"],"build_version":"2019-01-10","purchased_purges":2,"victory":false,"max_hp_per_floor":[70,70,70,70,70,70,70,70,70,70,70,70,70,70,70,70,70,70,70,70,70,70,70,70,70,70,70,70,70],"card_choices":[{"not_picked":["Blade Dance","Quick Slash"],"picked":"Backflip","floor":1.0},{"not_picked":["Catalyst","Finisher"],"picked":"Sucker Punch","floor":3.0},{"not_picked":["Cloak And Dagger","Bane"],"picked":"Flying Knee","floor":6.0},{"not_picked":["Slice","Blade Dance"],"picked":"Deadly Poison","floor":10.0},{"not_picked":["Underhanded Strike","Sucker Punch","Skewer"],"picked":"SKIP","floor":11.0},{"not_picked":["Underhanded Strike","Sucker Punch","Skewer"],"picked":"SKIP","floor":11.0},{"not_picked":["Underhanded Strike","Sucker Punch","Skewer"],"picked":"SKIP","floor":11.0},{"not_picked":["Choke","Flying Knee"],"picked":"Envenom","floor":12.0},{"not_picked":["Choke","Dodge and Roll"],"picked":"Footwork","floor":13},{"not_picked":["Envenom","Corpse Explosion"],"picked":"Wraith Form v2","floor":16},{"not_picked":["Quick Slash","Bane"],"picked":"PiercingWail","floor":18},{"not_picked":["Deadly Poison","Finisher+1"],"picked":"Bouncing Flask","floor":20},{"not_picked":["Deflect","Corpse Explosion"],"picked":"Dodge and Roll","floor":24},{"not_picked":["Eviscerate","Calculated Gamble"],"picked":"Dodge and Roll","floor":25},{"not_picked":["Tactician+1","Bane"],"picked":"Distraction+1","floor":28}],"player_experience":500164,"relics_obtained":[{"floor":6.0,"key":"Ornamental Fan"},{"floor":9.0,"key":"Orichalcum"},{"floor":25,"key":"Toxic Egg 2"},{"floor":26,"key":"Paper Crane"}],"event_choices":[{"damage_healed":0.0,"max_hp_gain":0.0,"max_hp_loss":0.0,"gold_gain":75.0,"event_name":"World of Goop","player_choice":"Gather Gold","floor":4.0,"gold_loss":0.0,"damage_taken":11.0},{"damage_healed":0.0,"max_hp_gain":0.0,"max_hp_loss":0.0,"gold_gain":0.0,"event_name":"WeMeetAgain","player_choice":"Gave Potion","floor":7.0,"gold_loss":0.0,"damage_taken":0.0,"relics_obtained":["Regal Pillow"]},{"damage_healed":0,"gold_gain":0,"player_choice":"Fled","damage_taken":0,"max_hp_gain":0,"max_hp_loss":0,"event_name":"Scrap Ooze","floor":14,"gold_loss":0},{"damage_healed":0,"gold_gain":100,"player_choice":"Pray","damage_taken":0,"max_hp_gain":0,"max_hp_loss":0,"event_name":"Golden Shrine","floor":19,"gold_loss":0}],"is_beta":false,"boss_relics":[{"not_picked":["Fusion Hammer","Calling Bell"],"picked":"Ring of the Serpent"}],"items_purged_floors":[2,21],"is_endless":false,"potions_floor_spawned":[6,10,13,18,24,25],"killed_by":"3 Cultists","ascension_level":7}