{"path_per_floor":["M","M","?","?","?","E","R","M","T","M","R","$","R","E","R","B",null,"M","M","?","?","M","R","E","R","T","R","M","?","M","M","R","B",null,"M","?","M","?","$","M","M","R","T","R","E","M","T","M","R","B"],"character_chosen":"THE_SILENT","items_purchased":["Dagger Throw","Accuracy","Cloak And Dagger","Ginger"],"gold_per_floor":[115,127,127,127,127,156,156,171,239,253,253,6,6,40,40,141,141,155,166,166,66,83,83,110,110,110,110,124,124,134,146,146,250,250,266,266,285,330,39,58,75,75,75,75,109,120,120,135,135,135],"floor_reached":51,"campfire_rested":4,"playtime":6184,"current_hp_per_floor":[69,62,62,62,59,39,39,31,31,18,39,39,60,60,60,23,70,65,54,54,54,64,64,44,44,44,65,52,52,58,58,58,24,70,70,70,70,60,60,59,55,55,55,55,57,34,34,31,52,4],"items_purged":["Strike_G"],"gold":135,"score":584,"play_id":"5272f048-519b-4f7f-927c-3d14b961a993","local_time":"20180304025253","is_prod":false,"is_daily":false,"is_ascension_mode":false,"campfire_upgraded":7,"timestamp":1520149973,"path_taken":["M","M","?","?","?","E","R","M","T","M","R","$","R","E","R","BOSS","M","M","?","?","M","R","E","R","T","R","M","?","M","M","R","BOSS","M","?","M","?","$","M","M","R","T","R","E","M","?","M","R","BOSS"],"build_version":"2018-03-01-PROD1","purchased_purges":1,"victory":true,"master_deck":["Defend_G","Defend_G","Defend_G","Defend_G","Survivor","Neutralize+1","Flying Knee","Blade Dance+1","Backflip","Dagger Throw","Slice","Dagger Throw","Accuracy+1","Cloak And Dagger+1","Choke+1","After Image+1","Underhanded Strike+1","Slice","J.A.X.","Dodge and Roll","Blade Dance","Infinite Blades+1","Bite","Bite","Bite","Bite","Bite","Prepared","Malaise","Tactician","Dagger Throw","Prepared","Dagger Spray+1","Backflip","Prepared","Slice","Caltrops+1","Cloak And Dagger","Dagger Throw+1","Expertise","Finisher+1","Caltrops"],"max_hp_per_floor":[70,70,70,70,70,70,70,70,70,70,70,70,70,70,70,70,70,70,70,70,70,70,70,70,70,70,70,70,70,70,70,70,70,70,70,70,70,70,70,70,70,70,70,70,70,70,70,70,70,70],"relics":["Ring of the Snake","Tough Bandages","Happy Flower","Tingsha","Mummified Hand","White Beast Statue","Pen Nib","Torii","Orrery","Ice Cream","Ginger","Prayer Wheel","Bronze Scales","Unceasing Top"],"card_choices":[{"not_picked":["Underhanded Strike","Outmaneuver"],"picked":"Flying Knee"},{"not_picked":["Cloak And Dagger","Expertise"],"picked":"Blade Dance"},{"not_picked":["Choke","PiercingWail"],"picked":"Backflip"},{"not_picked":["Outmaneuver","Dagger Spray"],"picked":"Dagger Throw"},{"not_picked":["Die Die Die","Masterful Stab"],"picked":"Slice"},{"not_picked":["Dodge and Roll","Blur"],"picked":"Choke"},{"not_picked":["A Thousand Cuts","Night Terror"],"picked":"After Image"},{"not_picked":["Dagger Spray","Malaise"],"picked":"Underhanded Strike"},{"not_picked":["Footwork","Dodge and Roll"],"picked":"Slice"},{"not_picked":["Poisoned Stab","Bane"],"picked":"Dodge and Roll"},{"not_picked":["Deadly Poison","PiercingWail"],"picked":"Blade Dance"},{"not_picked":["Terror","Flying Knee"],"picked":"Infinite Blades"},{"not_picked":["Underhanded Strike","Slice"],"picked":"Prepared"},{"not_picked":["Crippling Poison","Sucker Punch"],"picked":"Malaise"},{"not_picked":["Unload","Venomology"],"picked":"Tactician"},{"not_picked":["Dagger Spray","Backstab"],"picked":"Dagger Throw"},{"not_picked":["Bane","Deadly Poison"],"picked":"Prepared"},{"not_picked":["Quick Slash","Heel Hook"],"picked":"Dagger Spray"},{"not_picked":["Expertise","Calculated Gamble"],"picked":"Backflip"},{"not_picked":["Dagger Throw","Underhanded Strike"],"picked":"Prepared"},{"not_picked":["Catalyst","Backstab"],"picked":"Slice"},{"not_picked":["Footwork","Prepared"],"picked":"Caltrops"},{"not_picked":["Blur","Sucker Punch"],"picked":"Cloak And Dagger"},{"not_picked":["Bouncing Flask","Bane"],"picked":"Dagger Throw"},{"not_picked":["Noxious Fumes","Flechettes"],"picked":"Expertise"},{"not_picked":["Envenom","Well Laid Plans"],"picked":"Finisher"},{"not_picked":["Flechettes","Quick Slash"],"picked":"Caltrops"}],"player_experience":66797,"potions_floor_usage":[50,50,50],"damage_taken":[{"damage":1.0,"enemies":"Cultist","floor":1.0,"turns":4.0},{"damage":7.0,"enemies":"Small Slimes","floor":2.0,"turns":5.0},{"damage":20.0,"enemies":"3 Sentries","floor":6.0,"turns":9.0},{"damage":8.0,"enemies":"2 Louse","floor":8.0,"turns":3.0},{"damage":13.0,"enemies":"Exordium Wildlife","floor":10.0,"turns":4.0},{"damage":0.0,"enemies":"Lagavulin","floor":14.0,"turns":5.0},{"damage":39.0,"enemies":"Hexaghost","floor":16.0,"turns":8.0},{"damage":5.0,"enemies":"2 Thieves","floor":18.0,"turns":3.0},{"damage":13.0,"enemies":"Spheric Guardian","floor":19.0,"turns":4.0},{"damage":4.0,"enemies":"Snecko","floor":22.0,"turns":5.0},{"damage":22.0,"enemies":"Slavers","floor":24.0,"turns":7.0},{"damage":15.0,"enemies":"Slaver and Parasite","floor":28.0,"turns":4.0},{"damage":4.0,"enemies":"Snake Plant","floor":30.0,"turns":5.0},{"damage":4.0,"enemies":"Centurion and Healer","floor":31.0,"turns":3.0},{"damage":50.0,"enemies":"Automaton","floor":33.0,"turns":9.0},{"damage":3.0,"enemies":"3 Darklings","floor":35.0,"turns":5.0},{"damage":0.0,"enemies":"Orb Walker","floor":37.0,"turns":3.0},{"damage":14.0,"enemies":"Mysterious Sphere","floor":38.0,"turns":6.0},{"damage":15.0,"enemies":"3 Darklings","floor":40.0,"turns":5.0},{"damage":6.0,"enemies":"Sphere and 2 Shapes","floor":41.0,"turns":3.0},{"damage":6.0,"enemies":"Giant Head","floor":45.0,"turns":7.0},{"damage":25.0,"enemies":"4 Shapes","floor":46.0,"turns":4.0},{"damage":5.0,"enemies":"3 Darklings","floor":48.0,"turns":4.0},{"damage":56,"enemies":"Donu and Deca","floor":50,"turns":8}],"event_choices":[{"event_name":"Big Fish","player_choice":"Box","floor":3.0,"damage_taken":0.0},{"event_name":"Purifier","player_choice":"One Purge","floor":4.0,"damage_taken":0.0},{"event_name":"Scrap Ooze","player_choice":"success","floor":5.0,"damage_taken":3.0},{"event_name":"The Lab","player_choice":"Got Potions","floor":20.0,"damage_taken":0.0},{"event_name":"Drug Dealer","player_choice":"Got JAXXED","floor":21.0,"damage_taken":0.0},{"event_name":"Vampires","player_choice":"Became a vampire (Vial)","floor":29.0,"damage_taken":0.0},{"event_name":"Mysterious Sphere","player_choice":"Fight","floor":38.0,"damage_taken":0.0}],"boss_relics":[],"potions_floor_spawned":[2,8,10,18,19,22,24,28,30,31,33,35,37,38,40,41,45,46,48],"seed_played":"8595405391864384643","ascension_level":0,"is_trial":false}