{"gold_per_floor":[114,114,189,189,206,206,3,19,46,66,121,133,133,145,145],"floor_reached":15,"playtime":348,"items_purged":[],"score":87,"play_id":"6de3e71b-b6e4-4704-9de6-c00630d269f8","local_time":"20190302194929","is_ascension_mode":false,"campfire_choices":[{"data":"Bash","floor":6,"key":"SMITH"},{"data":"Rage","floor":13,"key":"SMITH"}],"neow_cost":"NONE","seed_source_timestamp":515364711014700,"circlet_count":0,"master_deck":["Strike_R","Strike_R","Strike_R","Strike_R","Defend_R","Defend_R","Defend_R","Defend_R","Bash+1","Battle Trance","Pain","Iron Wave","Rage+1","Metallicize"],"relics":["Burning Blood","WarpedTongs","Membership Card","Bag of Marbles","Boot"],"potions_floor_usage":[],"damage_taken":[{"damage":5,"enemies":"Small Slimes","floor":1,"turns":3},{"damage":12,"enemies":"2 Louse","floor":5,"turns":2},{"damage":3,"enemies":"Cultist","floor":8,"turns":4},{"damage":29,"enemies":"Exordium Thugs","floor":10,"turns":8},{"damage":3,"enemies":"2 Fungi Beasts","floor":12,"turns":3},{"damage":2,"enemies":"Exordium Wildlife","floor":14,"turns":5}],"seed_played":"798522395716518095","potions_obtained":[{"floor":8,"key":"SpeedPotion"},{"floor":14,"key":"Swift Potion"}],"is_trial":false,"path_per_floor":["M","?","?","?","M","R","$","M","T","M","T","M","R","M","R"],"character_chosen":"IRONCLAD","items_purchased":["Membership Card"],"campfire_rested":0,"item_purchase_floors":[7],"current_hp_per_floor":[80,80,69,69,63,63,63,66,66,43,43,46,46,50,50],"gold":145,"neow_bonus":"TRANSFORM_CARD","is_prod":false,"is_daily":false,"chose_seed":false,"campfire_upgraded":2,"win_rate":0,"timestamp":1551574169,"path_taken":["M","?","?","?","M","R","$","M","T","?","?","M","R","M","R"],"build_version":"2019-01-23","purchased_purges":0,"victory":false,"max_hp_per_floor":[80,80,80,80,80,80,80,80,80,80,80,80,80,80,80],"card_choices":[{"not_picked":["Wild Strike","Clash","Burning Pact"],"picked":"SKIP","floor":1},{"not_picked":["Evolve","Body Slam"],"picked":"Iron Wave","floor":5},{"not_picked":["Intimidate","Feel No Pain"],"picked":"Rage","floor":8},{"not_picked":["Cleave","Bloodletting","Perfected Strike"],"picked":"SKIP","floor":10},{"not_picked":["Sword Boomerang","Warcry","Sever Soul"],"picked":"SKIP","floor":12},{"not_picked":["Feed","Sword Boomerang"],"picked":"Metallicize","floor":14}],"player_experience":1281651,"relics_obtained":[{"floor":9,"key":"Bag of Marbles"},{"floor":11,"key":"Boot"}],"event_choices":[{"damage_healed":0,"gold_gain":0,"cards_transformed":["Blood for Blood"],"player_choice":"Change","damage_taken":0,"max_hp_gain":0,"max_hp_loss":0,"event_name":"Living Wall","floor":2,"gold_loss":0,"cards_obtained":["Battle Trance"]},{"damage_healed":0,"gold_gain":75,"player_choice":"Gather Gold","damage_taken":11,"max_hp_gain":0,"max_hp_loss":0,"event_name":"World of Goop","floor":3,"gold_loss":0},{"damage_healed":0,"gold_gain":0,"player_choice":"Rummage","damage_taken":0,"relics_obtained":["WarpedTongs"],"max_hp_gain":0,"max_hp_loss":0,"event_name":"Accursed Blacksmith","floor":4,"gold_loss":0,"cards_obtained":["Pain"]}],"is_beta":false,"boss_relics":[],"items_purged_floors":[],"is_endless":false,"potions_floor_spawned":[8,14],"ascension_level":0}