{"gold_per_floor":[110,31,31,44,61,61,61,87,87,107,25,56,66,84,84,186,186,198,198,217,217,229,229,15,29,29,29,29,45,45],"floor_reached":30,"playtime":1939,"items_purged":["Strike_B"],"score":374,"play_id":"69456563-9812-4988-8eb6-a722cc4e6ead","local_time":"20190301212945","is_ascension_mode":true,"campfire_choices":[{"data":"Self Repair","floor":7,"key":"SMITH"},{"data":"Coolheaded","floor":15,"key":"SMITH"},{"data":"Echo Form","floor":23,"key":"SMITH"},{"floor":28,"key":"REST"}],"neow_cost":"NONE","seed_source_timestamp":273106305383035,"circlet_count":0,"master_deck":["Strike_B","Strike_B+1","Strike_B","Defend_B","Defend_B+1","Defend_B","Defend_B","Zap","Dualcast","Turbo","Glacier","Rip and Tear","Machine Learning","Compile Driver","Self Repair+1","Compile Driver","Scrape","Coolheaded+1","Doom and Gloom","Sweeping Beam","Chill","Leap","Gash","Capacitor","Meteor Strike","Double Energy+1","Conserve Battery+1","Gash","BootSequence+1","Loop","Echo Form+1","Buffer","Gash","Steam+1"],"relics":["Cracked Core","Prayer Wheel","FossilizedHelix","Bottled Lightning","Snecko Eye","Ginger","Singing Bowl"],"potions_floor_usage":[8,20],"damage_taken":[{"damage":7,"enemies":"Small Slimes","floor":1,"turns":4},{"damage":0,"enemies":"Cultist","floor":4,"turns":2},{"damage":7,"enemies":"Jaw Worm","floor":5,"turns":2},{"damage":23,"enemies":"Gremlin Nob","floor":8,"turns":4},{"damage":0,"enemies":"2 Fungi Beasts","floor":10,"turns":4},{"damage":0,"enemies":"3 Sentries","floor":12,"turns":5},{"damage":0,"enemies":"Blue Slaver","floor":13,"turns":4},{"damage":0,"enemies":"Large Slime","floor":14,"turns":6},{"damage":49,"enemies":"Hexaghost","floor":16,"turns":10},{"damage":23,"enemies":"Chosen","floor":18,"turns":5},{"damage":25,"enemies":"2 Thieves","floor":20,"turns":5},{"damage":0,"enemies":"Colosseum Slavers","floor":21,"turns":3},{"damage":13,"enemies":"Snecko","floor":22,"turns":6},{"damage":18,"enemies":"Cultist and Chosen","floor":25,"turns":10},{"damage":16,"enemies":"Centurion and Healer","floor":29,"turns":5},{"damage":56,"enemies":"Slavers","floor":30,"turns":4}],"seed_played":"-6657466943582935542","potions_obtained":[{"floor":1,"key":"Fire Potion"},{"floor":8,"key":"GamblersBrew"},{"floor":10,"key":"FearPotion"},{"floor":13,"key":"EssenceOfSteel"},{"floor":29,"key":"Regen Potion"}],"is_trial":false,"path_per_floor":["M","$","?","M","M","?","R","E","T","M","$","E","M","M","R","B",null,"M","?","M","?","M","R","$","M","T","T","R","M","E"],"character_chosen":"DEFECT","items_purchased":["Rip and Tear","Doom and Gloom","Buffer"],"campfire_rested":1,"item_purchase_floors":[2,11,24],"current_hp_per_floor":[61,61,46,46,39,39,39,26,26,36,36,46,56,66,66,27,63,50,50,35,35,32,32,32,24,24,24,46,54,0],"gold":45,"neow_bonus":"THREE_CARDS","is_prod":false,"is_daily":false,"chose_seed":false,"campfire_upgraded":3,"win_rate":0,"timestamp":1551472185,"path_taken":["M","$","?","M","M","?","R","E","T","?","$","E","M","M","R","BOSS","M","?","M","?","M","R","$","M","T","?","R","M","E"],"build_version":"2019-01-23","purchased_purges":1,"victory":false,"max_hp_per_floor":[75,75,75,75,75,75,75,75,75,75,75,75,75,75,75,75,75,75,75,75,75,75,75,75,75,75,75,75,79,79],"card_choices":[{"not_picked":["Leap","Redo"],"picked":"Turbo","floor":0},{"not_picked":["Conserve Battery","Cold Snap"],"picked":"Glacier","floor":1},{"not_picked":["Coolheaded","Melter"],"picked":"Machine Learning","floor":4},{"not_picked":["Redo","Rip and Tear"],"picked":"Compile Driver","floor":5},{"not_picked":["Steam Power","Recycle"],"picked":"Scrape","floor":8},{"not_picked":["Recycle","Cold Snap"],"picked":"Coolheaded","floor":10},{"not_picked":["Beam Cell","Go for the Eyes","Sweeping Beam"],"picked":"SKIP","floor":10},{"not_picked":["Barrage","Lockon"],"picked":"Sweeping Beam","floor":12},{"not_picked":["Beam Cell","Streamline"],"picked":"Chill","floor":13},{"not_picked":["Turbo","Rainbow"],"picked":"Leap","floor":13},{"not_picked":["Leap","Chaos"],"picked":"Gash","floor":14},{"not_picked":["Turbo","Steam"],"picked":"Capacitor","floor":14},{"not_picked":["Hyperbeam","Thunder Strike"],"picked":"Meteor Strike","floor":16},{"not_picked":["Hello World","Darkness"],"picked":"Double Energy+1","floor":18},{"not_picked":["Chaos","Redo"],"picked":"Conserve Battery+1","floor":18},{"not_picked":["Leap","Sweeping Beam"],"picked":"BootSequence+1","floor":20},{"not_picked":["Sweeping Beam","Conserve Battery"],"picked":"Loop","floor":20},{"not_picked":["Coolheaded","Force Field"],"picked":"Echo Form","floor":22},{"not_picked":["Barrage","Hologram","Conserve Battery"],"picked":"SKIP","floor":22},{"not_picked":["Consume+1","Static Discharge"],"picked":"Gash","floor":25},{"not_picked":["Reinforced Body","Sweeping Beam"],"picked":"Steam+1","floor":25},{"not_picked":["FTL","Redo","Chill"],"picked":"Singing Bowl","floor":29},{"not_picked":["Go for the Eyes","Cold Snap","Barrage"],"picked":"Singing Bowl","floor":29}],"player_experience":810143,"relics_obtained":[{"floor":8,"key":"Prayer Wheel"},{"floor":9,"key":"FossilizedHelix"},{"floor":12,"key":"Bottled Lightning"},{"floor":26,"key":"Ginger"},{"floor":27,"key":"Singing Bowl"}],"event_choices":[{"damage_healed":0,"gold_gain":0,"player_choice":"Entered Light","damage_taken":15,"max_hp_gain":0,"max_hp_loss":0,"event_name":"Shining Light","floor":3,"gold_loss":0,"cards_upgraded":["Strike_B","Defend_B"]},{"damage_healed":0,"gold_gain":0,"player_choice":"2 cards matched","damage_taken":0,"max_hp_gain":0,"max_hp_loss":0,"event_name":"Match and Keep!","floor":6,"gold_loss":0,"cards_obtained":["Self Repair","Compile Driver"]},{"damage_healed":0,"gold_gain":0,"player_choice":"Read","damage_taken":0,"max_hp_gain":0,"max_hp_loss":0,"event_name":"The Library","floor":19,"gold_loss":0,"cards_obtained":["Gash"]},{"damage_healed":0,"gold_gain":0,"player_choice":"Fight","damage_taken":0,"max_hp_gain":0,"max_hp_loss":0,"event_name":"Colosseum","floor":21,"gold_loss":0},{"damage_healed":0,"gold_gain":0,"player_choice":"Fled From Nobs","damage_taken":0,"max_hp_gain":0,"max_hp_loss":0,"event_name":"Colosseum","floor":21,"gold_loss":0}],"is_beta":false,"boss_relics":[{"not_picked":["FrozenCore","Fusion Hammer"],"picked":"Snecko Eye"}],"items_purged_floors":[24],"is_endless":false,"potions_floor_spawned":[1,8,10,13,16,21,29],"killed_by":"Slavers","ascension_level":8}