{"path_per_floor":["M","M","?","M","?","E","M","E","T","$","E","M","R","M","R","B",null,"M","M","M","?","$","R","E"],"character_chosen":"IRONCLAD","items_purchased":["Flex","Swift Strike","Warcry"],"gold_per_floor":[115,131,131,141,141,170,140,170,170,21,54,73,73,92,92,189,189,205,225,242,242,143,143,178,178],"floor_reached":25,"campfire_rested":2,"playtime":3904,"current_hp_per_floor":[80,75,80,85,85,55,57,52,52,52,18,32,59,54,54,32,92,82,58,21,21,21,48,32,0],"items_purged":["Bash"],"gold":178,"score":253,"play_id":"bb805b1f-ec87-4774-b81e-5489f71b438b","local_time":"20180524014446","is_prod":false,"is_daily":false,"chose_seed":false,"is_ascension_mode":true,"campfire_upgraded":1,"timestamp":1527140686,"campfire_choices":[{"floor":13,"key":"REST"},{"data":"Body Slam","floor":15,"key":"SMITH"},{"floor":23,"key":"REST"}],"path_taken":["M","M","?","?","?","E","M","E","T","$","E","M","R","?","R","BOSS","M","M","M","?","$","R","E","?"],"build_version":"2018-05-17","seed_source_timestamp":9498017733943,"purchased_purges":1,"victory":false,"master_deck":["Strike_R","Strike_R","Strike_R","Strike_R","Strike_R","Defend_R","Defend_R","Defend_R+1","Defend_R","Reaper","Body Slam+1","Warcry","Armaments+1","Reaper","Iron Wave","Dual Wield+1","Flex","Swift Strike+1","Metallicize","Flex","Pummel+1","Berserk","Body Slam+1","True Grit","Pommel Strike+1","Searing Blow+1","Reckless Charge+1","Anger+1","Iron Wave+1","Evolve","Warcry","Sword Boomerang+1"],"max_hp_per_floor":[80,80,85,85,85,85,85,85,85,85,92,92,92,92,92,92,92,92,92,92,92,92,92,92,92],"relics":["Burning Blood","Boot","Molten Egg 2","War Paint","Strawberry","Orrery","Shovel"],"card_choices":[{"not_picked":["True Grit","Twin Strike"],"picked":"Body Slam","floor":1},{"not_picked":["Pommel Strike","Twin Strike"],"picked":"Warcry","floor":2},{"not_picked":["Corruption","Perfected Strike"],"picked":"Armaments","floor":4},{"not_picked":["Perfected Strike","Searing Blow"],"picked":"Reaper","floor":6},{"not_picked":["Feel No Pain","Pommel Strike"],"picked":"Iron Wave","floor":7},{"not_picked":["Shrug It Off","True Grit"],"picked":"Dual Wield","floor":8},{"not_picked":["Demon Form","Intimidate"],"picked":"Metallicize","floor":11},{"not_picked":["Havoc","Evolve"],"picked":"Flex","floor":12},{"not_picked":["Power Through","Havoc"],"picked":"Pummel+1","floor":14},{"not_picked":["Fiend Fire+1","Exhume"],"picked":"Berserk","floor":16},{"not_picked":["Uppercut+1","Searing Blow+1"],"picked":"Body Slam+1","floor":17},{"not_picked":["Whirlwind+1","Dropkick+1"],"picked":"True Grit","floor":17},{"not_picked":["Clothesline+1","Uppercut+1"],"picked":"Pommel Strike+1","floor":17},{"not_picked":["Evolve","Havoc"],"picked":"Searing Blow+1","floor":17},{"not_picked":["Corruption","Armaments"],"picked":"Reckless Charge+1","floor":17},{"not_picked":["Corruption+1","Power Through+1"],"picked":"Anger+1","floor":18},{"not_picked":["Shrug It Off","Pommel Strike+1"],"picked":"Iron Wave+1","floor":19},{"not_picked":["Exhume","Cleave+1"],"picked":"Evolve","floor":20},{"not_picked":["Pommel Strike+1","Shrug It Off"],"picked":"Sword Boomerang+1","floor":24}],"player_experience":312381,"potions_floor_usage":[6,7,16,16,20,24,24,24],"damage_taken":[{"damage":1,"enemies":"2 Louse","floor":1,"turns":4},{"damage":11,"enemies":"Jaw Worm","floor":2,"turns":2},{"damage":5,"enemies":"Cultist","floor":4,"turns":4},{"damage":42,"enemies":"Lagavulin","floor":6,"turns":7},{"damage":10,"enemies":"Looter","floor":7,"turns":4},{"damage":36,"enemies":"3 Sentries","floor":8,"turns":10},{"damage":53,"enemies":"Gremlin Nob","floor":11,"turns":6},{"damage":9,"enemies":"3 Louse","floor":12,"turns":4},{"damage":12,"enemies":"Exordium Wildlife","floor":14,"turns":7},{"damage":41,"enemies":"The Guardian","floor":16,"turns":12},{"damage":16,"enemies":"Chosen","floor":18,"turns":4},{"damage":30,"enemies":"Spheric Guardian","floor":19,"turns":6},{"damage":46,"enemies":"Cultist and Chosen","floor":20,"turns":9},{"damage":40,"enemies":"Slavers","floor":24,"turns":5},{"damage":40,"enemies":"Snecko","floor":25,"turns":5}],"relics_obtained":[{"floor":6,"key":"Boot"},{"floor":8,"key":"Molten Egg 2"},{"floor":9,"key":"War Paint"},{"floor":11,"key":"Strawberry"},{"floor":24,"key":"Shovel"}],"event_choices":[{"event_name":"Big Fish","player_choice":"Donut","floor":3,"damage_taken":0},{"event_name":"Living Wall","player_choice":"Grow","floor":5,"damage_taken":0},{"event_name":"The Lab","player_choice":"Got Potions","floor":21,"damage_taken":0}],"boss_relics":[{"not_picked":["Ectoplasm","Philosopher\u0027s Stone"],"picked":"Orrery"}],"potions_floor_spawned":[2,6,12,14,16,19,20,24],"seed_played":"-8872721123581071933","killed_by":"Snecko","ascension_level":1,"potions_obtained":[{"floor":2,"key":"Energy Potion"},{"floor":6,"key":"Explosive Potion"},{"floor":12,"key":"SteroidPotion"},{"floor":14,"key":"LiquidBronze"},{"floor":16,"key":"Dexterity Potion"},{"floor":19,"key":"Block Potion"},{"floor":20,"key":"AttackPotion"},{"floor":21,"key":"Block Potion"},{"floor":21,"key":"AttackPotion"},{"floor":24,"key":"Ancient Potion"}],"is_trial":false}