{"path_per_floor":["M","M","?","?","$","R","M","E","T","$","M","M","R","?","R"],"character_chosen":"DEFECT","items_purchased":["Redo","Hello World","Ball Lightning"],"gold_per_floor":[115,126,201,201,4,4,17,46,72,22,34,45,45,45,45,45],"floor_reached":16,"campfire_rested":1,"playtime":1188,"item_purchase_floors":[5,5,10],"current_hp_per_floor":[74,67,56,49,49,49,44,23,23,23,23,18,55,48,48,0],"items_purged":["Strike_B"],"gold":45,"score":100,"play_id":"8f73d8de-c233-4d71-bfa6-0e6848a3495a","local_time":"20180601024914","is_prod":false,"is_daily":false,"chose_seed":false,"is_ascension_mode":false,"campfire_upgraded":2,"win_rate":0.0,"timestamp":1527835754,"campfire_choices":[{"data":"Zap","floor":6,"key":"SMITH"},{"floor":13,"key":"REST"},{"data":"Loop","floor":15,"key":"SMITH"}],"path_taken":["M","M","?","?","$","R","M","E","T","$","M","M","R","?","R","BOSS"],"build_version":"2018-05-31","seed_source_timestamp":41501597387603,"purchased_purges":1,"victory":false,"master_deck":["Strike_B","Strike_B","Strike_B","Defend_B","Defend_B","Defend_B","Zap+1","Dualcast","Loop+1","Coolheaded","Redo","Hello World","Steam","Fusion","Ball Lightning","Sweeping Beam","Redo"],"max_hp_per_floor":[75,75,75,75,75,75,75,75,75,75,75,75,75,75,75,75],"relics":["Cracked Core","Anchor","Letter Opener","Regal Pillow"],"card_choices":[{"not_picked":["Static Discharge","Cold Snap"],"picked":"Loop","floor":1},{"not_picked":["Stack","Streamline"],"picked":"Coolheaded","floor":2},{"not_picked":["Blizzard","Seek"],"picked":"Steam","floor":7},{"not_picked":["Conserve Battery","Blizzard"],"picked":"Fusion","floor":8},{"not_picked":["Melter","Go for the Eyes"],"picked":"Sweeping Beam","floor":11},{"not_picked":["Hologram","Streamline"],"picked":"Redo","floor":12}],"player_experience":354458,"potions_floor_usage":[8,12],"damage_taken":[{"damage":1,"enemies":"Cultist","floor":1,"turns":3},{"damage":7,"enemies":"Small Slimes","floor":2,"turns":4},{"damage":5,"enemies":"Jaw Worm","floor":7,"turns":3},{"damage":21,"enemies":"Gremlin Nob","floor":8,"turns":5},{"damage":0,"enemies":"Blue Slaver","floor":11,"turns":3},{"damage":5,"enemies":"Gremlin Gang","floor":12,"turns":5},{"damage":48,"enemies":"The Guardian","floor":16,"turns":8}],"relics_obtained":[{"floor":8,"key":"Letter Opener"},{"floor":9,"key":"Regal Pillow"}],"event_choices":[{"event_name":"World of Goop","player_choice":"Gather Gold","floor":3,"damage_taken":0},{"event_name":"Scrap Ooze","player_choice":"success","floor":4,"damage_taken":7},{"event_name":"Golden Wing","player_choice":"Card Removal","floor":14,"damage_taken":0}],"boss_relics":[],"items_purged_floors":[5],"potions_floor_spawned":[1,7,12],"seed_played":"-3869460029792670803","killed_by":"The Guardian","ascension_level":0,"potions_obtained":[{"floor":1,"key":"Dexterity Potion"},{"floor":7,"key":"Block Potion"},{"floor":12,"key":"SpeedPotion"}],"is_trial":false}