{"gold_per_floor":[118,118,118,137,137,163,163,191,191,218,218,228,238,266,266,366,366,381,391,391,401,419,452,452,552,552,583,93,120,135,152,152,251,251,267,283,283,283,283,283,312,323,323,351,369,95,113,142,142,142,142,142,1,33,33],"floor_reached":55,"playtime":3078,"items_purged":["Strike_B","Strike_B","Defend_B"],"score":1507,"play_id":"c8ce7d5c-1ea0-4f68-ab1a-8a3cb123ce98","local_time":"20190129034159","is_ascension_mode":true,"campfire_choices":[{"data":"Zap","floor":7.0,"key":"SMITH"},{"data":"Electrodynamics","floor":11.0,"key":"SMITH"},{"data":"Loop","floor":15.0,"key":"SMITH"},{"floor":24.0,"key":"REST"},{"floor":32.0,"key":"RECALL"},{"floor":40,"key":"REST"},{"floor":49,"key":"REST"},{"floor":52,"key":"REST"}],"neow_cost":"NONE","seed_source_timestamp":1201274968537966,"circlet_count":0,"master_deck":["AscendersBane","Defend_B","Defend_B","Defend_B","Zap+1","Dualcast","Leap","Core Surge","Electrodynamics+1","Cold Snap","Loop+1","Conserve Battery","Biased Cognition","Amplify","Glacier","Defragment","Buffer+1","Capacitor","Reboot","Echo Form","Madness","Madness"],"special_seed":0,"relics":["Cracked Core","NeowsBlessing","Meat on the Bone","Question Card","Cables","Pantograph","Bronze Scales","Matryoshka","Fusion Hammer","Molten Egg 2","Pocketwatch","Bottled Tornado","PreservedInsect","Singing Bowl","The Courier","Potion Belt","Oddly Smooth Stone","Symbiotic Virus","Dream Catcher","Inserter","Happy Flower","Blood Vial","Bag of Marbles","Mummified Hand","Darkstone Periapt","Dodecahedron"],"potions_floor_usage":[35,55,55,55,55],"damage_taken":[{"damage":0.0,"enemies":"Small Slimes","floor":1.0,"turns":1.0},{"damage":0.0,"enemies":"2 Louse","floor":4.0,"turns":1.0},{"damage":0.0,"enemies":"Gremlin Nob","floor":6.0,"turns":1.0},{"damage":22.0,"enemies":"Lagavulin","floor":8.0,"turns":7.0},{"damage":20.0,"enemies":"3 Sentries","floor":10.0,"turns":4.0},{"damage":0.0,"enemies":"Cultist","floor":12.0,"turns":2.0},{"damage":14.0,"enemies":"Exordium Thugs","floor":13.0,"turns":3.0},{"damage":20.0,"enemies":"Gremlin Nob","floor":14.0,"turns":4.0},{"damage":19.0,"enemies":"Hexaghost","floor":16.0,"turns":10.0},{"damage":2.0,"enemies":"Spheric Guardian","floor":18.0,"turns":3.0},{"damage":6.0,"enemies":"2 Thieves","floor":19.0,"turns":2.0},{"damage":12.0,"enemies":"Snake Plant","floor":21.0,"turns":2.0},{"damage":8.0,"enemies":"Cultist and Chosen","floor":22.0,"turns":5.0},{"damage":19.0,"enemies":"Slavers","floor":23.0,"turns":3.0},{"damage":0.0,"enemies":"Colosseum Slavers","floor":25.0,"turns":1.0},{"damage":29.0,"enemies":"Colosseum Nobs","floor":25.0,"turns":5.0},{"damage":28.0,"enemies":"Book of Stabbing","floor":27.0,"turns":3.0},{"damage":17.0,"enemies":"Slavers","floor":29.0,"turns":2.0},{"damage":3.0,"enemies":"Shelled Parasite and Fungi","floor":30.0,"turns":6.0},{"damage":4.0,"enemies":"Snecko","floor":31.0,"turns":3.0},{"damage":0.0,"enemies":"Automaton","floor":33.0,"turns":11.0},{"damage":13,"enemies":"3 Darklings","floor":35,"turns":3},{"damage":0,"enemies":"Orb Walker","floor":36,"turns":3},{"damage":30,"enemies":"Reptomancer","floor":41,"turns":5},{"damage":11,"enemies":"Sphere and 2 Shapes","floor":42,"turns":3},{"damage":42,"enemies":"Nemesis","floor":44,"turns":9},{"damage":19,"enemies":"4 Shapes","floor":45,"turns":2},{"damage":14,"enemies":"3 Darklings","floor":47,"turns":2},{"damage":0,"enemies":"Reptomancer","floor":48,"turns":4},{"damage":45,"enemies":"Awakened One","floor":50,"turns":19},{"damage":40,"enemies":"Shield and Spear","floor":54,"turns":9},{"damage":90,"enemies":"The Heart","floor":55,"turns":12}],"seed_played":"-5422283774699652189","potions_obtained":[{"floor":6.0,"key":"LiquidBronze"},{"floor":8.0,"key":"SteroidPotion"},{"floor":14.0,"key":"FearPotion"},{"floor":18.0,"key":"AttackPotion"},{"floor":27.0,"key":"EntropicBrew"},{"floor":31.0,"key":"EssenceOfSteel"},{"floor":41,"key":"Strength Potion"}],"is_trial":false,"path_per_floor":["M","?","?","M","T","E","R","E","T","E","R","M","M","E","R","B",null,"M","M","?","M","M","E","R","?","T","E","$","E","M","M","R","B",null,"M","M","?","?","?","R","E","M","T","E","M","$","M","E","R","B",null,"R","$","E","B"],"character_chosen":"DEFECT","items_purchased":["Potion Belt","Oddly Smooth Stone","Symbiotic Virus","Mummified Hand","PowerPotion"],"campfire_rested":4,"item_purchase_floors":[28,28,28,46,53],"current_hp_per_floor":[68,68,68,68,68,68,68,46,46,38,38,38,36,28,28,46,68,66,60,60,48,40,33,55,38,38,22,22,17,28,38,38,63,75,64,66,66,56,56,82,54,57,57,31,28,28,30,46,77,54,88,101,101,63,0],"gold":33,"neow_bonus":"THREE_ENEMY_KILL","is_prod":false,"is_daily":false,"chose_seed":false,"campfire_upgraded":3,"win_rate":0,"timestamp":1548754919,"path_taken":["M","?","?","?","?","E","R","E","T","E","R","M","M","E","R","BOSS","M","M","?","M","M","E","R","?","T","E","$","E","M","M","R","BOSS","M","M","?","?","?","R","E","M","T","E","M","$","M","E","R","BOSS","R","$","E","BOSS"],"build_version":"2019-01-23","purchased_purges":3,"victory":false,"max_hp_per_floor":[75,75,75,75,75,75,75,75,75,75,75,75,75,75,75,75,75,75,75,75,75,75,75,75,75,75,75,75,75,77,79,79,79,79,81,83,83,83,83,85,87,89,89,91,93,93,95,97,99,99,99,101,101,103,103],"card_choices":[{"not_picked":["Stack","Heatsinks"],"picked":"Leap","floor":1.0},{"not_picked":["Stack","Cold Snap"],"picked":"Core Surge","floor":4.0},{"not_picked":["Turbo","Chaos","Lockon"],"picked":"SKIP","floor":6.0},{"not_picked":["Chaos","Stack","Core Surge"],"picked":"Electrodynamics","floor":8.0},{"not_picked":["Coolheaded","Streamline","Doom and Gloom"],"picked":"Cold Snap","floor":10.0},{"not_picked":["Blizzard","Barrage","Darkness"],"picked":"Loop","floor":12.0},{"not_picked":["Ball Lightning","Storm","Cold Snap","Darkness"],"picked":"SKIP","floor":13.0},{"not_picked":["Heatsinks","Compile Driver","Leap"],"picked":"Conserve Battery","floor":14.0},{"not_picked":["Meteor Strike","Core Surge","Amplify"],"picked":"Biased Cognition","floor":16.0},{"not_picked":["Coolheaded+1","Reinforced Body","Hologram","Loop"],"picked":"SKIP","floor":18.0},{"not_picked":["Coolheaded+1","Reinforced Body","Hologram","Loop"],"picked":"SKIP","floor":18.0},{"not_picked":["Coolheaded","Leap","Barrage"],"picked":"Amplify","floor":19.0},{"not_picked":["Turbo","Barrage+1","Consume"],"picked":"Glacier","floor":21.0},{"not_picked":["Stack+1","Tempest","Chill"],"picked":"Defragment","floor":22.0},{"not_picked":["Ball Lightning","Sweeping Beam","Cold Snap+1"],"picked":"Buffer","floor":23.0},{"not_picked":["White Noise","Doom and Gloom+1","Stack+1"],"picked":"Capacitor","floor":27.0},{"not_picked":["Sweeping Beam+1","Barrage+1","Turbo"],"picked":"Reboot","floor":29.0},{"not_picked":["Static Discharge","Genetic Algorithm","Coolheaded","Stack"],"picked":"Singing Bowl","floor":30.0},{"not_picked":["Go for the Eyes+1","Conserve Battery","Hologram","Chill"],"picked":"Singing Bowl","floor":31.0},{"not_picked":["Reboot","Creative AI","Multi-Cast"],"picked":"Echo Form","floor":33.0},{"not_picked":["Coolheaded","Sweeping Beam+1","Compile Driver+1","Hologram"],"picked":"Singing Bowl","floor":35},{"not_picked":["Go for the Eyes+1","Cold Snap+1","Redo","Gash+1"],"picked":"Singing Bowl","floor":36},{"not_picked":["Gash+1","Ball Lightning+1","Cold Snap+1","Heatsinks"],"picked":"Singing Bowl","floor":40},{"not_picked":["Auto Shields","Ball Lightning+1","Leap","Fission"],"picked":"Singing Bowl","floor":41},{"not_picked":["Auto Shields","Darkness","Hologram","Cold Snap+1"],"picked":"Singing Bowl","floor":42},{"not_picked":["Lockon+1","Turbo","Rebound+1","Steam"],"picked":"Singing Bowl","floor":44},{"not_picked":["Go for the Eyes+1","Skim","Barrage+1","Conserve Battery"],"picked":"Singing Bowl","floor":45},{"not_picked":["Streamline+1","Lockon+1","Stack","Double Energy"],"picked":"Singing Bowl","floor":47},{"not_picked":["Hyperbeam+1","Echo Form","Fusion","Auto Shields+1"],"picked":"Singing Bowl","floor":48},{"not_picked":["Storm","Go for the Eyes+1","Steam+1","Cold Snap+1"],"picked":"Singing Bowl","floor":49},{"not_picked":["Gash+1","Turbo","Reprogram","Conserve Battery"],"picked":"Singing Bowl","floor":52},{"not_picked":["Consume+1","Loop","Compile Driver+1","Ball Lightning+1"],"picked":"Singing Bowl","floor":54}],"player_experience":916704,"relics_obtained":[{"floor":5.0,"key":"Meat on the Bone"},{"floor":6.0,"key":"Question Card"},{"floor":8.0,"key":"Cables"},{"floor":9.0,"key":"Pantograph"},{"floor":10.0,"key":"Bronze Scales"},{"floor":14.0,"key":"Matryoshka"},{"floor":23.0,"key":"Molten Egg 2"},{"floor":25.0,"key":"Pocketwatch"},{"floor":25.0,"key":"Bottled Tornado"},{"floor":26.0,"key":"PreservedInsect"},{"floor":26.0,"key":"Singing Bowl"},{"floor":27.0,"key":"The Courier"},{"floor":29.0,"key":"Dream Catcher"},{"floor":41,"key":"Happy Flower"},{"floor":43,"key":"Blood Vial"},{"floor":44,"key":"Bag of Marbles"},{"floor":48,"key":"Darkstone Periapt"},{"floor":54,"key":"Dodecahedron"}],"event_choices":[{"cards_removed":["Strike_B"],"damage_healed":0.0,"max_hp_gain":0.0,"max_hp_loss":0.0,"gold_gain":0.0,"event_name":"Living Wall","player_choice":"Forget","floor":2.0,"gold_loss":0.0,"damage_taken":0.0},{"cards_removed":["Strike_B"],"damage_healed":0.0,"max_hp_gain":0.0,"max_hp_loss":0.0,"gold_gain":0.0,"event_name":"Purifier","player_choice":"Purged","floor":3.0,"gold_loss":0.0,"damage_taken":0.0},{"damage_healed":0.0,"max_hp_gain":0.0,"max_hp_loss":0.0,"gold_gain":0.0,"event_name":"Cursed Tome","player_choice":"Ignored","floor":20.0,"gold_loss":0.0,"damage_taken":0.0},{"damage_healed":0.0,"max_hp_gain":0.0,"max_hp_loss":0.0,"gold_gain":0.0,"event_name":"Colosseum","player_choice":"Fight","floor":25.0,"gold_loss":0.0,"damage_taken":0.0},{"damage_healed":0.0,"max_hp_gain":0.0,"max_hp_loss":0.0,"gold_gain":0.0,"event_name":"Colosseum","player_choice":"Fought Nobs","floor":25.0,"gold_loss":0.0,"damage_taken":0.0},{"damage_healed":0,"gold_gain":0,"player_choice":"Ignored","damage_taken":0,"max_hp_gain":0,"max_hp_loss":0,"event_name":"Tomb of Lord Red Mask","floor":37,"gold_loss":0},{"damage_healed":0,"gold_gain":0,"player_choice":"Embrace Madness","damage_taken":10,"max_hp_gain":0,"max_hp_loss":0,"event_name":"Winding Halls","floor":38,"gold_loss":0,"cards_obtained":["Madness","Madness"]},{"damage_healed":0,"gold_gain":0,"player_choice":"Forge","damage_taken":0,"max_hp_gain":0,"max_hp_loss":0,"event_name":"Accursed Blacksmith","floor":39,"gold_loss":0,"cards_upgraded":["Buffer"]}],"is_beta":false,"boss_relics":[{"not_picked":["Black Star","Eternal Feather"],"picked":"Fusion Hammer"},{"not_picked":["Pandora\u0027s Box","Lizard Tail"],"picked":"Inserter"}],"items_purged_floors":[28,46,53],"is_endless":false,"potions_floor_spawned":[6,8,14,18,22,23,25,27,31,41,42,47,54],"killed_by":"The Heart","ascension_level":12}