{"gold_per_floor":[111,124,140,160,175,175,187,187,187,200,230,35,54,65,65,166,166,91,91,91,91,91,91,91,91,91,91,91,91,45,45,45,45,45,45,45,45,45,45,45,45,45,45,45,45,45,45,45,45,45],"floor_reached":51,"playtime":2530,"items_purged":[],"score":723,"play_id":"b5256a79-9753-4f95-ae68-094e0930c12c","local_time":"20181226142908","is_ascension_mode":false,"campfire_choices":[{"data":"Uppercut","floor":6,"key":"SMITH"},{"data":"Whirlwind","floor":15,"key":"SMITH"},{"floor":25,"key":"REST"},{"data":"Heavy Blade","floor":32,"key":"SMITH"},{"data":"Armaments","floor":40,"key":"SMITH"},{"data":"Demon Form","floor":45,"key":"SMITH"},{"data":"Battle Trance","floor":47,"key":"SMITH"},{"data":"Shrug It Off","floor":49,"key":"SMITH"}],"neow_cost":"NONE","seed_source_timestamp":50878948211265,"circlet_count":0,"master_deck":["Strike_R","Strike_R","Strike_R","Strike_R","Strike_R","Defend_R","Defend_R","Defend_R","Defend_R","Bash+1","Uppercut+1","Battle Trance+1","Thunderclap","Anger","Spot Weakness","Pummel","Armaments+1","Inflame","Whirlwind+1","Double Tap","True Grit+1","Flex+1","Armaments+1","Seeing Red","True Grit+1","Reaper","Heavy Blade+1","Reaper","Demon Form+1","Whirlwind","Shrug It Off+1"],"relics":["Burning Blood","Ancient Tea Set","Strawberry","DollysMirror","Ectoplasm","Omamori","Bottled Flame","Mummified Hand","Eternal Feather","Bird Faced Urn","Orichalcum","Charon\u0027s Ashes","Ornamental Fan"],"potions_floor_usage":[16,16,23,23,28,33,33,50,50],"damage_taken":[{"damage":6,"enemies":"Cultist","floor":1,"turns":3},{"damage":2,"enemies":"2 Louse","floor":2,"turns":2},{"damage":5,"enemies":"Jaw Worm","floor":3,"turns":4},{"damage":7,"enemies":"Looter","floor":4,"turns":3},{"damage":4,"enemies":"Blue Slaver","floor":5,"turns":4},{"damage":8,"enemies":"2 Fungi Beasts","floor":7,"turns":3},{"damage":17,"enemies":"Exordium Thugs","floor":10,"turns":3},{"damage":11,"enemies":"Gremlin Nob","floor":11,"turns":4},{"damage":7,"enemies":"Blue Slaver","floor":13,"turns":2},{"damage":4,"enemies":"Red Slaver","floor":14,"turns":5},{"damage":28,"enemies":"Slime Boss","floor":16,"turns":6},{"damage":24,"enemies":"2 Thieves","floor":18,"turns":4},{"damage":5,"enemies":"Chosen","floor":19,"turns":3},{"damage":0,"enemies":"3 Cultists","floor":20,"turns":2},{"damage":52,"enemies":"Slavers","floor":23,"turns":4},{"damage":1,"enemies":"Sentry and Sphere","floor":27,"turns":3},{"damage":10,"enemies":"Cultist and Chosen","floor":28,"turns":4},{"damage":6,"enemies":"Gremlin Leader","floor":29,"turns":4},{"damage":52,"enemies":"Champ","floor":33,"turns":8},{"damage":1,"enemies":"Orb Walker","floor":35,"turns":2},{"damage":22,"enemies":"Mind Bloom Boss Battle","floor":36,"turns":6},{"damage":1,"enemies":"3 Shapes","floor":37,"turns":2},{"damage":18,"enemies":"Maw","floor":39,"turns":7},{"damage":1,"enemies":"3 Darklings","floor":42,"turns":2},{"damage":41,"enemies":"Reptomancer","floor":44,"turns":6},{"damage":17,"enemies":"Jaw Worm Horde","floor":46,"turns":3},{"damage":132,"enemies":"Donu and Deca","floor":50,"turns":9}],"seed_played":"-4328480187723707890","potions_obtained":[{"floor":3,"key":"SteroidPotion"},{"floor":4,"key":"FearPotion"},{"floor":10,"key":"BloodPotion"},{"floor":13,"key":"PowerPotion"},{"floor":16,"key":"LiquidBronze"},{"floor":18,"key":"Explosive Potion"},{"floor":23,"key":"Swift Potion"},{"floor":29,"key":"Ancient Potion"},{"floor":33,"key":"SkillPotion"},{"floor":35,"key":"SmokeBomb"},{"floor":36,"key":"SteroidPotion"},{"floor":44,"key":"Dexterity Potion"}],"is_trial":false,"path_per_floor":["M","M","M","M","M","R","M","?","T","M","E","$","M","M","R","B",null,"M","M","M","?","?","E","?","R","T","M","M","E","$","?","R","B",null,"M","?","M","?","M","R","$","M","T","E","R","M","R","?","R","B",null],"character_chosen":"IRONCLAD","items_purchased":["DollysMirror","Heavy Blade"],"campfire_rested":1,"item_purchase_floors":[12,30],"current_hp_per_floor":[80,80,80,79,80,80,78,78,78,67,69,69,68,70,70,56,87,69,70,76,76,76,30,30,56,56,61,57,87,87,87,87,41,87,87,71,76,76,82,87,87,87,87,52,70,65,83,83,87,17],"gold":45,"neow_bonus":"UPGRADE_CARD","is_prod":false,"is_daily":false,"chose_seed":false,"campfire_upgraded":7,"win_rate":0,"timestamp":1545852548,"path_taken":["M","M","?","M","M","R","M","?","T","M","E","$","M","M","R","BOSS","M","M","M","?","?","E","?","R","T","M","M","E","?","?","R","BOSS","M","?","M","?","?","R","?","M","T","E","R","M","R","?","R","BOSS"],"build_version":"2018-12-20","purchased_purges":0,"victory":true,"max_hp_per_floor":[80,80,80,80,80,80,80,80,80,80,87,87,87,87,87,87,87,87,87,87,87,87,87,87,87,87,87,87,87,87,87,87,87,87,87,87,87,87,87,87,87,87,87,87,87,87,87,87,87,87],"card_choices":[{"not_picked":["Iron Wave","Pommel Strike"],"picked":"Uppercut","floor":1},{"not_picked":["Clothesline","Armaments"],"picked":"Battle Trance","floor":2},{"not_picked":["Blood for Blood","Disarm"],"picked":"Thunderclap","floor":3},{"not_picked":["Rampage","Wild Strike"],"picked":"Anger","floor":4},{"not_picked":["Rage","Thunderclap"],"picked":"Spot Weakness","floor":5},{"not_picked":["Perfected Strike","Burning Pact"],"picked":"Inflame","floor":7},{"not_picked":["Uppercut","Clash"],"picked":"Pummel","floor":10},{"not_picked":["Sentinel","Evolve"],"picked":"Armaments","floor":11},{"not_picked":["Shrug It Off","Infernal Blade"],"picked":"Whirlwind","floor":13},{"not_picked":["Rage","Infernal Blade","Blood for Blood"],"picked":"SKIP","floor":14},{"not_picked":["Dark Embrace","Berserk"],"picked":"Double Tap","floor":16},{"not_picked":["Sentinel","Clothesline+1"],"picked":"True Grit+1","floor":18},{"not_picked":["Armaments","Twin Strike"],"picked":"Flex+1","floor":19},{"not_picked":["Headbutt+1","Blood for Blood"],"picked":"Armaments+1","floor":20},{"not_picked":["Anger","Headbutt","Body Slam"],"picked":"SKIP","floor":23},{"not_picked":["Carnage","Power Through+1"],"picked":"True Grit+1","floor":27},{"not_picked":["Infernal Blade","Searing Blow+1"],"picked":"Reaper","floor":28},{"not_picked":["True Grit","Warcry+1","Wild Strike"],"picked":"SKIP","floor":29},{"not_picked":["Fiend Fire","Juggernaut"],"picked":"Demon Form","floor":33},{"not_picked":["Clothesline+1","Spot Weakness+1"],"picked":"Whirlwind","floor":35},{"not_picked":["Blood for Blood+1","Thunderclap"],"picked":"Shrug It Off","floor":36},{"not_picked":["Searing Blow+1","Thunderclap","Clash+1"],"picked":"SKIP","floor":37},{"not_picked":["Burning Pact+1","Armaments","Clash+1"],"picked":"SKIP","floor":39},{"not_picked":["Havoc+1","Iron Wave","Cleave"],"picked":"SKIP","floor":42},{"not_picked":["Cleave","Brutality","Thunderclap+1"],"picked":"SKIP","floor":44},{"not_picked":["Sever Soul","Infernal Blade","Uppercut"],"picked":"SKIP","floor":46}],"player_experience":404500,"relics_obtained":[{"floor":9,"key":"Ancient Tea Set"},{"floor":11,"key":"Strawberry"},{"floor":23,"key":"Omamori"},{"floor":26,"key":"Bottled Flame"},{"floor":29,"key":"Mummified Hand"},{"floor":36,"key":"Bird Faced Urn"},{"floor":43,"key":"Charon\u0027s Ashes"},{"floor":44,"key":"Ornamental Fan"}],"event_choices":[{"damage_healed":0,"gold_gain":0,"player_choice":"Bought 0 Potions","damage_taken":0,"max_hp_gain":0,"max_hp_loss":0,"event_name":"The Woman in Blue","floor":8,"gold_loss":0},{"damage_healed":0,"gold_gain":0,"player_choice":"Read","damage_taken":0,"max_hp_gain":0,"max_hp_loss":0,"event_name":"The Library","floor":21,"gold_loss":0,"cards_obtained":["Seeing Red"]},{"damage_healed":0,"gold_gain":0,"player_choice":"Ignored","damage_taken":0,"max_hp_gain":0,"max_hp_loss":0,"event_name":"The Mausoleum","floor":22,"gold_loss":0},{"damage_healed":0,"gold_gain":99,"player_choice":"Stole From Cult","damage_taken":0,"max_hp_gain":0,"max_hp_loss":0,"event_name":"Nest","floor":24,"gold_loss":0},{"damage_healed":0,"gold_gain":0,"player_choice":"1 cards matched","damage_taken":0,"max_hp_gain":0,"max_hp_loss":0,"event_name":"Match and Keep!","floor":31,"gold_loss":0,"cards_obtained":["Reaper"]},{"damage_healed":0,"gold_gain":0,"player_choice":"1 cards matched","damage_taken":0,"max_hp_gain":0,"max_hp_loss":0,"event_name":"Match and Keep!","floor":31,"gold_loss":0,"cards_obtained":["Reaper"]},{"damage_healed":0,"gold_gain":0,"player_choice":"Fight","damage_taken":0,"max_hp_gain":0,"max_hp_loss":0,"event_name":"MindBloom","floor":36,"gold_loss":0},{"damage_healed":0,"gold_gain":0,"player_choice":"Gave Potion","damage_taken":0,"relics_obtained":["Orichalcum"],"max_hp_gain":0,"max_hp_loss":0,"event_name":"WeMeetAgain","floor":38,"gold_loss":0},{"cards_removed":["Inflame"],"damage_healed":0,"gold_gain":0,"player_choice":"Removed Power","damage_taken":0,"max_hp_gain":0,"max_hp_loss":0,"event_name":"Falling","floor":48,"gold_loss":0}],"is_beta":false,"boss_relics":[{"not_picked":["Busted Crown","Pandora\u0027s Box"],"picked":"Ectoplasm"},{"not_picked":["Black Star","Calling Bell"],"picked":"Eternal Feather"}],"items_purged_floors":[],"is_endless":false,"potions_floor_spawned":[3,4,10,13,14,16,18,23,29,33,35,36,37,44],"ascension_level":0}