{"gold_per_floor":[115,115,132,186,186,217,217,249,249,249,14,24,54,54,54,158,158,158,73,73,73,73,73,73,73,73,73,73,73,73,73,73,73,73,73,73,73,0,0,0,0,0,0,0,0,0,0,0,0,0],"floor_reached":51,"playtime":1875,"items_purged":[],"score":1118,"play_id":"488a3d78-8ddb-486f-9ced-99891a95c203","local_time":"20190223225713","is_ascension_mode":true,"campfire_choices":[{"data":"Armaments","floor":7,"key":"SMITH"},{"data":"Dark Embrace","floor":10,"key":"SMITH"},{"data":"Rampage","floor":15,"key":"SMITH"},{"data":"Ghostly","floor":27,"key":"SMITH"},{"data":"Inflame","floor":32,"key":"SMITH"},{"data":"Fiend Fire","floor":40,"key":"SMITH"},{"data":"Inflame","floor":49,"key":"SMITH"}],"neow_cost":"NONE","seed_source_timestamp":535353648066650,"circlet_count":0,"master_deck":["Strike_R+1","Strike_R+1","Defend_R+1","Defend_R+1","Defend_R+1","Defend_R+1","Bash","Shockwave","Armaments+1","Iron Wave","Dark Embrace+1","Inflame+1","Rampage+1","Pummel","Immolate","Ghostly+1","Ghostly","Ghostly","Ghostly","Ghostly","Whirlwind+1","Corruption","Inflame+1","Power Through+1","Rage+1","Fiend Fire+1","Burning Pact+1","Panacea+1","Infernal Blade+1","Evolve+1","Feel No Pain+1","Pummel+1","Fiend Fire+1","Wild Strike+1"],"relics":["Burning Blood","NeowsBlessing","Ancient Tea Set","Meat on the Bone","Anchor","Pear","Art of War","Juzu Bracelet","Ectoplasm","FossilizedHelix","Strawberry","Toxic Egg 2","Dream Catcher","Mark of Pain","Red Mask","The Courier","Sundial","Peace Pipe","Unceasing Top"],"potions_floor_usage":[8,8,25,33,50],"damage_taken":[{"damage":0,"enemies":"Small Slimes","floor":1,"turns":1},{"damage":0,"enemies":"Jaw Worm","floor":3,"turns":1},{"damage":0,"enemies":"Gremlin Nob","floor":6,"turns":1},{"damage":29,"enemies":"Lagavulin","floor":8,"turns":6},{"damage":3,"enemies":"2 Louse","floor":12,"turns":3},{"damage":39,"enemies":"Gremlin Nob","floor":13,"turns":5},{"damage":26,"enemies":"Slime Boss","floor":16,"turns":9},{"damage":13,"enemies":"Shell Parasite","floor":18,"turns":5},{"damage":0,"enemies":"Chosen","floor":23,"turns":4},{"damage":9,"enemies":"Slavers","floor":25,"turns":8},{"damage":5,"enemies":"Snake Plant","floor":29,"turns":6},{"damage":20,"enemies":"Gremlin Leader","floor":31,"turns":6},{"damage":7,"enemies":"Automaton","floor":33,"turns":10},{"damage":0,"enemies":"Orb Walker","floor":35,"turns":4},{"damage":2,"enemies":"3 Shapes","floor":37,"turns":5},{"damage":3,"enemies":"Writhing Mass","floor":39,"turns":6},{"damage":11,"enemies":"4 Shapes","floor":41,"turns":7},{"damage":0,"enemies":"Jaw Worm Horde","floor":42,"turns":5},{"damage":21,"enemies":"Reptomancer","floor":46,"turns":5},{"damage":2,"enemies":"2 Orb Walkers","floor":48,"turns":5},{"damage":23,"enemies":"Donu and Deca","floor":50,"turns":8}],"seed_played":"6382079782013436196","potions_obtained":[{"floor":1,"key":"LiquidBronze"},{"floor":5,"key":"FearPotion"},{"floor":5,"key":"Energy Potion"},{"floor":5,"key":"BloodPotion"},{"floor":12,"key":"Ancient Potion"},{"floor":13,"key":"BloodPotion"},{"floor":23,"key":"Strength Potion"},{"floor":25,"key":"SmokeBomb"},{"floor":31,"key":"PowerPotion"},{"floor":37,"key":"BloodPotion"},{"floor":39,"key":"Dexterity Potion"}],"is_trial":false,"path_per_floor":["M","?","M","T","?","E","R","E","T","R","$","M","E","?","R","B",null,"M","?","?","$","?","M","?","E","T","R","$","M","?","E","R","B",null,"M","?","M","?","M","R","M","M","T","?","?","E","?","?","R","B",null],"character_chosen":"IRONCLAD","items_purchased":["Inflame","Art of War"],"campfire_rested":0,"item_purchase_floors":[11,11],"current_hp_per_floor":[78,78,80,80,80,80,80,57,67,67,67,70,49,79,79,59,82,75,75,45,45,45,45,45,49,49,49,49,50,50,36,36,35,48,52,52,52,52,52,52,47,52,52,49,49,34,34,38,38,33],"gold":0,"neow_bonus":"THREE_ENEMY_KILL","is_prod":false,"is_daily":false,"chose_seed":false,"campfire_upgraded":7,"win_rate":0,"timestamp":1550959033,"path_taken":["M","?","M","?","?","E","R","E","T","R","$","?","E","?","R","BOSS","M","?","?","$","?","M","?","E","T","R","?","M","?","E","R","BOSS","M","?","M","?","M","R","M","M","T","?","?","E","?","?","R","BOSS"],"build_version":"2019-01-23","purchased_purges":0,"victory":true,"max_hp_per_floor":[80,80,80,80,80,80,80,80,90,90,90,90,90,90,90,90,90,90,90,45,45,45,45,45,52,52,52,52,52,52,52,52,52,52,52,52,52,52,52,52,52,52,52,49,49,49,49,49,49,49],"card_choices":[{"not_picked":["Flex","Metallicize"],"picked":"Shockwave","floor":1},{"not_picked":["Pummel","Clash"],"picked":"Armaments","floor":3},{"not_picked":["Burning Pact","Thunderclap"],"picked":"Iron Wave","floor":6},{"not_picked":["Thunderclap","True Grit"],"picked":"Dark Embrace","floor":8},{"not_picked":["Clash","Blood for Blood"],"picked":"Rampage","floor":12},{"not_picked":["Twin Strike","Thunderclap"],"picked":"Pummel","floor":13},{"not_picked":["Juggernaut","Impervious"],"picked":"Immolate","floor":16},{"not_picked":["Clothesline","Feel No Pain","Havoc"],"picked":"SKIP","floor":18},{"not_picked":["Flame Barrier","Dual Wield","Body Slam"],"picked":"SKIP","floor":23},{"not_picked":["Heavy Blade+1","Combust"],"picked":"Whirlwind+1","floor":25},{"not_picked":["Twin Strike","Wild Strike"],"picked":"Corruption","floor":29},{"not_picked":["Dropkick","Perfected Strike"],"picked":"Rage+1","floor":31},{"not_picked":["Juggernaut","Barricade"],"picked":"Fiend Fire","floor":33},{"not_picked":["Flex+1","Sword Boomerang"],"picked":"Burning Pact+1","floor":35},{"not_picked":["Impatience+1","Purity+1"],"picked":"Panacea+1","floor":36},{"not_picked":["Sword Boomerang","Clash"],"picked":"Infernal Blade+1","floor":37},{"not_picked":["Thunderclap+1","Clash"],"picked":"Evolve+1","floor":39},{"not_picked":["Twin Strike","Shrug It Off+1"],"picked":"Feel No Pain+1","floor":41},{"not_picked":["Combust+1","Havoc+1"],"picked":"Pummel+1","floor":42},{"not_picked":["Corruption","Pummel"],"picked":"Fiend Fire","floor":46},{"not_picked":["Whirlwind","Reckless Charge"],"picked":"Wild Strike+1","floor":48}],"player_experience":749308,"relics_obtained":[{"floor":4,"key":"Ancient Tea Set"},{"floor":6,"key":"Meat on the Bone"},{"floor":8,"key":"Anchor"},{"floor":9,"key":"Pear"},{"floor":13,"key":"Juzu Bracelet"},{"floor":25,"key":"Strawberry"},{"floor":26,"key":"Toxic Egg 2"},{"floor":31,"key":"Dream Catcher"},{"floor":43,"key":"The Courier"},{"floor":46,"key":"Peace Pipe"},{"floor":48,"key":"Unceasing Top"}],"event_choices":[{"damage_healed":0,"gold_gain":0,"player_choice":"Ignored","damage_taken":0,"max_hp_gain":0,"max_hp_loss":0,"event_name":"Liars Game","floor":2,"gold_loss":0},{"damage_healed":0,"gold_gain":0,"player_choice":"Got Potions","damage_taken":0,"max_hp_gain":0,"max_hp_loss":0,"event_name":"Lab","floor":5,"gold_loss":0},{"damage_healed":30,"gold_gain":0,"player_choice":"Banana","damage_taken":0,"max_hp_gain":0,"max_hp_loss":0,"event_name":"Big Fish","floor":14,"gold_loss":0},{"damage_healed":0,"gold_gain":0,"player_choice":"Obtained Relic","damage_taken":0,"relics_obtained":["FossilizedHelix"],"max_hp_gain":0,"max_hp_loss":0,"event_name":"Addict","floor":19,"gold_loss":85},{"damage_healed":0,"gold_gain":0,"player_choice":"Became a Ghost","damage_taken":0,"max_hp_gain":0,"max_hp_loss":45,"event_name":"Ghosts","floor":20,"gold_loss":0,"cards_obtained":["Ghostly","Ghostly","Ghostly","Ghostly","Ghostly"]},{"damage_healed":0,"gold_gain":0,"player_choice":"Simplicity","damage_taken":0,"max_hp_gain":0,"max_hp_loss":0,"event_name":"Back to Basics","floor":22,"gold_loss":0,"cards_upgraded":["Strike_R","Strike_R","Strike_R","Strike_R","Strike_R","Defend_R","Defend_R","Defend_R","Defend_R"]},{"cards_removed":["Strike_R"],"damage_healed":0,"gold_gain":0,"player_choice":"Offered Basic","damage_taken":0,"max_hp_gain":0,"max_hp_loss":0,"event_name":"Bonfire Elementals","floor":24,"gold_loss":0},{"damage_healed":0,"gold_gain":0,"cards_transformed":["Strike_R","Strike_R"],"player_choice":"Became Test Subject","damage_taken":0,"max_hp_gain":0,"max_hp_loss":0,"event_name":"Drug Dealer","floor":30,"gold_loss":0,"cards_obtained":["Inflame","Power Through"]},{"damage_healed":0,"gold_gain":0,"player_choice":"Memory 1","damage_taken":0,"max_hp_gain":0,"max_hp_loss":0,"event_name":"SensoryStone","floor":36,"gold_loss":0},{"damage_healed":0,"gold_gain":0,"player_choice":"Paid","damage_taken":0,"relics_obtained":["Red Mask"],"max_hp_gain":0,"max_hp_loss":0,"event_name":"Tomb of Lord Red Mask","floor":38,"gold_loss":73},{"damage_healed":0,"gold_gain":0,"player_choice":"Max HP","damage_taken":0,"max_hp_gain":0,"max_hp_loss":3,"event_name":"Winding Halls","floor":44,"gold_loss":0},{"damage_healed":0,"gold_gain":0,"player_choice":"Gave Potion","damage_taken":0,"relics_obtained":["Sundial"],"max_hp_gain":0,"max_hp_loss":0,"event_name":"WeMeetAgain","floor":45,"gold_loss":0},{"damage_healed":0,"gold_gain":0,"player_choice":"Upgraded","damage_taken":0,"max_hp_gain":0,"max_hp_loss":0,"event_name":"Upgrade Shrine","floor":47,"gold_loss":0,"cards_upgraded":["Fiend Fire"]},{"damage_healed":0,"gold_gain":0,"player_choice":"Fight","damage_taken":0,"max_hp_gain":0,"max_hp_loss":0,"event_name":"Mysterious Sphere","floor":48,"gold_loss":0}],"is_beta":false,"boss_relics":[{"not_picked":["White Beast Statue","Velvet Choker"],"picked":"Ectoplasm"},{"not_picked":["Empty Cage","Calling Bell"],"picked":"Mark of Pain"}],"items_purged_floors":[],"is_endless":false,"potions_floor_spawned":[1,12,13,23,25,31,37,39,41],"ascension_level":9}