{"gold_per_floor":[116,132,132,151,26,53,53,228,255,267,292,322,395,435,447,459],"floor_reached":16,"playtime":1620,"items_purged":[],"score":110,"play_id":"4d0d73c4-902d-4bd6-8b66-4d04624b1a85","local_time":"20190304001711","is_ascension_mode":false,"campfire_choices":[{"floor":7,"key":"REST"},{"floor":15,"key":"REST"}],"neow_cost":"CURSE","seed_source_timestamp":1664032357493030,"circlet_count":0,"master_deck":["Strike_R","Strike_R","Strike_R","Strike_R","Strike_R","Defend_R","Defend_R","Defend_R","Defend_R","Bash","Offering","Shockwave+1","Feel No Pain","Evolve","Feel No Pain","True Grit","Pommel Strike","Doubt","Second Wind","Entrench","Reckless Charge","Iron Wave"],"relics":["Burning Blood","Anchor","MawBank","StoneCalendar","Happy Flower"],"potions_floor_usage":[6,6,6,14,14],"damage_taken":[{"damage":14,"enemies":"Jaw Worm","floor":1,"turns":5},{"damage":21,"enemies":"2 Louse","floor":2,"turns":3},{"damage":2,"enemies":"Cultist","floor":4,"turns":4},{"damage":31,"enemies":"Lagavulin","floor":6,"turns":10},{"damage":8,"enemies":"3 Louse","floor":11,"turns":5},{"damage":8,"enemies":"2 Fungi Beasts","floor":12,"turns":6},{"damage":29,"enemies":"Gremlin Nob","floor":13,"turns":6},{"damage":14,"enemies":"Gremlin Nob","floor":14,"turns":4},{"damage":55,"enemies":"The Guardian","floor":16,"turns":10}],"seed_played":"5016567885785173604","potions_obtained":[{"floor":1,"key":"Explosive Potion"},{"floor":2,"key":"Swift Potion"},{"floor":4,"key":"Block Potion"},{"floor":11,"key":"FearPotion"},{"floor":13,"key":"PowerPotion"}],"is_trial":false,"path_per_floor":["M","M","?","M","$","E","R","?","T","?","M","M","?","E","R","B"],"character_chosen":"IRONCLAD","items_purchased":["Feel No Pain","True Grit"],"campfire_rested":2,"item_purchase_floors":[5,5],"current_hp_per_floor":[72,57,50,54,54,29,53,53,53,53,51,49,26,18,42,0],"gold":459,"neow_bonus":"THREE_RARE_CARDS","is_prod":false,"is_daily":false,"chose_seed":false,"campfire_upgraded":0,"win_rate":0.0,"timestamp":1551676631,"path_taken":["M","M","?","M","$","E","R","?","T","?","M","?","?","E","R","BOSS"],"build_version":"2019-01-23","purchased_purges":0,"victory":false,"max_hp_per_floor":[80,80,80,80,80,80,80,80,80,80,80,80,80,80,80,80],"card_choices":[{"not_picked":["Reaper","Immolate"],"picked":"Offering","floor":0},{"not_picked":["Evolve","Thunderclap"],"picked":"Shockwave","floor":1},{"not_picked":["Searing Blow","True Grit"],"picked":"Feel No Pain","floor":2},{"not_picked":["Anger","Seeing Red"],"picked":"Evolve","floor":4},{"not_picked":["Thunderclap","Anger"],"picked":"Pommel Strike","floor":6},{"not_picked":["Pommel Strike","Clash"],"picked":"Second Wind","floor":11},{"not_picked":["Sword Boomerang","Anger"],"picked":"Entrench","floor":12},{"not_picked":["Armaments","Second Wind"],"picked":"Reckless Charge","floor":13},{"not_picked":["Twin Strike","Rampage"],"picked":"Iron Wave","floor":14}],"player_experience":60330,"relics_obtained":[{"floor":6,"key":"Anchor"},{"floor":9,"key":"MawBank"},{"floor":13,"key":"StoneCalendar"},{"floor":14,"key":"Happy Flower"}],"event_choices":[{"cards_removed":["Pain"],"damage_healed":0,"gold_gain":0,"player_choice":"Card Removal","damage_taken":7,"max_hp_gain":0,"max_hp_loss":0,"event_name":"Golden Wing","floor":3,"gold_loss":0},{"damage_healed":0,"gold_gain":175,"player_choice":"AGREE","damage_taken":0,"max_hp_gain":0,"max_hp_loss":0,"event_name":"Liars Game","floor":8,"gold_loss":0,"cards_obtained":["Doubt"]},{"damage_healed":0,"gold_gain":0,"player_choice":"Forge","damage_taken":0,"max_hp_gain":0,"max_hp_loss":0,"event_name":"Accursed Blacksmith","floor":10,"gold_loss":0,"cards_upgraded":["Shockwave"]},{"damage_healed":0,"gold_gain":30,"player_choice":"Searched \u00273\u0027 times","damage_taken":0,"max_hp_gain":0,"max_hp_loss":0,"event_name":"Dead Adventurer","floor":13,"gold_loss":0}],"is_beta":false,"boss_relics":[],"items_purged_floors":[],"is_endless":false,"potions_floor_spawned":[1,2,4,11,13],"killed_by":"The Guardian","ascension_level":0}