{"gold_per_floor":[117,5,5,5,17,46,221,221,221,238,238,257,86,63,63,63],"floor_reached":16,"playtime":874,"items_purged":["Defend_R","Doubt"],"score":98,"play_id":"2ef4c824-4bcc-4497-bf18-5bb2c3f5aa1d","local_time":"20180928013350","is_ascension_mode":false,"campfire_choices":[{"data":"Flex","floor":8,"key":"SMITH"},{"data":"Heavy Blade","floor":11,"key":"SMITH"},{"floor":15,"key":"REST"}],"neow_cost":"NONE","seed_source_timestamp":35622608360534,"circlet_count":0,"master_deck":["Strike_R","Strike_R","Strike_R","Strike_R","Strike_R","Defend_R","Defend_R","Bash","Flex+1","Combust","Heavy Blade+1","Cleave","Cleave","Shockwave","Anger","Thunderclap"],"relics":["Burning Blood","Happy Flower","Dodecahedron","Self Forming Clay","PreservedInsect"],"potions_floor_usage":[],"damage_taken":[{"damage":3,"enemies":"Small Slimes","floor":1,"turns":3},{"damage":13,"enemies":"Jaw Worm","floor":5,"turns":3},{"damage":35,"enemies":"3 Sentries","floor":6,"turns":5},{"damage":7,"enemies":"2 Louse","floor":10,"turns":3},{"damage":17,"enemies":"Exordium Thugs","floor":12,"turns":3},{"damage":42,"enemies":"The Guardian","floor":16,"turns":8}],"seed_played":"-8136561123583201421","potions_obtained":[{"floor":10,"key":"Energy Potion"}],"is_trial":false,"path_per_floor":["M","$","?","T","M","E","?","R","T","M","R","M","$","?","R"],"character_chosen":"IRONCLAD","items_purchased":["Combust","Anger","Thunderclap"],"campfire_rested":1,"item_purchase_floors":[2,13,13],"current_hp_per_floor":[80,80,62,62,55,26,26,26,26,25,25,14,14,14,38,0],"gold":63,"neow_bonus":"REMOVE_CARD","is_prod":false,"is_daily":false,"chose_seed":false,"campfire_upgraded":2,"win_rate":0.0,"timestamp":1538091230,"path_taken":["M","$","?","?","M","E","?","R","T","M","R","M","$","?","R","BOSS"],"build_version":"2018-09-20","purchased_purges":2,"victory":false,"max_hp_per_floor":[80,80,80,80,80,80,80,80,80,80,80,80,80,80,80,80],"card_choices":[{"not_picked":["Perfected Strike","Carnage"],"picked":"Flex","floor":1},{"not_picked":["Headbutt","Power Through"],"picked":"Heavy Blade","floor":5},{"not_picked":["Twin Strike","Pommel Strike"],"picked":"Cleave","floor":6},{"not_picked":["Pummel","Reckless Charge"],"picked":"Cleave","floor":10},{"not_picked":["Reckless Charge","Iron Wave"],"picked":"Shockwave","floor":12}],"player_experience":16057,"relics_obtained":[{"floor":4,"key":"Dodecahedron"},{"floor":6,"key":"Self Forming Clay"},{"floor":9,"key":"PreservedInsect"}],"event_choices":[{"event_name":"Scrap Ooze","player_choice":"success","floor":3,"damage_taken":18},{"event_name":"Liars Game","player_choice":"agreed","floor":7,"damage_taken":0},{"event_name":"World of Goop","player_choice":"Left","floor":14,"damage_taken":0}],"is_beta":false,"boss_relics":[],"items_purged_floors":[2,13],"is_endless":false,"potions_floor_spawned":[10],"killed_by":"The Guardian","ascension_level":0}