{"gold_per_floor":[115,115,3,16,27,60,60,76,123,145,157,169,213,190,202,214],"floor_reached":16,"playtime":500,"items_purged":["Strike_G"],"score":149,"play_id":"3270dbb5-1d30-4c64-ada6-32c1c3b7d39c","local_time":"20190105193029","is_ascension_mode":true,"campfire_choices":[{"data":"Footwork","floor":7,"key":"SMITH"},{"data":"Tactician","floor":11,"key":"SMITH"},{"data":"Survivor","floor":15,"key":"SMITH"}],"neow_cost":"NONE","seed_source_timestamp":328621675534300,"circlet_count":0,"master_deck":["Defend_G","Defend_G","Defend_G","Defend_G","Defend_G","Strike_G","Strike_G","Strike_G","Strike_G","Survivor+1","Neutralize+1","Dagger Spray","Footwork+1","Tactician+1","Dodge and Roll","Dagger Spray","PiercingWail","Slice","Deflect"],"relics":["Ring of the Snake","NeowsBlessing","Kunai","MawBank","Bag of Preparation"],"potions_floor_usage":[6,13],"damage_taken":[{"damage":0,"enemies":"Small Slimes","floor":1,"turns":1},{"damage":0,"enemies":"Cultist","floor":4,"turns":1},{"damage":0,"enemies":"Jaw Worm","floor":5,"turns":1},{"damage":12,"enemies":"Lagavulin","floor":6,"turns":10},{"damage":0,"enemies":"Blue Slaver","floor":8,"turns":6},{"damage":0,"enemies":"2 Fungi Beasts","floor":10,"turns":4},{"damage":11,"enemies":"3 Sentries","floor":13,"turns":5},{"damage":64,"enemies":"Hexaghost","floor":16,"turns":15}],"seed_played":"-4764929120891488430","potions_obtained":[{"floor":5,"key":"Strength Potion"},{"floor":6,"key":"SpeedPotion"},{"floor":8,"key":"Block Potion"}],"is_trial":false,"path_per_floor":["M","?","$","M","M","E","R","M","T","M","R","?","E","?","R","B"],"character_chosen":"THE_SILENT","items_purchased":["Footwork"],"campfire_rested":0,"item_purchase_floors":[3],"current_hp_per_floor":[63,63,63,63,63,51,51,51,51,51,51,51,40,57,57,0],"gold":214,"neow_bonus":"THREE_ENEMY_KILL","is_prod":false,"is_daily":false,"chose_seed":false,"campfire_upgraded":3,"win_rate":0,"timestamp":1546713029,"path_taken":["M","?","$","M","?","E","R","M","T","M","R","?","E","?","R","BOSS"],"build_version":"2019-01-03v4","purchased_purges":1,"victory":false,"max_hp_per_floor":[70,70,70,70,70,70,70,70,70,70,70,70,70,70,70,70],"card_choices":[{"not_picked":["Deadly Poison","Quick Slash"],"picked":"Dagger Spray","floor":1},{"not_picked":["Dagger Spray","Acrobatics"],"picked":"Tactician","floor":4},{"not_picked":["Predator","Tactician"],"picked":"Dodge and Roll","floor":5},{"not_picked":["Riddle With Holes","Slice"],"picked":"Dagger Spray","floor":6},{"not_picked":["Concentrate","Skewer"],"picked":"PiercingWail","floor":8},{"not_picked":["Dagger Spray","Crippling Poison"],"picked":"Slice","floor":10},{"not_picked":["Backstab","Escape Plan"],"picked":"Deflect","floor":13}],"player_experience":481041,"relics_obtained":[{"floor":6,"key":"Kunai"},{"floor":9,"key":"MawBank"},{"floor":13,"key":"Bag of Preparation"}],"event_choices":[{"damage_healed":0,"gold_gain":0,"player_choice":"Forge","damage_taken":0,"max_hp_gain":0,"max_hp_loss":0,"event_name":"Accursed Blacksmith","floor":2,"gold_loss":0,"cards_upgraded":["Neutralize"]},{"damage_healed":0,"gold_gain":0,"player_choice":"Ignored","damage_taken":0,"max_hp_gain":0,"max_hp_loss":0,"event_name":"Liars Game","floor":12,"gold_loss":0},{"damage_healed":17,"gold_gain":0,"player_choice":"Healed","damage_taken":0,"max_hp_gain":0,"max_hp_loss":0,"event_name":"The Cleric","floor":14,"gold_loss":35}],"is_beta":false,"boss_relics":[],"items_purged_floors":[3],"is_endless":false,"potions_floor_spawned":[5,6,8],"killed_by":"Hexaghost","ascension_level":7}