{"gold_per_floor":[118,128,0,75,75,75,92,92,119,130,146,46,73,85,85,188,188,199,199,199,213,113,113,129,145,145,145,156,186,186,205,205,301,301,313,117,0,10,10,42,42,72,84,122,185,197,228,17,17,17],"floor_reached":51,"playtime":2916,"items_purged":["Strike_G","Strike_G","Strike_G","Strike_G"],"score":770,"play_id":"beec36a3-2d6a-44b1-8c06-318a3e354494","local_time":"20181119232731","is_ascension_mode":false,"campfire_choices":[{"data":"Neutralize","floor":6,"key":"SMITH"},{"data":"Noxious Fumes","floor":8,"key":"SMITH"},{"data":"Noxious Fumes","floor":15,"key":"SMITH"},{"data":"Survivor","floor":23,"key":"SMITH"},{"data":"Distraction","floor":30,"key":"SMITH"},{"data":"Sucker Punch","floor":32,"key":"SMITH"},{"floor":41,"key":"REST"},{"floor":49,"key":"REST"}],"neow_cost":"NONE","seed_source_timestamp":168887059933957,"circlet_count":0,"master_deck":["Defend_G","Defend_G","Defend_G","Defend_G","Defend_G","Survivor+1","Neutralize+1","Distraction+1","Heel Hook","Noxious Fumes+1","Poisoned Stab","Noxious Fumes+1","Well Laid Plans","Deadly Poison","Backflip","Heel Hook","After Image+1","Dash+1","Deflect","Acrobatics+1","Flying Knee+1","Poisoned Stab+1","Flying Knee","Sucker Punch+1","After Image","Blur","Escape Plan","Deflect","Thinking Ahead","Burst","Poisoned Stab+1","Sucker Punch+1","Heel Hook"],"relics":["Ring of the Snake","NeowsBlessing","Omamori","Pen Nib","Runic Pyramid","MutagenicStrength","Torii","Nunchaku","Fusion Hammer","Red Mask","Oddly Smooth Stone","MawBank","Pantograph","PreservedInsect","Gambling Chip","Ancient Tea Set"],"potions_floor_usage":[10,24,24,25,25,29,33,44,44,50,50],"damage_taken":[{"damage":0,"enemies":"Jaw Worm","floor":1,"turns":1},{"damage":0,"enemies":"Small Slimes","floor":2,"turns":1},{"damage":0,"enemies":"Cultist","floor":7,"turns":1},{"damage":10,"enemies":"Large Slime","floor":10,"turns":6},{"damage":2,"enemies":"Looter","floor":11,"turns":4},{"damage":3,"enemies":"2 Fungi Beasts","floor":14,"turns":5},{"damage":9,"enemies":"Slime Boss","floor":16,"turns":8},{"damage":0,"enemies":"Chosen","floor":18,"turns":6},{"damage":2,"enemies":"Shell Parasite","floor":21,"turns":5},{"damage":5,"enemies":"Shelled Parasite and Fungi","floor":24,"turns":6},{"damage":4,"enemies":"Chosen and Byrds","floor":25,"turns":6},{"damage":1,"enemies":"Snake Plant","floor":28,"turns":5},{"damage":0,"enemies":"Book of Stabbing","floor":29,"turns":7},{"damage":1,"enemies":"Centurion and Healer","floor":31,"turns":6},{"damage":15,"enemies":"Automaton","floor":33,"turns":8},{"damage":0,"enemies":"Orb Walker","floor":35,"turns":3},{"damage":0,"enemies":"3 Darklings","floor":38,"turns":7},{"damage":1,"enemies":"Nemesis","floor":40,"turns":7},{"damage":0,"enemies":"Giant Head","floor":42,"turns":9},{"damage":37,"enemies":"Reptomancer","floor":44,"turns":6},{"damage":8,"enemies":"2 Orb Walkers","floor":45,"turns":6},{"damage":0,"enemies":"Spire Growth","floor":47,"turns":6},{"damage":33,"enemies":"Awakened One","floor":50,"turns":13}],"seed_played":"4706702596335221208","potions_obtained":[{"floor":1,"key":"Fire Potion"},{"floor":2,"key":"Fire Potion"},{"floor":10,"key":"GhostInAJar"},{"floor":14,"key":"SkillPotion"},{"floor":24,"key":"Explosive Potion"},{"floor":25,"key":"PowerPotion"},{"floor":31,"key":"Energy Potion"},{"floor":35,"key":"Swift Potion"},{"floor":42,"key":"LiquidBronze"},{"floor":45,"key":"FearPotion"},{"floor":47,"key":"Energy Potion"}],"is_trial":false,"path_per_floor":["M","M","$","?","?","R","M","R","T","M","M","$","T","M","R","B",null,"M","?","?","M","$","R","M","M","T","?","M","E","R","M","R","B",null,"M","$","?","M","?","E","R","E","T","E","?","?","M","$","R","B",null],"character_chosen":"THE_SILENT","items_purchased":["Noxious Fumes","Poisoned Stab","Backflip","Escape Plan","Regen Potion"],"campfire_rested":2,"item_purchase_floors":[3,3,12,36,48],"current_hp_per_floor":[70,70,70,59,70,70,70,70,70,60,58,58,58,55,55,46,70,70,70,70,68,68,68,63,59,59,59,58,58,58,57,57,42,70,70,70,70,70,70,69,70,70,70,33,25,25,25,25,46,47],"gold":17,"neow_bonus":"THREE_ENEMY_KILL","is_prod":false,"is_daily":false,"chose_seed":false,"campfire_upgraded":6,"win_rate":0,"timestamp":1542666451,"path_taken":["M","M","$","?","?","R","M","R","T","M","M","?","?","M","R","BOSS","M","?","?","M","$","R","M","?","T","?","M","E","R","M","R","BOSS","M","$","?","M","?","E","R","E","T","E","?","?","?","$","R","BOSS"],"build_version":"2018-11-15","purchased_purges":4,"victory":true,"max_hp_per_floor":[70,70,70,70,70,70,70,70,70,70,70,70,70,70,70,70,70,70,70,70,70,70,70,70,70,70,70,70,70,70,70,70,70,70,70,70,70,70,70,70,70,70,70,70,70,70,70,70,70,70],"card_choices":[{"not_picked":["Crippling Poison","Prepared"],"picked":"Distraction","floor":1},{"not_picked":["Concentrate","Slice"],"picked":"Heel Hook","floor":2},{"not_picked":["Eviscerate","Quick Slash"],"picked":"Noxious Fumes","floor":7},{"not_picked":["Acrobatics","Outmaneuver"],"picked":"Well Laid Plans","floor":10},{"not_picked":["Underhanded Strike","PiercingWail"],"picked":"Deadly Poison","floor":11},{"not_picked":["Dagger Throw","Eviscerate"],"picked":"Heel Hook","floor":14},{"not_picked":["Corpse Explosion","Adrenaline"],"picked":"After Image","floor":16},{"not_picked":["Crippling Poison","Quick Slash"],"picked":"Dash+1","floor":18},{"not_picked":["Escape Plan","Quick Slash"],"picked":"Deflect","floor":21},{"not_picked":["Dagger Spray","Prepared"],"picked":"Acrobatics+1","floor":24},{"not_picked":["Blade Dance","Venomology"],"picked":"Flying Knee+1","floor":25},{"not_picked":["Reflex+1","PiercingWail"],"picked":"Poisoned Stab+1","floor":28},{"not_picked":["Cloak And Dagger","Quick Slash"],"picked":"Flying Knee","floor":29},{"not_picked":["Deadly Poison+1","Bane"],"picked":"Sucker Punch","floor":31},{"not_picked":["Glass Knife","Doppelganger"],"picked":"After Image","floor":33},{"not_picked":["Bane+1","Cloak And Dagger+1"],"picked":"Blur","floor":35},{"not_picked":["Backflip","Terror"],"picked":"Deflect","floor":38},{"not_picked":["Blind","Swift Strike"],"picked":"Thinking Ahead","floor":39},{"not_picked":["Quick Slash+1","Deadly Poison+1","Wraith Form v2"],"picked":"SKIP","floor":40},{"not_picked":["Dagger Throw+1","Riddle With Holes"],"picked":"Burst","floor":42},{"not_picked":["Dodge and Roll+1","Sucker Punch+1"],"picked":"Poisoned Stab+1","floor":44},{"not_picked":["Masterful Stab","Finisher+1"],"picked":"Sucker Punch+1","floor":45},{"not_picked":["Riddle With Holes+1","Caltrops"],"picked":"Heel Hook","floor":47}],"player_experience":317681,"relics_obtained":[{"floor":9,"key":"Omamori"},{"floor":13,"key":"Pen Nib"},{"floor":26,"key":"Torii"},{"floor":29,"key":"Nunchaku"},{"floor":40,"key":"Oddly Smooth Stone"},{"floor":42,"key":"MawBank"},{"floor":43,"key":"Pantograph"},{"floor":44,"key":"PreservedInsect"},{"floor":45,"key":"Gambling Chip"}],"event_choices":[{"damage_healed":0,"gold_gain":75,"player_choice":"Gather Gold","damage_taken":11,"max_hp_gain":0,"max_hp_loss":0,"event_name":"World of Goop","floor":4,"gold_loss":0},{"damage_healed":23,"gold_gain":0,"player_choice":"Banana","damage_taken":0,"max_hp_gain":0,"max_hp_loss":0,"event_name":"Big Fish","floor":5,"gold_loss":0},{"damage_healed":0,"gold_gain":0,"player_choice":"Inject Mutagens","damage_taken":0,"relics_obtained":["MutagenicStrength"],"max_hp_gain":0,"max_hp_loss":0,"event_name":"Drug Dealer","floor":19,"gold_loss":0},{"damage_healed":0,"gold_gain":0,"player_choice":"Upgraded","damage_taken":0,"max_hp_gain":0,"max_hp_loss":0,"event_name":"Upgrade Shrine","floor":20,"gold_loss":0,"cards_upgraded":["After Image"]},{"cards_removed":["Strike_G"],"damage_healed":0,"gold_gain":0,"player_choice":"Elegance","damage_taken":0,"max_hp_gain":0,"max_hp_loss":0,"event_name":"Back to Basics","floor":27,"gold_loss":0},{"damage_healed":0,"gold_gain":0,"player_choice":"Paid","damage_taken":0,"relics_obtained":["Red Mask"],"max_hp_gain":0,"max_hp_loss":0,"event_name":"Tomb of Lord Red Mask","floor":37,"gold_loss":117},{"damage_healed":0,"gold_gain":0,"player_choice":"Memory 1","damage_taken":0,"max_hp_gain":0,"max_hp_loss":0,"event_name":"SensoryStone","floor":39,"gold_loss":0},{"damage_healed":0,"gold_gain":0,"player_choice":"Fight","damage_taken":0,"max_hp_gain":0,"max_hp_loss":0,"event_name":"Mysterious Sphere","floor":45,"gold_loss":0},{"damage_healed":0,"gold_gain":0,"player_choice":"Gave Potion","damage_taken":0,"relics_obtained":["Ancient Tea Set"],"max_hp_gain":0,"max_hp_loss":0,"event_name":"WeMeetAgain","floor":46,"gold_loss":0}],"is_beta":false,"boss_relics":[{"not_picked":["Runic Dome","WristBlade"],"picked":"Runic Pyramid"},{"not_picked":["Calling Bell","Tiny House"],"picked":"Fusion Hammer"}],"items_purged_floors":[12,22,36,48],"is_endless":false,"potions_floor_spawned":[1,2,10,14,18,24,25,31,35,42,45,47],"ascension_level":0}