{"gold_per_floor":[212,231,242,255,271,271,286,286,286,286,316,330,348,202,202,202],"floor_reached":16,"playtime":842,"items_purged":[],"score":154,"play_id":"65fae2ef-edeb-4a80-9a72-b156f23ecb00","local_time":"20181021040609","is_ascension_mode":true,"campfire_choices":[{"floor":6,"key":"REST"},{"data":"Searing Blow","floor":8,"key":"SMITH"},{"data":"Searing Blow+1","floor":10,"key":"SMITH"},{"floor":15,"key":"REST"}],"neow_cost":"NONE","seed_source_timestamp":83716059896596,"circlet_count":0,"master_deck":["Strike_R","Strike_R","Strike_R","Strike_R","Strike_R","Defend_R","Defend_R","Defend_R","Defend_R","Bash","Searing Blow+2","Armaments","Carnage","Barricade","Armaments","Bludgeon"],"relics":["Burning Blood","Bottled Flame","Mercury Hourglass"],"potions_floor_usage":[7,11,13,13,16,16,16],"damage_taken":[{"damage":13,"enemies":"Jaw Worm","floor":1,"turns":5},{"damage":1,"enemies":"Cultist","floor":2,"turns":4},{"damage":1,"enemies":"Small Slimes","floor":3,"turns":5},{"damage":37,"enemies":"Gremlin Gang","floor":4,"turns":8},{"damage":41,"enemies":"Large Slime","floor":5,"turns":11},{"damage":5,"enemies":"2 Fungi Beasts","floor":7,"turns":4},{"damage":30,"enemies":"Lagavulin","floor":11,"turns":5},{"damage":0,"enemies":"3 Louse","floor":12,"turns":2},{"damage":18,"enemies":"Gremlin Gang","floor":13,"turns":5},{"damage":46,"enemies":"Slime Boss","floor":16,"turns":8}],"seed_played":"8156811385816875733","potions_obtained":[{"floor":1,"key":"GamblersBrew"},{"floor":4,"key":"LiquidBronze"},{"floor":5,"key":"Strength Potion"},{"floor":11,"key":"Fruit Juice"},{"floor":12,"key":"PowerPotion"},{"floor":13,"key":"Energy Potion"}],"is_trial":false,"path_per_floor":["M","M","M","M","M","R","M","R","T","R","E","M","M","$","R"],"character_chosen":"IRONCLAD","items_purchased":["Bludgeon","BloodPotion"],"campfire_rested":2,"item_purchase_floors":[14,14],"current_hp_per_floor":[65,70,75,44,9,33,34,34,34,34,10,16,9,9,34,0],"gold":202,"neow_bonus":"HUNDRED_GOLD","is_prod":false,"is_daily":false,"chose_seed":false,"campfire_upgraded":2,"win_rate":0,"timestamp":1540087569,"path_taken":["M","M","M","M","M","R","M","R","T","R","E","M","M","$","R","BOSS"],"build_version":"2018-10-11","purchased_purges":0,"victory":false,"max_hp_per_floor":[80,80,80,80,80,80,80,80,80,80,80,80,85,85,85,85],"card_choices":[{"not_picked":["Burning Pact","Shrug It Off"],"picked":"Searing Blow","floor":1},{"not_picked":["Body Slam","Rampage"],"picked":"Armaments","floor":2},{"not_picked":["Thunderclap","Disarm","Havoc"],"picked":"SKIP","floor":3},{"not_picked":["Warcry","Cleave","Entrench"],"picked":"SKIP","floor":4},{"not_picked":["Dual Wield","Perfected Strike"],"picked":"Carnage","floor":5},{"not_picked":["Cleave","Second Wind","Disarm"],"picked":"SKIP","floor":7},{"not_picked":["Wild Strike","Clash"],"picked":"Barricade","floor":11},{"not_picked":["Perfected Strike","Clothesline","Heavy Blade"],"picked":"SKIP","floor":12},{"not_picked":["Cleave","Spot Weakness"],"picked":"Armaments","floor":13}],"player_experience":207094,"relics_obtained":[{"floor":9,"key":"Bottled Flame"},{"floor":11,"key":"Mercury Hourglass"}],"event_choices":[],"is_beta":false,"boss_relics":[],"items_purged_floors":[],"is_endless":false,"potions_floor_spawned":[1,4,5,11,12,13],"killed_by":"Slime Boss","ascension_level":9}