{"gold_per_floor":[109,121,46,46,64,91,91,101,101,101,51,63,63,63,63,163,163,163],"floor_reached":18,"playtime":629,"items_purged":["Strike_B"],"score":160,"play_id":"6cc4052e-874b-42ca-97f3-5aba2b0d476e","local_time":"20181021124407","is_ascension_mode":false,"campfire_choices":[{"floor":7,"key":"REST"},{"floor":13,"key":"REST"},{"floor":15,"key":"REST"}],"neow_cost":"","seed_source_timestamp":310667110211302,"circlet_count":0,"master_deck":["Strike_B","Strike_B","Strike_B","Defend_B","Defend_B","Defend_B","Zap+1","Dualcast","Melter","Self Repair+1","Reinforced Body","Turbo","Sweeping Beam","Streamline","Creative AI"],"relics":["Cracked Core","Sundial","Cables","Darkstone Periapt","Philosopher\u0027s Stone"],"potions_floor_usage":[6,16],"damage_taken":[{"damage":0,"enemies":"Cultist","floor":1,"turns":3},{"damage":7,"enemies":"Small Slimes","floor":2,"turns":3},{"damage":1,"enemies":"Jaw Worm","floor":5,"turns":4},{"damage":47,"enemies":"3 Sentries","floor":6,"turns":12},{"damage":0,"enemies":"Looter","floor":8,"turns":3},{"damage":46,"enemies":"Gremlin Gang","floor":12,"turns":4},{"damage":38,"enemies":"The Guardian","floor":16,"turns":12},{"damage":75,"enemies":"3 Byrds","floor":18,"turns":4}],"seed_played":"-6588922458524799275","potions_obtained":[{"floor":1,"key":"FearPotion"},{"floor":5,"key":"GamblersBrew"},{"floor":6,"key":"Dexterity Potion"},{"floor":8,"key":"AttackPotion"}],"is_trial":true,"path_per_floor":["M","M","$","?","M","E","R","M","T","?","?","M","R","?","R","B",null],"character_chosen":"DEFECT","items_purchased":[],"campfire_rested":3,"item_purchase_floors":[],"current_hp_per_floor":[75,68,68,61,67,27,49,56,56,56,56,10,32,32,54,16,75,0],"gold":163,"neow_bonus":"","is_prod":false,"is_daily":false,"chose_seed":false,"campfire_upgraded":0,"win_rate":0,"timestamp":1540118647,"path_taken":["M","?","$","?","?","E","R","M","T","?","?","?","R","?","R","BOSS","M"],"build_version":"2018-10-18","purchased_purges":1,"victory":false,"max_hp_per_floor":[75,75,75,75,75,75,75,75,75,75,75,75,75,75,75,75,75,75],"card_choices":[{"not_picked":["Defragment","Consume"],"picked":"Melter","floor":1},{"not_picked":["Skim","Barrage"],"picked":"Self Repair","floor":2},{"not_picked":["Conserve Battery","Skim"],"picked":"Reinforced Body","floor":5},{"not_picked":["Consume","Capacitor"],"picked":"Turbo","floor":6},{"not_picked":["Steam","Cold Snap"],"picked":"Sweeping Beam","floor":8},{"not_picked":["Go for the Eyes","Double Energy"],"picked":"Streamline","floor":12},{"not_picked":["Reboot","Fission"],"picked":"Creative AI","floor":16}],"player_experience":230925,"relics_obtained":[{"floor":6,"key":"Cables"},{"floor":9,"key":"Darkstone Periapt"}],"event_choices":[{"damage_healed":0,"gold_gain":0,"player_choice":"Success","damage_taken":7,"relics_obtained":["Sundial"],"max_hp_gain":0,"max_hp_loss":0,"event_name":"Scrap Ooze","floor":4,"gold_loss":0},{"damage_healed":0,"gold_gain":0,"player_choice":"Upgraded","damage_taken":0,"max_hp_gain":0,"max_hp_loss":0,"event_name":"Upgrade Shrine","floor":10,"gold_loss":0,"cards_upgraded":["Self Repair"]},{"cards_removed":["Defend_B"],"damage_healed":0,"gold_gain":0,"player_choice":"Card Removal","damage_taken":0,"max_hp_gain":0,"max_hp_loss":0,"event_name":"The Cleric","floor":11,"gold_loss":50},{"damage_healed":0,"gold_gain":0,"player_choice":"Forge","damage_taken":0,"max_hp_gain":0,"max_hp_loss":0,"event_name":"Accursed Blacksmith","floor":14,"gold_loss":0,"cards_upgraded":["Zap"]}],"is_beta":false,"boss_relics":[{"not_picked":["Coffee Dripper","Velvet Choker"],"picked":"Philosopher\u0027s Stone"}],"items_purged_floors":[3],"is_endless":true,"potions_floor_spawned":[1,5,6,8],"killed_by":"3 Byrds","ascension_level":0}