{"gold_per_floor":[362,379,391,341,40,71,71,102,102,102,102,126,142,158,158,281,281,261,282,282,282,22,22],"floor_reached":23,"playtime":1792,"items_purged":[],"score":322,"play_id":"02a393a4-80d0-4d3c-9a84-de6c3aca5950","local_time":"20190129155101","is_ascension_mode":true,"campfire_choices":[{"data":"Metallicize","floor":7,"key":"SMITH"},{"data":"Bash","floor":10,"key":"SMITH"},{"floor":15,"key":"REST"}],"neow_cost":"TEN_PERCENT_HP_LOSS","seed_source_timestamp":1636265818939128,"circlet_count":0,"master_deck":["AscendersBane","Strike_R","Strike_R","Strike_R","Strike_R","Defend_R","Defend_R","Defend_R","Defend_R","Bash+1","Anger","Metallicize+1","Iron Wave","True Grit","Demon Form","Armaments","Flame Barrier","Whirlwind","Feel No Pain"],"relics":["Burning Blood","Pocketwatch","Bag of Marbles","Mummified Hand","Boot","Golden Idol","Mark of Pain","Vajra"],"potions_floor_usage":[8,13,16,16,23],"damage_taken":[{"damage":1,"enemies":"Cultist","floor":1,"turns":4},{"damage":7,"enemies":"Small Slimes","floor":2,"turns":3},{"damage":5,"enemies":"2 Louse","floor":3,"turns":3},{"damage":27,"enemies":"3 Sentries","floor":6,"turns":10},{"damage":11,"enemies":"Lagavulin","floor":8,"turns":5},{"damage":7,"enemies":"Blue Slaver","floor":12,"turns":4},{"damage":8,"enemies":"Lots of Slimes","floor":13,"turns":6},{"damage":2,"enemies":"2 Fungi Beasts","floor":14,"turns":4},{"damage":21,"enemies":"The Guardian","floor":16,"turns":11},{"damage":19,"enemies":"2 Thieves","floor":18,"turns":5},{"damage":11,"enemies":"Shell Parasite","floor":19,"turns":5},{"damage":72,"enemies":"Gremlin Leader","floor":23,"turns":6}],"seed_played":"-8431558077568768195","potions_obtained":[{"floor":6,"key":"AttackPotion"},{"floor":12,"key":"SkillPotion"},{"floor":13,"key":"Explosive Potion"},{"floor":14,"key":"Block Potion"},{"floor":16,"key":"Ancient Potion"}],"is_trial":false,"path_per_floor":["M","M","M","?","$","E","R","E","T","R","?","M","M","M","R","B",null,"M","M","?","?","$","E"],"character_chosen":"IRONCLAD","items_purchased":["Pocketwatch","Whirlwind","Feel No Pain","Vajra"],"campfire_rested":1,"item_purchase_floors":[5,22,22,22],"current_hp_per_floor":[72,71,72,72,72,51,51,46,46,46,28,27,25,29,50,35,63,50,45,69,72,72,0],"gold":22,"neow_bonus":"TWO_FIFTY_GOLD","is_prod":false,"is_daily":false,"chose_seed":false,"campfire_upgraded":2,"win_rate":0,"timestamp":1548795061,"path_taken":["M","M","?","?","$","E","R","E","T","R","?","M","M","M","R","BOSS","M","M","?","?","$","E"],"build_version":"2019-01-23","purchased_purges":0,"victory":false,"max_hp_per_floor":[72,72,72,72,72,72,72,72,72,72,72,72,72,72,72,72,72,72,72,72,72,72,72],"card_choices":[{"not_picked":["Clothesline","Body Slam"],"picked":"Anger","floor":1},{"not_picked":["Sever Soul","Clothesline"],"picked":"Metallicize","floor":2},{"not_picked":["Flex","Second Wind","Double Tap"],"picked":"SKIP","floor":3},{"not_picked":["Anger","Havoc","Exhume"],"picked":"SKIP","floor":6},{"not_picked":["Corruption","Second Wind","Warcry"],"picked":"SKIP","floor":8},{"not_picked":["Clash","Perfected Strike","Headbutt"],"picked":"SKIP","floor":12},{"not_picked":["Anger","Corruption"],"picked":"Iron Wave","floor":13},{"not_picked":["Perfected Strike","Body Slam"],"picked":"True Grit","floor":14},{"not_picked":["Fiend Fire","Immolate"],"picked":"Demon Form","floor":16},{"not_picked":["Dual Wield","Havoc"],"picked":"Armaments","floor":18},{"not_picked":["Thunderclap","Headbutt"],"picked":"Flame Barrier","floor":19}],"player_experience":509155,"relics_obtained":[{"floor":6,"key":"Bag of Marbles"},{"floor":8,"key":"Mummified Hand"},{"floor":9,"key":"Boot"}],"event_choices":[{"cards_removed":["Strike_R"],"damage_healed":0,"gold_gain":0,"player_choice":"Card Removal","damage_taken":0,"max_hp_gain":0,"max_hp_loss":0,"event_name":"The Cleric","floor":4,"gold_loss":50},{"damage_healed":0,"gold_gain":0,"player_choice":"Take Damage","damage_taken":18,"relics_obtained":["Golden Idol"],"max_hp_gain":0,"max_hp_loss":0,"event_name":"Golden Idol","floor":11,"gold_loss":0},{"damage_healed":24,"gold_gain":0,"player_choice":"Heal","damage_taken":0,"max_hp_gain":0,"max_hp_loss":0,"event_name":"The Library","floor":20,"gold_loss":0},{"damage_healed":3,"gold_gain":0,"player_choice":"Full Heal","damage_taken":0,"max_hp_gain":0,"max_hp_loss":0,"event_name":"Wheel of Change","floor":21,"gold_loss":0}],"is_beta":false,"boss_relics":[{"not_picked":["Cursed Key","Ectoplasm"],"picked":"Mark of Pain"}],"items_purged_floors":[],"is_endless":false,"potions_floor_spawned":[6,12,13,14,16],"killed_by":"Gremlin Leader","ascension_level":12}