{"gold_per_floor":[111,124,95,60,74,74,106,106,130,130,41,41,41,53,53,126,126,144,194,194,94,113,113,124,124],"floor_reached":25,"playtime":1347,"items_purged":[],"score":398,"play_id":"b8eed591-b450-4f2f-bd06-212082845897","local_time":"20190228150956","is_ascension_mode":true,"campfire_choices":[{"data":"Neutralize","floor":6.0,"key":"SMITH"},{"data":"Crippling Poison","floor":10.0,"key":"SMITH"},{"data":"Noxious Fumes","floor":12.0,"key":"SMITH"},{"data":"Poisoned Stab","floor":15.0,"key":"SMITH"}],"neow_cost":"NONE","seed_source_timestamp":0,"circlet_count":0,"master_deck":["AscendersBane","Defend_G+1","Defend_G","Defend_G","Defend_G","Defend_G","Strike_G","Strike_G","Strike_G","Strike_G","Strike_G","Survivor","Neutralize+1","Forethought+1","Poisoned Stab+1","Backflip","Cloak And Dagger","Crippling Poison+1","Deadly Poison","Noxious Fumes+1","PiercingWail","After Image","Caltrops","PiercingWail","Noxious Fumes"],"special_seed":0,"relics":["Ring of the Serpent","Dream Catcher","Smiling Mask","The Courier"],"potions_floor_usage":[24,25],"damage_taken":[{"damage":9.0,"enemies":"Jaw Worm","floor":1.0,"turns":8.0},{"damage":5.0,"enemies":"2 Louse","floor":2.0,"turns":4.0},{"damage":3.0,"enemies":"Small Slimes","floor":5.0,"turns":3.0},{"damage":3.0,"enemies":"3 Sentries","floor":7.0,"turns":10.0},{"damage":0.0,"enemies":"2 Fungi Beasts","floor":14.0,"turns":3.0},{"damage":16.0,"enemies":"Hexaghost","floor":16.0,"turns":9.0},{"damage":1,"enemies":"Shell Parasite","floor":18,"turns":7},{"damage":17,"enemies":"2 Thieves","floor":21,"turns":5},{"damage":12,"enemies":"Snake Plant","floor":22,"turns":4},{"damage":22,"enemies":"3 Cultists","floor":24,"turns":5},{"damage":10,"enemies":"Cultist and Chosen","floor":25,"turns":3}],"seed_played":"4145292779472174015","potions_obtained":[{"floor":2.0,"key":"Fire Potion"},{"floor":5.0,"key":"EssenceOfSteel"},{"floor":16.0,"key":"GamblersBrew"},{"floor":18,"key":"Explosive Potion"}],"is_trial":false,"path_per_floor":["M","M","$","?","M","R","E","?","T","R","$","R","?","M","R","B",null,"M","?","T","M","M","?","M","M"],"character_chosen":"THE_SILENT","items_purchased":["Cloak And Dagger","Noxious Fumes"],"campfire_rested":0,"item_purchase_floors":[3,11],"current_hp_per_floor":[50,45,45,61,58,58,55,55,55,55,55,55,35,35,35,19,54,53,53,53,36,24,24,2,0],"gold":124,"neow_bonus":"RANDOM_COLORLESS","is_prod":false,"is_daily":false,"chose_seed":false,"campfire_upgraded":4,"win_rate":0,"timestamp":1551384596,"path_taken":["M","M","$","?","M","R","E","?","T","R","$","R","?","M","R","BOSS","M","?","?","M","M","?","?","M"],"build_version":"2019-01-23","purchased_purges":0,"victory":false,"max_hp_per_floor":[66,66,66,66,66,66,66,66,66,66,66,66,66,66,66,66,66,66,66,66,66,66,66,66,66],"card_choices":[{"not_picked":["Choke","Slice"],"picked":"Poisoned Stab","floor":1.0},{"not_picked":["Slice","Skewer"],"picked":"Backflip","floor":2.0},{"not_picked":["Quick Slash","Bane"],"picked":"Crippling Poison","floor":5.0},{"not_picked":["Outmaneuver","Burst"],"picked":"Deadly Poison","floor":7.0},{"not_picked":["Bouncing Flask","Prepared"],"picked":"PiercingWail","floor":14.0},{"not_picked":["A Thousand Cuts","Burst"],"picked":"After Image","floor":16.0},{"not_picked":["Slice","Outmaneuver"],"picked":"Caltrops","floor":18},{"not_picked":["Prepared+1","Slice"],"picked":"PiercingWail","floor":21},{"not_picked":["Calculated Gamble","Sucker Punch"],"picked":"Noxious Fumes","floor":22},{"not_picked":["Dagger Spray","Acrobatics","Eviscerate"],"picked":"SKIP","floor":24}],"player_experience":1273943,"relics_obtained":[{"floor":7.0,"key":"Dream Catcher"},{"floor":9.0,"key":"Smiling Mask"},{"floor":20,"key":"The Courier"}],"event_choices":[{"damage_healed":16.0,"max_hp_gain":0.0,"max_hp_loss":0.0,"gold_gain":0.0,"event_name":"The Cleric","player_choice":"Healed","floor":4.0,"gold_loss":35.0,"damage_taken":0.0},{"damage_healed":0.0,"max_hp_gain":0.0,"max_hp_loss":0.0,"gold_gain":0.0,"event_name":"Liars Game","player_choice":"Ignored","floor":8.0,"gold_loss":0.0,"damage_taken":0.0},{"damage_healed":0.0,"max_hp_gain":0.0,"max_hp_loss":0.0,"gold_gain":0.0,"event_name":"Shining Light","player_choice":"Entered Light","floor":13.0,"gold_loss":0.0,"damage_taken":20.0,"cards_upgraded":["Forethought","Defend_G"]},{"damage_healed":0,"gold_gain":50,"player_choice":"Stole From Cult","damage_taken":0,"max_hp_gain":0,"max_hp_loss":0,"event_name":"Nest","floor":19,"gold_loss":0},{"damage_healed":0,"gold_gain":0,"player_choice":"Ignored","damage_taken":0,"max_hp_gain":0,"max_hp_loss":0,"event_name":"Ghosts","floor":23,"gold_loss":0}],"is_beta":false,"boss_relics":[{"not_picked":["Empty Cage","Snecko Eye"],"picked":"Ring of the Serpent"}],"items_purged_floors":[],"is_endless":false,"potions_floor_spawned":[2,5,16,18],"killed_by":"Cultist and Chosen","ascension_level":20}