{"gold_per_floor":[111,127,127,146,70,103,73,73,96,96,21,21,32,32,32,130,130,143,158,83,83,100,131,131,157,183,183,201,211,211,241,241,338,338,351,365,226,226,243,276,276,307,307,307,320,350,72,99,99,99],"floor_reached":51,"playtime":4563,"items_purged":["Strike_R","Strike_R","Strike_R"],"score":915,"play_id":"f5add3b6-b797-4ee6-8156-9d79e24056f6","local_time":"20190302220742","is_ascension_mode":true,"campfire_choices":[{"data":"Searing Blow","floor":8,"key":"SMITH"},{"data":"Searing Blow+1","floor":10,"key":"SMITH"},{"data":"Searing Blow+2","floor":12,"key":"SMITH"},{"data":"Searing Blow+3","floor":15,"key":"SMITH"},{"data":"Fiend Fire","floor":24,"key":"SMITH"},{"data":"Searing Blow+4","floor":27,"key":"SMITH"},{"data":"Corruption","floor":30,"key":"SMITH"},{"data":"Searing Blow+5","floor":32,"key":"SMITH"},{"data":"Searing Blow+6","floor":44,"key":"SMITH"},{"data":"Searing Blow+7","floor":49,"key":"SMITH"}],"neow_cost":"NONE","seed_source_timestamp":369371963628424,"circlet_count":0,"master_deck":["Strike_R","Defend_R","Defend_R","Defend_R","Defend_R","Bash","Searing Blow+8","Battle Trance","Shrug It Off","Flame Barrier","Flame Barrier","Fiend Fire+1","Warcry","Corruption+1","Sentinel","Shrug It Off+1","Offering","Shockwave+1","Warcry+1","Feel No Pain","Warcry+1","Pommel Strike","Exhume","Impervious","Sentinel+1"],"relics":["Burning Blood","Bag of Preparation","Dead Branch","Sozu","Pantograph","Anchor","Art of War","Dream Catcher","Eternal Feather","Mummified Hand","Bag of Marbles","StoneCalendar","Vajra","Oddly Smooth Stone","Bronze Scales"],"potions_floor_usage":[6,16,16],"damage_taken":[{"damage":6,"enemies":"Cultist","floor":1,"turns":3},{"damage":0,"enemies":"Small Slimes","floor":2,"turns":3},{"damage":4,"enemies":"2 Louse","floor":4,"turns":4},{"damage":15,"enemies":"Gremlin Nob","floor":6,"turns":4},{"damage":2,"enemies":"Looter","floor":7,"turns":4},{"damage":0,"enemies":"3 Louse","floor":13,"turns":3},{"damage":42,"enemies":"Hexaghost","floor":16,"turns":9},{"damage":0,"enemies":"Spheric Guardian","floor":18,"turns":1},{"damage":9,"enemies":"Shell Parasite","floor":19,"turns":1},{"damage":4,"enemies":"Centurion and Healer","floor":22,"turns":6},{"damage":40,"enemies":"Slavers","floor":23,"turns":6},{"damage":18,"enemies":"Gremlin Leader","floor":25,"turns":4},{"damage":6,"enemies":"Shelled Parasite and Fungi","floor":28,"turns":1},{"damage":0,"enemies":"Snake Plant","floor":29,"turns":1},{"damage":0,"enemies":"Book of Stabbing","floor":31,"turns":2},{"damage":10,"enemies":"Automaton","floor":33,"turns":6},{"damage":6,"enemies":"3 Shapes","floor":35,"turns":2},{"damage":6,"enemies":"Orb Walker","floor":36,"turns":1},{"damage":6,"enemies":"Writhing Mass","floor":39,"turns":4},{"damage":44,"enemies":"Reptomancer","floor":40,"turns":4},{"damage":0,"enemies":"Nemesis","floor":42,"turns":3},{"damage":12,"enemies":"Sphere and 2 Shapes","floor":45,"turns":1},{"damage":6,"enemies":"Reptomancer","floor":46,"turns":2},{"damage":0,"enemies":"Giant Head","floor":48,"turns":3},{"damage":24,"enemies":"Awakened One","floor":50,"turns":6}],"seed_played":"9156155722678581799","potions_obtained":[{"floor":1,"key":"Weak Potion"},{"floor":6,"key":"FearPotion"},{"floor":13,"key":"AttackPotion"},{"floor":16,"key":"PowerPotion"}],"is_trial":false,"path_per_floor":["M","M","?","M","$","E","M","R","T","R","$","R","M","?","R","B",null,"M","M","?","?","M","E","R","E","T","R","M","M","R","E","R","B",null,"M","M","$","?","M","E","?","E","T","R","M","E","$","E","R","B",null],"character_chosen":"IRONCLAD","items_purchased":["Battle Trance","Feel No Pain","Oddly Smooth Stone"],"campfire_rested":0,"item_purchase_floors":[5,37,47],"current_hp_per_floor":[88,88,81,83,83,74,78,78,78,78,78,78,84,84,84,48,88,88,85,85,85,87,53,53,41,41,41,41,47,47,53,53,74,88,88,88,88,88,88,50,50,56,56,71,65,65,65,71,86,70],"gold":99,"neow_bonus":"TEN_PERCENT_HP_BONUS","is_prod":false,"is_daily":false,"chose_seed":false,"campfire_upgraded":10,"win_rate":0,"timestamp":1551582462,"path_taken":["M","M","?","M","$","E","M","R","T","R","$","R","M","?","R","BOSS","M","M","?","?","M","E","R","E","T","R","M","M","R","E","R","BOSS","M","M","$","?","M","E","?","E","T","R","M","E","$","E","R","BOSS"],"build_version":"2019-01-23","purchased_purges":3,"victory":true,"max_hp_per_floor":[88,88,88,88,88,88,88,88,88,88,88,88,88,88,88,88,88,88,88,88,88,88,88,88,88,88,88,88,88,88,88,88,88,88,88,88,88,88,88,88,88,88,88,88,88,88,88,88,88,88],"card_choices":[{"not_picked":["Infernal Blade","True Grit"],"picked":"Searing Blow","floor":1},{"not_picked":["Searing Blow","Blood for Blood","Intimidate"],"picked":"SKIP","floor":2},{"not_picked":["Clothesline","Havoc","Iron Wave"],"picked":"SKIP","floor":4},{"not_picked":["Thunderclap","Heavy Blade"],"picked":"Shrug It Off","floor":6},{"not_picked":["Pummel","Hemokinesis"],"picked":"Flame Barrier","floor":7},{"not_picked":["Havoc","Flex"],"picked":"Flame Barrier","floor":13},{"not_picked":["Juggernaut","Exhume"],"picked":"Fiend Fire","floor":16},{"not_picked":["True Grit","Searing Blow","Flex"],"picked":"SKIP","floor":18},{"not_picked":["Havoc","Perfected Strike"],"picked":"Warcry","floor":19},{"not_picked":["Havoc+1","Dropkick"],"picked":"Corruption","floor":22},{"not_picked":["Sever Soul","Metallicize+1"],"picked":"Sentinel","floor":23},{"not_picked":["Headbutt","Sword Boomerang","Combust+1"],"picked":"SKIP","floor":25},{"not_picked":["Anger","Perfected Strike","Limit Break"],"picked":"SKIP","floor":28},{"not_picked":["Flame Barrier","Body Slam+1"],"picked":"Shrug It Off+1","floor":29},{"not_picked":["Carnage","Hemokinesis"],"picked":"Feel No Pain","floor":31},{"not_picked":["Limit Break","Barricade"],"picked":"Offering","floor":33},{"not_picked":["Shrug It Off+1","Flex"],"picked":"Shockwave+1","floor":35},{"not_picked":["Cleave","Twin Strike+1"],"picked":"Warcry+1","floor":36},{"not_picked":["Headbutt+1","Body Slam","Sword Boomerang+1"],"picked":"SKIP","floor":39},{"not_picked":["Thunderclap","Body Slam+1"],"picked":"Warcry+1","floor":40},{"not_picked":["Body Slam","Sword Boomerang"],"picked":"Impervious","floor":42},{"not_picked":["Clothesline+1","Anger"],"picked":"Sentinel+1","floor":45},{"not_picked":["Body Slam+1","Heavy Blade","Twin Strike+1"],"picked":"SKIP","floor":46},{"not_picked":["Dual Wield+1","Clash+1","Brutality"],"picked":"SKIP","floor":48}],"player_experience":245678,"relics_obtained":[{"floor":6,"key":"Dead Branch"},{"floor":23,"key":"Pantograph"},{"floor":25,"key":"Anchor"},{"floor":26,"key":"Art of War"},{"floor":31,"key":"Dream Catcher"},{"floor":40,"key":"Mummified Hand"},{"floor":42,"key":"Bag of Marbles"},{"floor":43,"key":"StoneCalendar"},{"floor":46,"key":"Vajra"},{"floor":48,"key":"Bronze Scales"}],"event_choices":[{"damage_healed":0,"gold_gain":0,"player_choice":"Success","damage_taken":7,"relics_obtained":["Bag of Preparation"],"max_hp_gain":0,"max_hp_loss":0,"event_name":"Scrap Ooze","floor":3,"gold_loss":0},{"damage_healed":0,"gold_gain":0,"player_choice":"Ignored","damage_taken":0,"max_hp_gain":0,"max_hp_loss":0,"event_name":"Liars Game","floor":14,"gold_loss":0},{"cards_removed":["Strike_R"],"damage_healed":0,"gold_gain":0,"player_choice":"Gave Gold","damage_taken":0,"max_hp_gain":0,"max_hp_loss":0,"event_name":"Beggar","floor":20,"gold_loss":75},{"damage_healed":0,"gold_gain":0,"player_choice":"Ignored","damage_taken":0,"max_hp_gain":0,"max_hp_loss":0,"event_name":"Ghosts","floor":21,"gold_loss":0},{"cards_removed":["Feel No Pain"],"damage_healed":0,"gold_gain":0,"player_choice":"Removed Power","damage_taken":0,"max_hp_gain":0,"max_hp_loss":0,"event_name":"Falling","floor":38,"gold_loss":0},{"damage_healed":0,"gold_gain":0,"player_choice":"2 cards matched","damage_taken":0,"max_hp_gain":0,"max_hp_loss":0,"event_name":"Match and Keep!","floor":41,"gold_loss":0,"cards_obtained":["Pommel Strike","Exhume"]}],"is_beta":false,"boss_relics":[{"not_picked":["Black Blood","Lizard Tail"],"picked":"Sozu"},{"not_picked":["Runic Cube","Philosopher\u0027s Stone"],"picked":"Eternal Feather"}],"items_purged_floors":[11,37,47],"is_endless":false,"potions_floor_spawned":[1,6,13,16,23,29,31,39,40,45],"ascension_level":1}