{"gold_per_floor":[119,19,19,94,94,128,151,151,151,184,199,149,13,53,53,149,149,149,149,149,149,64,64,64,64,64,64,15,15,15,15,15,15,15,15,15,15,15,15,15,15,15,15,15,15,15,15,15,15,15],"floor_reached":51,"playtime":4782,"items_purged":["Strike_B","Strike_B"],"score":1181,"play_id":"ccff7e8a-8510-48de-a4e2-2df58b74acc6","local_time":"20190304221031","is_ascension_mode":true,"campfire_choices":[{"floor":8,"key":"REST"},{"data":"Loop","floor":15,"key":"SMITH"},{"data":"Thunder Strike","floor":24,"key":"SMITH"},{"data":"Go for the Eyes","floor":29,"key":"SMITH"},{"floor":32,"key":"REST"},{"data":"Machine Learning","floor":40,"key":"SMITH"},{"data":"Static Discharge","floor":42,"key":"SMITH"},{"floor":45,"key":"REST"},{"floor":49,"key":"REST"}],"neow_cost":"NONE","seed_source_timestamp":1703628419691795,"circlet_count":0,"master_deck":["AscendersBane","Defend_B","Defend_B","Defend_B","Defend_B","Zap","Dualcast+1","Melter","Ball Lightning","Glacier+1","Ball Lightning","Undo","Self Repair","Loop+1","Thunder Strike+1","Ball Lightning","Hologram","Beam Cell","FTL","Go for the Eyes+1","Static Discharge+1","Leap+1","Glacier+1","Stack+1","Coolheaded+1","Redo+1","Machine Learning+1","Hologram+1","Coolheaded+1","Ball Lightning+1","Storm","Ball Lightning","Echo Form","Coolheaded+1"],"relics":["Cracked Core","NeowsBlessing","Golden Idol","Emotion Chip","Prayer Wheel","Meat on the Bone","Anchor","Ectoplasm","War Paint","Blue Candle","Toxic Egg 2","Symbiotic Virus","Inserter","Bag of Marbles"],"potions_floor_usage":[23,27,33,50,50],"damage_taken":[{"damage":0,"enemies":"Cultist","floor":1,"turns":1},{"damage":0,"enemies":"Lagavulin","floor":6,"turns":1},{"damage":0,"enemies":"2 Louse","floor":7,"turns":1},{"damage":15,"enemies":"3 Sentries","floor":10,"turns":7},{"damage":0,"enemies":"Small Slimes","floor":11,"turns":3},{"damage":4,"enemies":"Lagavulin","floor":14,"turns":7},{"damage":1,"enemies":"The Guardian","floor":16,"turns":14},{"damage":1,"enemies":"Spheric Guardian","floor":18,"turns":3},{"damage":0,"enemies":"Chosen","floor":19,"turns":4},{"damage":5,"enemies":"Centurion and Healer","floor":20,"turns":7},{"damage":27,"enemies":"Gremlin Leader","floor":23,"turns":6},{"damage":24,"enemies":"Book of Stabbing","floor":27,"turns":5},{"damage":12,"enemies":"Snake Plant","floor":30,"turns":3},{"damage":13,"enemies":"Snecko","floor":31,"turns":4},{"damage":20,"enemies":"Champ","floor":33,"turns":12},{"damage":0,"enemies":"3 Shapes","floor":35,"turns":7},{"damage":21,"enemies":"3 Darklings","floor":37,"turns":4},{"damage":22,"enemies":"Jaw Worm Horde","floor":38,"turns":6},{"damage":21,"enemies":"Transient","floor":44,"turns":5},{"damage":22,"enemies":"Spire Growth","floor":46,"turns":5},{"damage":10,"enemies":"Writhing Mass","floor":47,"turns":7},{"damage":13,"enemies":"3 Darklings","floor":48,"turns":7},{"damage":34,"enemies":"Donu and Deca","floor":50,"turns":7}],"seed_played":"-6562044058528160771","potions_obtained":[{"floor":10,"key":"Explosive Potion"},{"floor":11,"key":"EssenceOfSteel"},{"floor":16,"key":"GamblersBrew"},{"floor":18,"key":"Fire Potion"},{"floor":30,"key":"Swift Potion"},{"floor":33,"key":"SteroidPotion"}],"is_trial":false,"path_per_floor":["M","$","?","?","?","E","M","R","T","E","M","?","$","E","R","B",null,"M","M","M","$","?","E","R","?","T","E","$","R","M","M","R","B",null,"M","?","M","M","$","R","?","R","T","M","R","M","M","M","R","B",null],"character_chosen":"DEFECT","items_purchased":["Ball Lightning","Loop","PowerPotion"],"campfire_rested":4,"item_purchase_floors":[2,13,28],"current_hp_per_floor":[64,64,47,36,36,36,36,57,57,42,42,42,42,45,45,51,66,71,71,71,71,71,51,51,51,51,46,46,46,46,52,71,58,68,71,71,57,54,54,54,54,54,54,45,66,44,53,47,68,46],"gold":15,"neow_bonus":"THREE_ENEMY_KILL","is_prod":false,"is_daily":false,"chose_seed":false,"campfire_upgraded":5,"win_rate":0,"timestamp":1551755431,"path_taken":["M","?","?","?","?","E","M","R","T","E","?","?","$","E","R","BOSS","M","M","M","$","?","E","R","?","T","E","$","R","M","?","R","BOSS","M","?","M","M","?","R","?","R","T","M","R","M","M","M","R","BOSS"],"build_version":"2019-01-23","purchased_purges":2,"victory":true,"max_hp_per_floor":[71,71,71,71,71,71,71,71,71,71,71,71,71,71,71,71,71,71,71,71,71,71,71,71,71,71,71,71,71,71,71,71,71,71,71,71,71,71,71,71,71,71,71,71,71,71,71,71,71,71],"card_choices":[{"not_picked":["Streamline","Conserve Battery"],"picked":"Melter","floor":1},{"not_picked":["Hologram","Go for the Eyes"],"picked":"Glacier","floor":6},{"not_picked":["Sweeping Beam","Barrage"],"picked":"Ball Lightning","floor":7},{"not_picked":["Streamline","Stack"],"picked":"Undo","floor":10},{"not_picked":["Coolheaded","Go for the Eyes"],"picked":"Self Repair","floor":11},{"not_picked":["Static Discharge","All For One","Rebound"],"picked":"SKIP","floor":11},{"not_picked":["Hologram","Undo","Aggregate"],"picked":"SKIP","floor":14},{"not_picked":["Meteor Strike","Seek"],"picked":"Thunder Strike","floor":16},{"not_picked":["Recycle","Loop"],"picked":"Ball Lightning","floor":18},{"not_picked":["Streamline","Steam+1"],"picked":"Hologram","floor":18},{"not_picked":["Coolheaded","Streamline"],"picked":"Beam Cell","floor":19},{"not_picked":["Barrage","Streamline+1","Sweeping Beam"],"picked":"SKIP","floor":19},{"not_picked":["Lockon","Redo"],"picked":"FTL","floor":20},{"not_picked":["Sweeping Beam","Beam Cell"],"picked":"Go for the Eyes","floor":20},{"not_picked":["Cold Snap","Coolheaded+1"],"picked":"Static Discharge","floor":23},{"not_picked":["Storm","Sweeping Beam+1"],"picked":"Leap+1","floor":27},{"not_picked":["Blizzard","Steam Power+1"],"picked":"Glacier+1","floor":30},{"not_picked":["Steam+1","Meteor Strike"],"picked":"Stack+1","floor":30},{"not_picked":["Stack+1","Leap+1"],"picked":"Coolheaded+1","floor":31},{"not_picked":["Streamline","Sweeping Beam"],"picked":"Redo+1","floor":31},{"not_picked":["Buffer","Thunder Strike"],"picked":"Machine Learning","floor":33},{"not_picked":["Leap+1","Steam+1"],"picked":"Hologram+1","floor":35},{"not_picked":["Cold Snap","Gash","Streamline"],"picked":"SKIP","floor":35},{"not_picked":["Cold Snap","Gash","Streamline"],"picked":"SKIP","floor":35},{"not_picked":["Conserve Battery+1","Undo+1"],"picked":"Coolheaded+1","floor":37},{"not_picked":["Steam+1","Sweeping Beam","Stack+1"],"picked":"SKIP","floor":37},{"not_picked":["Machine Learning","Capacitor"],"picked":"Ball Lightning+1","floor":38},{"not_picked":["Double Energy+1","Coolheaded+1","Streamline"],"picked":"SKIP","floor":38},{"not_picked":["Reinforced Body+1","Beam Cell"],"picked":"Storm","floor":44},{"not_picked":["Auto Shields+1","Cold Snap"],"picked":"Ball Lightning","floor":44},{"not_picked":["Sweeping Beam","Coolheaded+1"],"picked":"Echo Form","floor":46},{"not_picked":["Reinforced Body+1","Redo+1","Loop"],"picked":"SKIP","floor":46},{"not_picked":["Loop","Leap+1","Coolheaded+1"],"picked":"SKIP","floor":47},{"not_picked":["Streamline+1","Hologram+1","Auto Shields+1"],"picked":"SKIP","floor":47},{"not_picked":["Buffer","Redo+1"],"picked":"Coolheaded+1","floor":48},{"not_picked":["Conserve Battery+1","Beam Cell","Gash"],"picked":"SKIP","floor":48}],"player_experience":648281,"relics_obtained":[{"floor":6,"key":"Emotion Chip"},{"floor":9,"key":"Prayer Wheel"},{"floor":10,"key":"Meat on the Bone"},{"floor":14,"key":"Anchor"},{"floor":23,"key":"Blue Candle"},{"floor":26,"key":"Toxic Egg 2"},{"floor":27,"key":"Symbiotic Virus"},{"floor":43,"key":"Bag of Marbles"}],"event_choices":[{"damage_healed":0,"gold_gain":0,"player_choice":"Take Damage","damage_taken":17,"relics_obtained":["Golden Idol"],"max_hp_gain":0,"max_hp_loss":0,"event_name":"Golden Idol","floor":3,"gold_loss":0},{"damage_healed":0,"gold_gain":75,"player_choice":"Gather Gold","damage_taken":11,"max_hp_gain":0,"max_hp_loss":0,"event_name":"World of Goop","floor":4,"gold_loss":0},{"damage_healed":0,"gold_gain":0,"player_choice":"0 cards matched","damage_taken":0,"max_hp_gain":0,"max_hp_loss":0,"event_name":"Match and Keep!","floor":5,"gold_loss":0,"cards_obtained":[]},{"cards_removed":["Strike_B"],"damage_healed":0,"gold_gain":0,"player_choice":"Card Removal","damage_taken":0,"max_hp_gain":0,"max_hp_loss":0,"event_name":"The Cleric","floor":12,"gold_loss":50},{"damage_healed":0,"gold_gain":0,"player_choice":"Obtained Relic","damage_taken":0,"relics_obtained":["War Paint"],"max_hp_gain":0,"max_hp_loss":0,"event_name":"Addict","floor":22,"gold_loss":85},{"damage_healed":0,"gold_gain":0,"player_choice":"Ignored","damage_taken":0,"max_hp_gain":0,"max_hp_loss":0,"event_name":"Vampires","floor":25,"gold_loss":0},{"cards_removed":["Strike_B"],"damage_healed":0,"gold_gain":0,"player_choice":"Offered Basic","damage_taken":0,"max_hp_gain":0,"max_hp_loss":0,"event_name":"Bonfire Elementals","floor":36,"gold_loss":0},{"damage_healed":0,"gold_gain":0,"player_choice":"Ignored","damage_taken":0,"max_hp_gain":0,"max_hp_loss":0,"event_name":"The Moai Head","floor":41,"gold_loss":0}],"is_beta":false,"boss_relics":[{"not_picked":["Busted Crown","Eternal Feather"],"picked":"Ectoplasm"},{"not_picked":["Nuclear Battery","Cursed Key"],"picked":"Inserter"}],"items_purged_floors":[2,13],"is_endless":false,"potions_floor_spawned":[10,11,16,18,19,30,33,37,44,48],"ascension_level":14}