{"gold_per_floor":[116,116,35,35,51,51,78,78,78,78,98,23,49,65,65,165,165,165,165,165,165,165,165,165,165,165,165,165,165,165,48,48,48,48,48,48,48,48,48,48,48,48,48,48,48,48,48,48,48,48],"floor_reached":51,"playtime":3299,"items_purged":["Strike_B"],"score":844,"play_id":"d06b1876-2c64-4772-ac47-c873cb9b0ccc","local_time":"20181122171431","is_ascension_mode":true,"campfire_choices":[{"data":"Echo Form","floor":6,"key":"SMITH"},{"data":"Fission","floor":8,"key":"SMITH"},{"data":"Zap","floor":10,"key":"SMITH"},{"data":"Fusion","floor":15,"key":"SMITH"},{"floor":23,"key":"REST"},{"floor":30,"key":"REST"},{"floor":32,"key":"REST"},{"data":"Buffer","floor":40,"key":"SMITH"},{"data":"Chaos","floor":42,"key":"SMITH"},{"floor":49,"key":"REST"}],"neow_cost":"TEN_PERCENT_HP_LOSS","seed_source_timestamp":13659903425465,"circlet_count":0,"master_deck":["Strike_B+1","Strike_B+1","Strike_B+1","Defend_B+1","Defend_B+1","Defend_B+1","Defend_B+1","Zap+1","Dualcast","Fission+1","Streamline","Echo Form+1","BootSequence","Ball Lightning","Fusion+1","Coolheaded","Buffer+1","Sunder","Doom and Gloom","Chaos+1","Compile Driver","Leap","Cold Snap+1","Leap+1","Reinforced Body","Melter","Electrodynamics","Darkness","Defragment+1","Streamline+1","FTL","Coolheaded"],"relics":["Cracked Core","PreservedInsect","Kunai","Letter Opener","Ectoplasm","Red Mask","Blue Candle","Mercury Hourglass","Anchor","Nuclear Battery","Blood Vial"],"potions_floor_usage":[16,20,24,27,33,33,47,50],"damage_taken":[{"damage":1,"enemies":"Cultist","floor":1,"turns":3},{"damage":0,"enemies":"Small Slimes","floor":5,"turns":4},{"damage":0,"enemies":"Jaw Worm","floor":11,"turns":3},{"damage":0,"enemies":"Gremlin Nob","floor":13,"turns":2},{"damage":4,"enemies":"Lots of Slimes","floor":14,"turns":2},{"damage":0,"enemies":"Slime Boss","floor":16,"turns":7},{"damage":11,"enemies":"Spheric Guardian","floor":18,"turns":4},{"damage":0,"enemies":"Masked Bandits","floor":20,"turns":2},{"damage":34,"enemies":"3 Byrds","floor":21,"turns":3},{"damage":5,"enemies":"3 Cultists","floor":22,"turns":3},{"damage":10,"enemies":"Slavers","floor":24,"turns":5},{"damage":3,"enemies":"Book of Stabbing","floor":27,"turns":3},{"damage":21,"enemies":"Centurion and Healer","floor":28,"turns":4},{"damage":0,"enemies":"Snake Plant","floor":29,"turns":3},{"damage":17,"enemies":"Champ","floor":33,"turns":12},{"damage":13,"enemies":"3 Darklings","floor":35,"turns":3},{"damage":0,"enemies":"Orb Walker","floor":37,"turns":2},{"damage":20,"enemies":"Maw","floor":39,"turns":8},{"damage":22,"enemies":"Writhing Mass","floor":44,"turns":6},{"damage":0,"enemies":"Sphere and 2 Shapes","floor":45,"turns":4},{"damage":0,"enemies":"Maw","floor":47,"turns":2},{"damage":0,"enemies":"3 Darklings","floor":48,"turns":2},{"damage":37,"enemies":"Awakened One","floor":50,"turns":18}],"seed_played":"2585811729516376025","potions_obtained":[{"floor":5,"key":"Fire Potion"},{"floor":13,"key":"AttackPotion"},{"floor":16,"key":"Dexterity Potion"},{"floor":20,"key":"FocusPotion"},{"floor":21,"key":"LiquidBronze"},{"floor":29,"key":"Fruit Juice"},{"floor":35,"key":"SmokeBomb"},{"floor":44,"key":"SpeedPotion"},{"floor":48,"key":"Dexterity Potion"}],"is_trial":false,"path_per_floor":["M","?","$","?","M","R","T","R","T","R","M","$","E","M","R","B",null,"M","?","?","M","M","R","E","?","T","E","M","M","R","$","R","B",null,"M","?","M","$","M","R","?","R","T","M","M","$","M","M","R","B",null],"character_chosen":"DEFECT","items_purchased":["Echo Form","Reinforced Body","Melter"],"campfire_rested":4,"item_purchase_floors":[3,31,31],"current_hp_per_floor":[67,53,53,58,58,58,58,58,58,58,58,58,58,54,54,54,73,62,62,62,28,23,44,34,34,34,31,10,10,31,31,52,40,78,65,65,65,65,45,45,45,45,45,25,27,27,29,31,54,19],"gold":48,"neow_bonus":"THREE_RARE_CARDS","is_prod":false,"is_daily":false,"chose_seed":false,"campfire_upgraded":6,"win_rate":0,"timestamp":1542903271,"path_taken":["M","?","$","?","M","R","?","R","T","R","?","$","E","M","R","BOSS","M","?","?","M","M","R","E","?","T","E","?","M","R","$","R","BOSS","M","?","M","$","?","R","?","R","T","M","M","?","M","?","R","BOSS"],"build_version":"2018-11-15","purchased_purges":1,"victory":true,"max_hp_per_floor":[68,68,68,73,73,73,73,73,73,73,73,73,73,73,73,73,73,73,73,73,73,73,73,73,73,73,73,73,73,73,73,73,78,78,78,78,78,78,78,78,78,78,78,78,78,78,78,78,78,78],"card_choices":[{"not_picked":["Meteor Strike","Machine Learning"],"picked":"Fission","floor":0},{"not_picked":["Gash","Hologram"],"picked":"Streamline","floor":1},{"not_picked":["Steam","Creative AI"],"picked":"BootSequence","floor":5},{"not_picked":["Static Discharge","Cold Snap"],"picked":"Ball Lightning","floor":11},{"not_picked":["Heatsinks","Genetic Algorithm"],"picked":"Fusion","floor":13},{"not_picked":["Heatsinks","Streamline"],"picked":"Coolheaded","floor":14},{"not_picked":["All For One","Core Surge"],"picked":"Buffer","floor":16},{"not_picked":["Turbo","Recycle","Beam Cell"],"picked":"SKIP","floor":18},{"not_picked":["Coolheaded","Stack"],"picked":"Doom and Gloom","floor":20},{"not_picked":["Steam Power+1","Steam","Lockon"],"picked":"SKIP","floor":21},{"not_picked":["Redo+1","Machine Learning"],"picked":"Chaos","floor":22},{"not_picked":["Rip and Tear+1","Beam Cell"],"picked":"Compile Driver","floor":24},{"not_picked":["Beam Cell+1","Barrage+1"],"picked":"Leap","floor":27},{"not_picked":["Beam Cell","Force Field"],"picked":"Cold Snap+1","floor":28},{"not_picked":["Turbo","Barrage+1"],"picked":"Leap+1","floor":29},{"not_picked":["Machine Learning","Amplify"],"picked":"Electrodynamics","floor":33},{"not_picked":["Stack","Cold Snap","Redo+1"],"picked":"SKIP","floor":35},{"not_picked":["Turbo","Leap"],"picked":"Darkness","floor":37},{"not_picked":["Compile Driver+1","Hologram+1"],"picked":"Defragment+1","floor":39},{"not_picked":["Go for the Eyes+1","Turbo+1"],"picked":"Streamline+1","floor":44},{"not_picked":["Barrage+1","Fusion"],"picked":"FTL","floor":45},{"not_picked":["Force Field","Gash"],"picked":"Coolheaded","floor":48}],"player_experience":256936,"relics_obtained":[{"floor":7,"key":"PreservedInsect"},{"floor":9,"key":"Kunai"},{"floor":13,"key":"Letter Opener"},{"floor":20,"key":"Red Mask"},{"floor":24,"key":"Blue Candle"},{"floor":26,"key":"Mercury Hourglass"},{"floor":27,"key":"Anchor"},{"floor":43,"key":"Blood Vial"}],"event_choices":[{"damage_healed":0,"gold_gain":0,"player_choice":"Entered Light","damage_taken":14,"max_hp_gain":0,"max_hp_loss":0,"event_name":"Shining Light","floor":2,"gold_loss":0,"cards_upgraded":["Defend_B","Strike_B"]},{"damage_healed":0,"gold_gain":0,"player_choice":"Donut","damage_taken":0,"max_hp_gain":5,"max_hp_loss":0,"event_name":"Big Fish","floor":4,"gold_loss":0},{"damage_healed":0,"gold_gain":0,"player_choice":"Read","damage_taken":0,"max_hp_gain":0,"max_hp_loss":0,"event_name":"The Library","floor":19,"gold_loss":0,"cards_obtained":["Sunder"]},{"damage_healed":0,"gold_gain":0,"player_choice":"Fought Bandits","damage_taken":0,"max_hp_gain":0,"max_hp_loss":0,"event_name":"Masked Bandits","floor":20,"gold_loss":0},{"damage_healed":0,"gold_gain":0,"player_choice":"Simplicity","damage_taken":0,"max_hp_gain":0,"max_hp_loss":0,"event_name":"Back to Basics","floor":25,"gold_loss":0,"cards_upgraded":["Strike_B","Strike_B","Defend_B","Defend_B","Defend_B"]},{"damage_healed":0,"gold_gain":0,"player_choice":"Leave","damage_taken":0,"max_hp_gain":0,"max_hp_loss":0,"event_name":"FaceTrader","floor":36,"gold_loss":0},{"damage_healed":0,"gold_gain":0,"player_choice":"Memory 1","damage_taken":0,"max_hp_gain":0,"max_hp_loss":0,"event_name":"SensoryStone","floor":41,"gold_loss":0}],"is_beta":false,"boss_relics":[{"not_picked":["Eternal Feather","Philosopher\u0027s Stone"],"picked":"Ectoplasm"},{"not_picked":["Tiny House","Snecko Eye"],"picked":"Nuclear Battery"}],"items_purged_floors":[12],"is_endless":false,"potions_floor_spawned":[5,13,16,20,21,22,29,35,44,47,48],"ascension_level":3}