{"gold_per_floor":[217,230,244,244,267,267,192,232,232,40,61,61,61,61,61,154,154,133,183,183,202,202,202,219,219,273,273,284,40,51,51,51,124,124,144,144,144,1,1,1,101,101,156,172,188,207,207,207,207,207],"floor_reached":50,"playtime":4796,"items_purged":["Injury","Pain"],"score":820,"play_id":"54103a21-b2f0-4513-91ef-8c2a91bf4fec","local_time":"20190121130416","is_ascension_mode":true,"campfire_choices":[{"data":"Neutralize","floor":6,"key":"SMITH"},{"data":"Dash","floor":12,"key":"SMITH"},{"floor":15,"key":"REST"},{"floor":23,"key":"REST"},{"floor":27,"key":"REST"},{"floor":32,"key":"REST"},{"floor":40,"key":"REST"},{"data":"A Thousand Cuts","floor":47,"key":"SMITH"},{"data":"Adrenaline","floor":49,"key":"SMITH"}],"neow_cost":"NONE","seed_source_timestamp":932147124024669,"circlet_count":0,"master_deck":["AscendersBane","Defend_G","Defend_G","Defend_G","Defend_G","Defend_G","Strike_G","Strike_G","Strike_G","Survivor","Neutralize+1","Dagger Throw","Dagger Throw","Infinite Blades","Dash+1","Noxious Fumes+1","Adrenaline+1","Deflect","Backflip+1","Backflip","PiercingWail","Infinite Blades","Flying Knee","Deflect","Flying Knee+1","Adrenaline","Slice","Deflect","Crippling Poison","A Thousand Cuts+1","PiercingWail","Thinking Ahead","Trip","Deflect+1","Prepared+1"],"relics":["Ring of the Serpent","Bloody Idol","Juzu Bracelet","Art of War","WarpedTongs","Tiny Chest","Anchor","Orrery","Oddly Smooth Stone","Turnip","The Specimen","Happy Flower"],"potions_floor_usage":[8,8,16,24,33,41,48,50],"damage_taken":[{"damage":0,"enemies":"Cultist","floor":1,"turns":5},{"damage":5,"enemies":"Jaw Worm","floor":2,"turns":5},{"damage":0,"enemies":"2 Louse","floor":3,"turns":3},{"damage":5,"enemies":"Exordium Wildlife","floor":5,"turns":4},{"damage":17,"enemies":"Lagavulin","floor":8,"turns":8},{"damage":4,"enemies":"3 Louse","floor":11,"turns":4},{"damage":32,"enemies":"Hexaghost","floor":16,"turns":11},{"damage":26,"enemies":"2 Thieves","floor":18,"turns":5},{"damage":9,"enemies":"Shell Parasite","floor":21,"turns":7},{"damage":22,"enemies":"Snake Plant","floor":24,"turns":5},{"damage":8,"enemies":"Cultist and Chosen","floor":28,"turns":8},{"damage":9,"enemies":"3 Cultists","floor":30,"turns":5},{"damage":55,"enemies":"Champ","floor":33,"turns":17},{"damage":27,"enemies":"Orb Walker","floor":35,"turns":5},{"damage":0,"enemies":"Mind Bloom Boss Battle","floor":41,"turns":7},{"damage":8,"enemies":"3 Shapes","floor":44,"turns":5},{"damage":0,"enemies":"3 Darklings","floor":45,"turns":5},{"damage":0,"enemies":"4 Shapes","floor":46,"turns":5},{"damage":0,"enemies":"Spire Growth","floor":48,"turns":2},{"damage":65,"enemies":"Awakened One","floor":50,"turns":13}],"seed_played":"3796632392925489009","potions_obtained":[{"floor":3,"key":"Dexterity Potion"},{"floor":5,"key":"Weak Potion"},{"floor":8,"key":"Block Potion"},{"floor":21,"key":"SkillPotion"},{"floor":28,"key":"GamblersBrew"},{"floor":33,"key":"EssenceOfSteel"},{"floor":35,"key":"SmokeBomb"},{"floor":46,"key":"SpeedPotion"}],"is_trial":false,"path_per_floor":["M","M","M","?","M","R","$","E","T","$","M","R","?","?","R","B",null,"M","?","?","M","?","R","M","?","T","R","M","$","M","$","R","B",null,"M","?","?","$","T","R","?","?","T","M","M","M","R","M","R","B"],"character_chosen":"THE_SILENT","items_purchased":["Noxious Fumes","Adrenaline","Anchor","Oddly Smooth Stone"],"campfire_rested":5,"item_purchase_floors":[10,10,29,38],"current_hp_per_floor":[59,54,54,54,49,49,49,32,32,32,28,28,28,28,47,15,53,27,27,27,18,18,37,20,20,30,49,46,46,42,42,61,11,52,30,30,30,30,30,49,54,49,54,51,56,61,61,61,61,0],"gold":207,"neow_bonus":"HUNDRED_GOLD","is_prod":false,"is_daily":false,"chose_seed":false,"campfire_upgraded":4,"win_rate":0,"timestamp":1548093856,"path_taken":["M","M","?","?","M","R","?","E","T","$","M","R","?","?","R","BOSS","M","?","?","M","?","R","M","?","T","R","M","$","M","$","R","BOSS","M","?","?","$","?","R","?","?","T","M","M","M","R","M","R","BOSS"],"build_version":"2019-01-17v2","purchased_purges":2,"victory":false,"max_hp_per_floor":[66,66,66,66,66,66,66,66,66,66,66,66,66,66,66,66,66,66,66,66,66,66,66,66,66,66,66,66,66,66,66,66,66,66,66,66,66,66,66,66,66,66,66,66,66,66,66,66,66,66],"card_choices":[{"not_picked":["Prepared","Deadly Poison","Blade Dance"],"picked":"SKIP","floor":1},{"not_picked":["Corpse Explosion","Prepared"],"picked":"Dagger Throw","floor":2},{"not_picked":["Poisoned Stab","Blade Dance"],"picked":"Dagger Throw","floor":3},{"not_picked":["Expertise","Choke"],"picked":"Infinite Blades","floor":5},{"not_picked":["Catalyst","Concentrate"],"picked":"Dash","floor":8},{"not_picked":["Slice","Acrobatics"],"picked":"Deflect","floor":11},{"not_picked":["Phantasmal Killer","Envenom"],"picked":"A Thousand Cuts","floor":16},{"not_picked":["Noxious Fumes+1","Dodge and Roll"],"picked":"Backflip+1","floor":18},{"not_picked":["Dash","Dodge and Roll"],"picked":"Backflip","floor":21},{"not_picked":["Dodge and Roll+1","Riddle With Holes"],"picked":"PiercingWail","floor":24},{"not_picked":["Finisher","Skewer"],"picked":"Deflect","floor":28},{"not_picked":["Deadly Poison","Backflip"],"picked":"Flying Knee+1","floor":30},{"not_picked":["Venomology","Phantasmal Killer"],"picked":"Adrenaline","floor":33},{"not_picked":["Blade Dance","Tactician"],"picked":"Slice","floor":34},{"not_picked":["PiercingWail","Cloak And Dagger"],"picked":"Deflect","floor":34},{"not_picked":["Dagger Spray","Dagger Throw"],"picked":"Crippling Poison","floor":34},{"not_picked":["Dodge and Roll","Skewer"],"picked":"A Thousand Cuts","floor":34},{"not_picked":["Slice","Reflex+1"],"picked":"PiercingWail","floor":35},{"not_picked":["Madness","Apotheosis"],"picked":"Thinking Ahead","floor":42},{"not_picked":["Dramatic Entrance","Purity"],"picked":"Trip","floor":42},{"not_picked":["Finisher","Outmaneuver+1","Distraction"],"picked":"SKIP","floor":44},{"not_picked":["Outmaneuver","All Out Attack"],"picked":"Deflect+1","floor":45},{"not_picked":["Dodge and Roll","Backstab"],"picked":"Prepared+1","floor":46}],"player_experience":471058,"relics_obtained":[{"floor":8,"key":"Juzu Bracelet"},{"floor":9,"key":"Art of War"},{"floor":26,"key":"Tiny Chest"},{"floor":39,"key":"Turnip"},{"floor":41,"key":"The Specimen"},{"floor":43,"key":"Happy Flower"}],"event_choices":[{"damage_healed":0,"gold_gain":0,"player_choice":"Take Wound","damage_taken":0,"relics_obtained":["Golden Idol"],"max_hp_gain":0,"max_hp_loss":0,"event_name":"Golden Idol","floor":4,"gold_loss":0,"cards_obtained":["Injury"]},{"damage_healed":0,"gold_gain":0,"player_choice":"Grow","damage_taken":0,"max_hp_gain":0,"max_hp_loss":0,"event_name":"Living Wall","floor":13,"gold_loss":0,"cards_upgraded":["Noxious Fumes"]},{"damage_healed":0,"gold_gain":0,"player_choice":"Rummage","damage_taken":0,"relics_obtained":["WarpedTongs"],"max_hp_gain":0,"max_hp_loss":0,"event_name":"Accursed Blacksmith","floor":14,"gold_loss":0,"cards_obtained":["Pain"]},{"damage_healed":0,"gold_gain":50,"player_choice":"Stole From Cult","damage_taken":0,"max_hp_gain":0,"max_hp_loss":0,"event_name":"Nest","floor":19,"gold_loss":0},{"damage_healed":0,"gold_gain":0,"player_choice":"Ignored","damage_taken":0,"max_hp_gain":0,"max_hp_loss":0,"event_name":"Cursed Tome","floor":20,"gold_loss":0},{"damage_healed":0,"gold_gain":0,"player_choice":"Gave Idol","damage_taken":0,"relics_obtained":["Bloody Idol"],"max_hp_gain":0,"max_hp_loss":0,"event_name":"Forgotten Altar","floor":22,"relics_lost":["Golden Idol"],"gold_loss":0},{"damage_healed":0,"gold_gain":0,"cards_transformed":["Strike_G","Strike_G"],"player_choice":"Became Test Subject","damage_taken":0,"max_hp_gain":0,"max_hp_loss":0,"event_name":"Drug Dealer","floor":25,"gold_loss":0,"cards_obtained":["Infinite Blades","Flying Knee"]},{"cards_removed":["A Thousand Cuts"],"damage_healed":0,"gold_gain":0,"player_choice":"Removed Power","damage_taken":0,"max_hp_gain":0,"max_hp_loss":0,"event_name":"Falling","floor":36,"gold_loss":0},{"damage_healed":0,"gold_gain":0,"player_choice":"Ignored","damage_taken":0,"max_hp_gain":0,"max_hp_loss":0,"event_name":"The Moai Head","floor":37,"gold_loss":0},{"damage_healed":0,"gold_gain":0,"player_choice":"Fight","damage_taken":0,"max_hp_gain":0,"max_hp_loss":0,"event_name":"MindBloom","floor":41,"gold_loss":0},{"damage_healed":0,"gold_gain":0,"player_choice":"Memory 2","damage_taken":5,"max_hp_gain":0,"max_hp_loss":0,"event_name":"SensoryStone","floor":42,"gold_loss":0}],"is_beta":false,"boss_relics":[{"not_picked":["Tiny House","HoveringKite"],"picked":"Ring of the Serpent"},{"not_picked":["Empty Cage","Velvet Choker"],"picked":"Orrery"}],"items_purged_floors":[7,29],"is_endless":false,"potions_floor_spawned":[3,5,8,21,28,33,35,46,48],"killed_by":"Awakened One","ascension_level":15}