{"gold_per_floor":[113,131,131,145,145,145,156,171,196,146,146,146,166,236,236,334,334,345,345,345],"floor_reached":20,"playtime":1026,"items_purged":[],"score":251,"play_id":"638107f8-fb9a-4a1f-bcc5-b981e243021f","local_time":"20190228002507","is_ascension_mode":true,"campfire_choices":[{"floor":6,"key":"REST"},{"data":"Brutality","floor":12,"key":"SMITH"},{"data":"Armaments","floor":15,"key":"SMITH"}],"neow_cost":"PERCENT_DAMAGE","seed_source_timestamp":36010517897346,"circlet_count":0,"master_deck":["AscendersBane","Bash","Brutality+1","Rampage","Combust","Pommel Strike","Armaments+1","Pommel Strike","Headbutt","Double Tap","Shockwave","Entrench","Shockwave","Flame Barrier","Carnage","Corruption","Barricade"],"relics":["Burning Blood","Sundial","Potion Belt","Odd Mushroom","Meat on the Bone","Pandora\u0027s Box","MutagenicStrength"],"potions_floor_usage":[2,13,16,20],"damage_taken":[{"damage":9,"enemies":"Jaw Worm","floor":1,"turns":5},{"damage":6,"enemies":"Cultist","floor":2,"turns":4},{"damage":13,"enemies":"Small Slimes","floor":4,"turns":5},{"damage":14,"enemies":"2 Fungi Beasts","floor":7,"turns":4},{"damage":4,"enemies":"Large Slime","floor":8,"turns":5},{"damage":17,"enemies":"The Mushroom Lair","floor":13,"turns":4},{"damage":49,"enemies":"The Guardian","floor":16,"turns":11},{"damage":26,"enemies":"2 Thieves","floor":18,"turns":4},{"damage":52,"enemies":"Masked Bandits","floor":20,"turns":3}],"seed_played":"-4360367320724505032","potions_obtained":[{"floor":1,"key":"Block Potion"},{"floor":8,"key":"SpeedPotion"},{"floor":13,"key":"Dexterity Potion"},{"floor":16,"key":"SkillPotion"}],"is_trial":false,"path_per_floor":["?","M","T","?","?","?","T","?","?"],"character_chosen":"IRONCLAD","items_purchased":[],"campfire_rested":1,"item_purchase_floors":[],"current_hp_per_floor":[48,48,48,41,41,65,57,59,59,59,64,64,53,53,53,22,69,49,49,0],"gold":345,"neow_bonus":"THREE_RARE_CARDS","is_prod":false,"is_daily":false,"chose_seed":false,"campfire_upgraded":2,"win_rate":0,"timestamp":1551309907,"path_taken":["M","M","?","?","?","R","M","M","T","?","?","R","?","?","R","BOSS","M","?","?"],"build_version":"2019-01-23","purchased_purges":0,"victory":false,"max_hp_per_floor":[80,80,80,80,80,80,80,80,80,80,85,85,85,85,85,85,85,85,85,85],"card_choices":[{"not_picked":["Berserk","Reaper"],"picked":"Brutality","floor":0},{"not_picked":["Wild Strike","Body Slam"],"picked":"Rampage","floor":1},{"not_picked":["Dropkick","Havoc"],"picked":"Combust","floor":2},{"not_picked":["Cleave","Inflame"],"picked":"Pommel Strike","floor":4},{"not_picked":["Twin Strike","Hemokinesis"],"picked":"Armaments","floor":7},{"not_picked":["Iron Wave","Pummel"],"picked":"Pommel Strike","floor":8},{"not_picked":["Perfected Strike","Body Slam"],"picked":"Headbutt","floor":13},{"not_picked":["Demon Form","Bludgeon"],"picked":"Double Tap","floor":16},{"not_picked":["Spot Weakness+1","Sentinel","Fire Breathing"],"picked":"SKIP","floor":18}],"player_experience":335973,"relics_obtained":[{"floor":5,"key":"Sundial"},{"floor":9,"key":"Potion Belt"},{"floor":13,"key":"Odd Mushroom"},{"floor":14,"key":"Meat on the Bone"}],"event_choices":[{"cards_removed":["Strike_R"],"damage_healed":0,"gold_gain":0,"player_choice":"Purged","damage_taken":0,"max_hp_gain":0,"max_hp_loss":0,"event_name":"Purifier","floor":3,"gold_loss":0},{"cards_removed":["Strike_R"],"damage_healed":0,"gold_gain":0,"player_choice":"Card Removal","damage_taken":0,"max_hp_gain":0,"max_hp_loss":0,"event_name":"The Cleric","floor":10,"gold_loss":50},{"damage_healed":0,"gold_gain":0,"player_choice":"Donut","damage_taken":0,"max_hp_gain":5,"max_hp_loss":0,"event_name":"Big Fish","floor":11,"gold_loss":0},{"damage_healed":0,"gold_gain":0,"player_choice":"Fought Mushrooms","damage_taken":0,"max_hp_gain":0,"max_hp_loss":0,"event_name":"Mushrooms","floor":13,"gold_loss":0},{"damage_healed":0,"gold_gain":0,"player_choice":"Inject Mutagens","damage_taken":0,"relics_obtained":["MutagenicStrength"],"max_hp_gain":0,"max_hp_loss":0,"event_name":"Drug Dealer","floor":19,"gold_loss":0},{"damage_healed":0,"gold_gain":0,"player_choice":"Fought Bandits","damage_taken":0,"max_hp_gain":0,"max_hp_loss":0,"event_name":"Masked Bandits","floor":20,"gold_loss":0}],"is_beta":false,"boss_relics":[{"not_picked":["Philosopher\u0027s Stone","Coffee Dripper"],"picked":"Pandora\u0027s Box"}],"items_purged_floors":[],"is_endless":false,"potions_floor_spawned":[1,8,13,16],"killed_by":"Masked Bandits","ascension_level":11}