{"gold_per_floor":[117,132,150,162,179,179,243,243,243,269,269,269,119,119,119,242,272,297,297,197,218,218,218,254,254,277,300,323,323,348,384,384,508,508,522,225,249,582,50,50,83,83,83,118,131,149,149,159,159,159],"floor_reached":51,"playtime":3137,"items_purged":["Strike_R","Decay","Strike_R"],"score":780,"play_id":"57d05e7e-c00b-4ed6-b749-5782e014c5c6","local_time":"20181013195232","is_ascension_mode":true,"campfire_choices":[{"data":"Sword Boomerang","floor":6,"key":"SMITH"},{"floor":8,"key":"REST"},{"floor":15,"key":"REST"},{"data":"Armaments","floor":23,"key":"SMITH"},{"floor":29,"key":"REST"},{"floor":32,"key":"REST"},{"data":"Double Tap","floor":40,"key":"SMITH"},{"data":"Sword Boomerang","floor":42,"key":"SMITH"},{"floor":47,"key":"REST"},{"floor":49,"key":"REST"}],"neow_cost":"TEN_PERCENT_HP_LOSS","seed_source_timestamp":22762690206390,"circlet_count":0,"master_deck":["Strike_R","Strike_R","Strike_R","Defend_R","Defend_R","Defend_R","Defend_R","Bash","True Grit","Sword Boomerang+1","Ghostly Armor","Bloodletting","Armaments+1","Shrug It Off","Spot Weakness","Cleave","Immolate","Flame Barrier+1","Reaper","Writhe","Writhe","Armaments+1","Sword Boomerang+1","Inflame","Double Tap+1","Flex+1","Master of Strategy","Warcry","Warcry+1"],"relics":["Burning Blood","FossilizedHelix","Art of War","Darkstone Periapt","Mercury Hourglass","Matryoshka","Calling Bell","Tiny Chest","Gremlin Horn","WingedGreaves","MutagenicStrength","Question Card","PreservedInsect","Oddly Smooth Stone","Letter Opener","Sozu","Du-Vu Doll","Sling","Sundial","Blue Candle","The Courier","Ornamental Fan"],"potions_floor_usage":[7,7,7,16,33,33,41,50],"damage_taken":[{"damage":0,"enemies":"Cultist","floor":1,"turns":4},{"damage":0,"enemies":"2 Louse","floor":2,"turns":4},{"damage":0,"enemies":"Small Slimes","floor":3,"turns":4},{"damage":0,"enemies":"2 Fungi Beasts","floor":4,"turns":4},{"damage":5,"enemies":"3 Louse","floor":5,"turns":4},{"damage":40,"enemies":"Lagavulin Event","floor":7,"turns":11},{"damage":47,"enemies":"Gremlin Nob","floor":10,"turns":7},{"damage":28,"enemies":"Hexaghost","floor":16,"turns":10},{"damage":10,"enemies":"2 Thieves","floor":18,"turns":4},{"damage":4,"enemies":"3 Byrds","floor":21,"turns":3},{"damage":23,"enemies":"Gremlin Leader","floor":24,"turns":7},{"damage":36,"enemies":"Shelled Parasite and Fungi","floor":27,"turns":4},{"damage":30,"enemies":"Snecko","floor":28,"turns":7},{"damage":7,"enemies":"Snake Plant","floor":30,"turns":4},{"damage":18,"enemies":"Book of Stabbing","floor":31,"turns":5},{"damage":43,"enemies":"Collector","floor":33,"turns":12},{"damage":2,"enemies":"Orb Walker","floor":35,"turns":4},{"damage":11,"enemies":"3 Darklings","floor":37,"turns":5},{"damage":10,"enemies":"2 Orb Walkers","floor":41,"turns":2},{"damage":80,"enemies":"Giant Head","floor":44,"turns":9},{"damage":0,"enemies":"Reptomancer","floor":45,"turns":5},{"damage":3,"enemies":"Transient","floor":46,"turns":5},{"damage":0,"enemies":"3 Darklings","floor":48,"turns":2},{"damage":103,"enemies":"Awakened One","floor":50,"turns":14}],"seed_played":"-8226968992488893121","potions_obtained":[{"floor":2,"key":"BloodPotion"},{"floor":4,"key":"SpeedPotion"},{"floor":5,"key":"EssenceOfSteel"},{"floor":10,"key":"PowerPotion"},{"floor":16,"key":"Fruit Juice"},{"floor":18,"key":"Strength Potion"},{"floor":21,"key":"EntropicBrew"},{"floor":33,"key":"Swift Potion"}],"is_trial":false,"path_per_floor":["M","M","M","M","M","R","?","R","T","E","?","?","$","T","R","B",null,"M","?","$","M","?","R","E","?","T","M","M","R","M","E","R","B",null,"M","$","M","?","$","R","E","R","T","E","M","M","R","M","R","B"],"character_chosen":"IRONCLAD","items_purchased":["Flame Barrier","Du-Vu Doll","Sling","Master of Strategy"],"campfire_rested":6,"item_purchase_floors":[13,36,39,39],"current_hp_per_floor":[72,72,72,72,72,72,45,66,66,25,25,25,25,25,45,28,90,86,86,86,88,88,88,71,71,71,41,17,44,43,31,58,36,90,90,90,85,85,85,85,81,81,81,7,22,38,65,71,90,11],"gold":159,"neow_bonus":"ONE_RARE_RELIC","is_prod":false,"is_daily":false,"chose_seed":false,"campfire_upgraded":4,"win_rate":0,"timestamp":1539453152,"path_taken":["M","M","?","M","M","R","?","R","T","E","?","?","$","?","R","BOSS","M","?","$","M","?","R","E","?","T","M","M","R","?","E","R","BOSS","M","$","M","?","?","R","E","R","T","E","M","M","R","M","R","BOSS"],"build_version":"2018-10-04","purchased_purges":3,"victory":true,"max_hp_per_floor":[72,72,72,72,72,72,72,72,72,72,72,67,67,67,67,72,90,90,90,90,90,90,90,90,90,90,90,90,90,90,90,90,90,90,90,90,90,90,90,90,90,90,90,90,90,90,90,90,90,90],"card_choices":[{"not_picked":["Clothesline","Whirlwind"],"picked":"True Grit","floor":1},{"not_picked":["Flex","Reckless Charge"],"picked":"Sword Boomerang","floor":2},{"not_picked":["Reckless Charge","Heavy Blade"],"picked":"Ghostly Armor","floor":3},{"not_picked":["Heavy Blade","Flex"],"picked":"Bloodletting","floor":4},{"not_picked":["Clash","Evolve"],"picked":"Armaments","floor":5},{"not_picked":["Havoc","Twin Strike"],"picked":"Shrug It Off","floor":7},{"not_picked":["True Grit","Exhume"],"picked":"Spot Weakness","floor":10},{"not_picked":["Dark Embrace","Impervious"],"picked":"Reaper","floor":16},{"not_picked":["Ghostly Armor","Warcry"],"picked":"Armaments+1","floor":18},{"not_picked":["Heavy Blade","Uppercut","Havoc"],"picked":"SKIP","floor":21},{"not_picked":["Uppercut","Flex","Reckless Charge"],"picked":"SKIP","floor":24},{"not_picked":["Pummel+1","Corruption+1","Rupture"],"picked":"Sword Boomerang","floor":27},{"not_picked":["Pommel Strike","Body Slam+1","Wild Strike","Second Wind+1"],"picked":"SKIP","floor":28},{"not_picked":["Wild Strike+1","Sever Soul+1","Blood for Blood","Berserk"],"picked":"SKIP","floor":30},{"not_picked":["Bludgeon","Evolve","Reckless Charge"],"picked":"Inflame","floor":31},{"not_picked":["Feed","Fiend Fire","Bludgeon"],"picked":"Double Tap","floor":33},{"not_picked":["Headbutt+1","Wild Strike","Shrug It Off"],"picked":"Flex+1","floor":35},{"not_picked":["Reckless Charge","Seeing Red","Armaments","Anger+1"],"picked":"SKIP","floor":37},{"not_picked":["Heavy Blade","Feed","Demon Form"],"picked":"Warcry","floor":41},{"not_picked":["Disarm+1","Dropkick","Havoc+1","Carnage"],"picked":"SKIP","floor":44},{"not_picked":["Pommel Strike+1","Body Slam+1","Corruption","Heavy Blade"],"picked":"SKIP","floor":45},{"not_picked":["Clothesline+1","Searing Blow","Perfected Strike","Warcry"],"picked":"SKIP","floor":46},{"not_picked":["Wild Strike","Armaments+1","Shockwave"],"picked":"Warcry+1","floor":48}],"player_experience":162563,"relics_obtained":[{"floor":7,"key":"Art of War"},{"floor":9,"key":"Darkstone Periapt"},{"floor":10,"key":"Mercury Hourglass"},{"floor":14,"key":"Matryoshka"},{"floor":17,"key":"Tiny Chest"},{"floor":17,"key":"Gremlin Horn"},{"floor":17,"key":"WingedGreaves"},{"floor":24,"key":"Question Card"},{"floor":26,"key":"PreservedInsect"},{"floor":26,"key":"Oddly Smooth Stone"},{"floor":31,"key":"Letter Opener"},{"floor":41,"key":"Sundial"},{"floor":43,"key":"Blue Candle"},{"floor":43,"key":"The Courier"},{"floor":44,"key":"Ornamental Fan"}],"event_choices":[{"event_name":"Dead Adventurer","player_choice":"Searched \u00271\u0027 times","floor":7,"damage_taken":0},{"event_name":"Match and Keep!","player_choice":"2 cards matched","floor":11,"damage_taken":0},{"event_name":"Golden Idol","player_choice":"Lose Max HP","floor":12,"damage_taken":0},{"event_name":"Accursed Blacksmith","player_choice":"Forge","floor":19,"damage_taken":0},{"event_name":"Drug Dealer","player_choice":"Inject Mutagens","floor":22,"damage_taken":0},{"event_name":"N\u0027loth","player_choice":"Ignored","floor":25,"damage_taken":0},{"event_name":"The Moai Head","player_choice":"Gave Idol","floor":38,"damage_taken":0}],"is_beta":false,"boss_relics":[{"not_picked":["White Beast Statue","Orrery"],"picked":"Calling Bell"},{"not_picked":["Empty Cage","Tiny House"],"picked":"Sozu"}],"items_purged_floors":[13,20,39],"is_endless":false,"potions_floor_spawned":[2,4,5,10,16,18,21,28,33,41,44,45,48],"ascension_level":1}