{"gold_per_floor":[113,123,123,142,68,68,68,95,95,270,270,305,305,318,318,389,389,389,389,389,24,24,24,24,24,24,24,24,24,24,24,24,24,24,24,24,24,24,24,24,24,24,24,24,24,24,24,24,24,24],"floor_reached":51,"playtime":5599,"items_purged":[],"score":1076,"play_id":"6a396a28-f0bf-4348-8eae-02573ac6ed93","local_time":"20190120231434","is_ascension_mode":true,"campfire_choices":[{"data":"Neutralize","floor":6,"key":"SMITH"},{"data":"Dash","floor":11,"key":"SMITH"},{"data":"Terror","floor":13,"key":"SMITH"},{"data":"Leg Sweep","floor":15,"key":"SMITH"},{"floor":23,"key":"REST"},{"data":"Die Die Die","floor":25,"key":"SMITH"},{"data":"Footwork","floor":30,"key":"SMITH"},{"floor":32,"key":"REST"},{"data":"After Image","floor":40,"key":"SMITH"},{"data":"Well Laid Plans","floor":42,"key":"SMITH"},{"floor":46,"key":"REST"},{"data":"Flechettes","floor":49,"key":"SMITH"}],"neow_cost":"NONE","seed_source_timestamp":881556438225268,"circlet_count":0,"master_deck":["AscendersBane","Defend_G","Defend_G","Defend_G","Defend_G","Defend_G","Strike_G","Strike_G","Strike_G","Strike_G","Survivor","Neutralize+1","Dash+1","Well Laid Plans+1","Dagger Throw","Leg Sweep+1","Doubt","Terror+1","Die Die Die+1","PiercingWail","Malaise","Footwork+1","Infinite Blades","Crippling Poison","Finisher","Dodge and Roll+1","After Image+1","Flechettes+1","Dark Shackles","PiercingWail"],"relics":["Ring of the Snake","Sundial","Juzu Bracelet","Orichalcum","Regal Pillow","Ectoplasm","Red Mask","FossilizedHelix","Blue Candle","Mercury Hourglass","Eternal Feather","Pocketwatch","Oddly Smooth Stone","Dead Branch"],"potions_floor_usage":[8,8,16,27,28,33,33,38,38,48],"damage_taken":[{"damage":2,"enemies":"Jaw Worm","floor":1,"turns":8},{"damage":0,"enemies":"Small Slimes","floor":2,"turns":3},{"damage":0,"enemies":"2 Louse","floor":4,"turns":3},{"damage":4,"enemies":"Lagavulin","floor":8,"turns":9},{"damage":12,"enemies":"3 Sentries","floor":12,"turns":11},{"damage":0,"enemies":"Blue Slaver","floor":14,"turns":2},{"damage":12,"enemies":"The Guardian","floor":16,"turns":16},{"damage":15,"enemies":"Spheric Guardian","floor":18,"turns":6},{"damage":26,"enemies":"Masked Bandits","floor":19,"turns":8},{"damage":4,"enemies":"Shell Parasite","floor":20,"turns":7},{"damage":0,"enemies":"Snecko","floor":22,"turns":7},{"damage":2,"enemies":"3 Cultists","floor":27,"turns":5},{"damage":1,"enemies":"Cultist and Chosen","floor":28,"turns":5},{"damage":0,"enemies":"Snecko","floor":29,"turns":7},{"damage":0,"enemies":"3 Cultists","floor":31,"turns":5},{"damage":27,"enemies":"Champ","floor":33,"turns":21},{"damage":0,"enemies":"3 Shapes","floor":35,"turns":6},{"damage":25,"enemies":"2 Orb Walkers","floor":38,"turns":8},{"damage":7,"enemies":"Orb Walker","floor":39,"turns":4},{"damage":65,"enemies":"Giant Head","floor":44,"turns":15},{"damage":13,"enemies":"Transient","floor":48,"turns":5},{"damage":29,"enemies":"Time Eater","floor":50,"turns":16}],"seed_played":"-1025250791249537812","potions_obtained":[{"floor":1,"key":"SteroidPotion"},{"floor":12,"key":"Poison Potion"},{"floor":20,"key":"Weak Potion"},{"floor":22,"key":"FearPotion"},{"floor":27,"key":"LiquidBronze"},{"floor":31,"key":"Ancient Potion"},{"floor":33,"key":"Energy Potion"},{"floor":35,"key":"GhostInAJar"},{"floor":44,"key":"Fire Potion"},{"floor":48,"key":"Fire Potion"}],"is_trial":false,"path_per_floor":["M","M","?","M","$","R","T","E","T","?","R","E","R","M","R","B",null,"M","?","M","$","M","R","?","R","T","M","M","M","R","M","R","B",null,"M","?","?","?","M","R","?","R","T","E","?","R","$","M","R","B",null],"character_chosen":"THE_SILENT","items_purchased":["Dagger Throw","FearPotion","FossilizedHelix","Footwork"],"campfire_rested":3,"item_purchase_floors":[5,5,21,21],"current_hp_per_floor":[63,63,63,63,63,63,63,59,59,59,59,47,47,47,47,35,63,48,22,18,18,18,54,54,54,54,52,51,51,51,51,72,45,65,65,65,65,40,33,51,51,69,69,4,4,58,58,45,63,34],"gold":24,"neow_bonus":"TEN_PERCENT_HP_BONUS","is_prod":false,"is_daily":false,"chose_seed":false,"campfire_upgraded":9,"win_rate":0,"timestamp":1548044074,"path_taken":["M","M","?","M","$","R","?","E","T","?","R","E","R","M","R","BOSS","M","?","M","$","M","R","?","R","T","M","M","M","R","M","R","BOSS","M","?","?","?","M","R","?","R","T","E","?","R","?","M","R","BOSS"],"build_version":"2019-01-17v2","purchased_purges":0,"victory":true,"max_hp_per_floor":[72,72,72,72,72,72,72,72,72,72,72,72,72,72,72,72,72,72,72,72,72,72,72,72,72,72,72,72,72,72,72,72,72,72,72,72,72,72,72,72,72,72,72,72,72,72,72,72,72,72],"card_choices":[{"not_picked":["Flechettes","Quick Slash"],"picked":"Dash","floor":1},{"not_picked":["Underhanded Strike","Infinite Blades","Dodge and Roll"],"picked":"SKIP","floor":2},{"not_picked":["Crippling Poison","Dodge and Roll"],"picked":"Well Laid Plans","floor":4},{"not_picked":["Calculated Gamble","Blade Dance"],"picked":"Leg Sweep","floor":8},{"not_picked":["Poisoned Stab","Blur"],"picked":"Terror","floor":12},{"not_picked":["Choke","Endless Agony","Outmaneuver"],"picked":"SKIP","floor":14},{"not_picked":["Storm of Steel","Night Terror"],"picked":"Die Die Die","floor":16},{"not_picked":["Quick Slash","Flying Knee"],"picked":"PiercingWail","floor":18},{"not_picked":["Setup","Deflect"],"picked":"Malaise","floor":20},{"not_picked":["Backstab","Backflip"],"picked":"Infinite Blades","floor":22},{"not_picked":["Quick Slash","Dagger Spray"],"picked":"Blur+1","floor":27},{"not_picked":["Underhanded Strike+1","Expertise"],"picked":"Crippling Poison","floor":28},{"not_picked":["Sucker Punch+1","Riddle With Holes"],"picked":"Finisher","floor":29},{"not_picked":["Prepared","Poisoned Stab"],"picked":"Dodge and Roll+1","floor":31},{"not_picked":["Tools of the Trade","Corpse Explosion"],"picked":"After Image","floor":33},{"not_picked":["Slice","Dodge and Roll+1","Calculated Gamble"],"picked":"SKIP","floor":35},{"not_picked":["Mayhem","Violence"],"picked":"Dark Shackles","floor":37},{"not_picked":["Escape Plan","Skewer+1","Blade Dance+1"],"picked":"SKIP","floor":39},{"not_picked":["Infinite Blades+1","Bane+1"],"picked":"PiercingWail","floor":44},{"not_picked":["Accuracy","Calculated Gamble","Tactician+1"],"picked":"SKIP","floor":48}],"player_experience":465459,"relics_obtained":[{"floor":7,"key":"Sundial"},{"floor":8,"key":"Juzu Bracelet"},{"floor":9,"key":"Orichalcum"},{"floor":12,"key":"Regal Pillow"},{"floor":19,"key":"Red Mask"},{"floor":26,"key":"Mercury Hourglass"},{"floor":38,"key":"Pocketwatch"},{"floor":43,"key":"Oddly Smooth Stone"},{"floor":44,"key":"Dead Branch"}],"event_choices":[{"damage_healed":0,"gold_gain":0,"player_choice":"Ignored","damage_taken":0,"max_hp_gain":0,"max_hp_loss":0,"event_name":"Golden Idol","floor":3,"gold_loss":0},{"damage_healed":0,"gold_gain":175,"player_choice":"AGREE","damage_taken":0,"max_hp_gain":0,"max_hp_loss":0,"event_name":"Liars Game","floor":10,"gold_loss":0,"cards_obtained":["Doubt"]},{"damage_healed":0,"gold_gain":0,"player_choice":"Fought Bandits","damage_taken":0,"max_hp_gain":0,"max_hp_loss":0,"event_name":"Masked Bandits","floor":19,"gold_loss":0},{"damage_healed":0,"gold_gain":0,"player_choice":"Opened","damage_taken":0,"relics_obtained":["Blue Candle"],"max_hp_gain":0,"max_hp_loss":0,"event_name":"The Mausoleum","floor":24,"gold_loss":0},{"damage_healed":0,"gold_gain":0,"cards_transformed":["Strike_G"],"player_choice":"Transformed","damage_taken":0,"max_hp_gain":0,"max_hp_loss":0,"event_name":"Transmorgrifier","floor":36,"gold_loss":0,"cards_obtained":["Flechettes"]},{"damage_healed":0,"gold_gain":0,"player_choice":"Memory 1","damage_taken":0,"max_hp_gain":0,"max_hp_loss":0,"event_name":"SensoryStone","floor":37,"gold_loss":0},{"damage_healed":0,"gold_gain":0,"player_choice":"Fight","damage_taken":0,"max_hp_gain":0,"max_hp_loss":0,"event_name":"Mysterious Sphere","floor":38,"gold_loss":0},{"damage_healed":0,"gold_gain":222,"player_choice":"Wore Mask","damage_taken":0,"max_hp_gain":0,"max_hp_loss":0,"event_name":"Tomb of Lord Red Mask","floor":41,"gold_loss":0},{"cards_removed":["Blur"],"damage_healed":0,"gold_gain":0,"player_choice":"Removed Skill","damage_taken":0,"max_hp_gain":0,"max_hp_loss":0,"event_name":"Falling","floor":45,"gold_loss":0}],"is_beta":false,"boss_relics":[{"not_picked":["Astrolabe","White Beast Statue"],"picked":"Ectoplasm"},{"not_picked":["Runic Pyramid","Runic Dome"],"picked":"Eternal Feather"}],"items_purged_floors":[],"is_endless":false,"potions_floor_spawned":[1,12,20,22,27,31,33,35,44,48],"ascension_level":14}