{"gold_per_floor":[110,120,135,7,107,133,144,144,168,168,194,41,41,61,61,163,163,173,21,38,38,38,38,65,65,119,34,133,133,146,146],"floor_reached":31,"playtime":1215,"items_purged":[],"score":430,"play_id":"823c147f-ef99-4832-aaef-c6917aea88fa","local_time":"20190208202449","is_ascension_mode":true,"campfire_choices":[{"floor":8,"key":"REST"},{"data":"Glass Knife","floor":10,"key":"SMITH"},{"data":"Envenom","floor":13,"key":"SMITH"},{"data":"Footwork","floor":15,"key":"SMITH"},{"data":"Terror","floor":23,"key":"SMITH"},{"data":"Footwork","floor":25,"key":"SMITH"}],"neow_cost":"NONE","seed_source_timestamp":461056697864845,"circlet_count":0,"master_deck":["AscendersBane","Defend_G","Defend_G","Defend_G","Defend_G","Defend_G","Strike_G","Strike_G","Strike_G","Strike_G","Survivor","Neutralize","Deadly Poison","Glass Knife+1","PiercingWail","Footwork+1","Dagger Spray","Backflip","All Out Attack","Envenom+1","Well Laid Plans","Bouncing Flask","Terror+1","Storm of Steel","Escape Plan","Blur","Skewer","Bane","Backflip","Footwork+1","Dash","Crippling Poison","Writhe","Acrobatics","PiercingWail"],"relics":["Ring of the Snake","NeowsBlessing","Centennial Puzzle","Oddly Smooth Stone","Potion Belt","Orrery","Strawberry","Blood Vial","Tiny Chest","Boot"],"potions_floor_usage":[16,16,24],"damage_taken":[{"damage":0,"enemies":"2 Louse","floor":1,"turns":2},{"damage":0,"enemies":"Cultist","floor":2,"turns":1},{"damage":0,"enemies":"Small Slimes","floor":3,"turns":1},{"damage":28,"enemies":"Lagavulin","floor":6,"turns":10},{"damage":6,"enemies":"2 Fungi Beasts","floor":7,"turns":4},{"damage":10,"enemies":"3 Sentries","floor":11,"turns":6},{"damage":1,"enemies":"Red Slaver","floor":14,"turns":3},{"damage":31,"enemies":"Slime Boss","floor":16,"turns":9},{"damage":24,"enemies":"Chosen","floor":18,"turns":6},{"damage":0,"enemies":"3 Byrds","floor":20,"turns":5},{"damage":20,"enemies":"Gremlin Leader","floor":24,"turns":7},{"damage":13,"enemies":"Shelled Parasite and Fungi","floor":30,"turns":7}],"seed_played":"6082328506375648722","potions_obtained":[{"floor":2,"key":"SteroidPotion"},{"floor":6,"key":"Fire Potion"},{"floor":7,"key":"Strength Potion"},{"floor":18,"key":"Fire Potion"},{"floor":30,"key":"PowerPotion"}],"is_trial":false,"path_per_floor":["M","M","M","$","?","E","M","R","T","R","E","$","R","M","R","B",null,"M","$","M","$","?","R","E","R","T","?","?","?","M","?"],"character_chosen":"THE_SILENT","items_purchased":["Footwork","Dagger Spray","Well Laid Plans","Bouncing Flask","Footwork","Dash"],"campfire_rested":1,"item_purchase_floors":[4,4,12,12,19,19],"current_hp_per_floor":[63,63,63,63,63,35,29,50,50,50,40,40,40,39,39,8,55,31,31,31,31,38,38,18,18,18,18,18,18,7,0],"gold":146,"neow_bonus":"THREE_ENEMY_KILL","is_prod":false,"is_daily":false,"chose_seed":false,"campfire_upgraded":5,"win_rate":0,"timestamp":1549653889,"path_taken":["M","M","M","$","?","E","M","R","T","R","E","$","R","M","R","BOSS","M","$","M","$","?","R","E","R","T","?","?","?","?","?"],"build_version":"2019-01-23","purchased_purges":0,"victory":false,"max_hp_per_floor":[70,70,70,70,70,70,70,70,70,70,70,70,70,70,70,70,70,70,70,70,70,77,77,77,77,77,77,77,77,77,77],"card_choices":[{"not_picked":["Blade Dance","Cloak And Dagger"],"picked":"Deadly Poison","floor":1},{"not_picked":["Crippling Poison","Poisoned Stab"],"picked":"Glass Knife","floor":2},{"not_picked":["Poisoned Stab","Prepared"],"picked":"PiercingWail","floor":3},{"not_picked":["Deflect","Dodge and Roll"],"picked":"Backflip","floor":6},{"not_picked":["Backflip","Quick Slash"],"picked":"All Out Attack","floor":7},{"not_picked":["Sucker Punch","Deflect"],"picked":"Envenom","floor":11},{"not_picked":["Calculated Gamble","Cloak And Dagger"],"picked":"Terror","floor":14},{"not_picked":["Grand Finale","Wraith Form v2"],"picked":"Storm of Steel","floor":16},{"not_picked":["Terror","Crippling Poison"],"picked":"Escape Plan","floor":17},{"not_picked":["Prepared","Terror"],"picked":"Blur","floor":17},{"not_picked":["Flechettes","Flying Knee"],"picked":"Skewer","floor":17},{"not_picked":["Flying Knee","Burst"],"picked":"Bane","floor":17},{"not_picked":["Acrobatics","Flying Knee"],"picked":"Backflip","floor":18},{"not_picked":["Infinite Blades","Predator"],"picked":"Crippling Poison","floor":20},{"not_picked":["Choke","Deflect"],"picked":"Acrobatics","floor":24},{"not_picked":["Choke","Outmaneuver"],"picked":"PiercingWail","floor":30}],"player_experience":596934,"relics_obtained":[{"floor":6,"key":"Centennial Puzzle"},{"floor":9,"key":"Oddly Smooth Stone"},{"floor":11,"key":"Potion Belt"},{"floor":24,"key":"Blood Vial"},{"floor":26,"key":"Tiny Chest"}],"event_choices":[{"damage_healed":0,"gold_gain":100,"player_choice":"Gold","damage_taken":0,"max_hp_gain":0,"max_hp_loss":0,"event_name":"Wheel of Change","floor":5,"gold_loss":0},{"damage_healed":0,"gold_gain":0,"player_choice":"Opened","damage_taken":0,"relics_obtained":["Strawberry"],"max_hp_gain":0,"max_hp_loss":0,"event_name":"The Mausoleum","floor":22,"gold_loss":0,"cards_obtained":["Writhe"]},{"damage_healed":0,"gold_gain":0,"player_choice":"Obtained Relic","damage_taken":0,"relics_obtained":["Boot"],"max_hp_gain":0,"max_hp_loss":0,"event_name":"Addict","floor":27,"gold_loss":85},{"damage_healed":0,"gold_gain":99,"player_choice":"Stole From Cult","damage_taken":0,"max_hp_gain":0,"max_hp_loss":0,"event_name":"Nest","floor":28,"gold_loss":0},{"cards_removed":["Strike_G"],"damage_healed":0,"gold_gain":0,"player_choice":"Offered Basic","damage_taken":0,"max_hp_gain":0,"max_hp_loss":0,"event_name":"Bonfire Elementals","floor":29,"gold_loss":0}],"is_beta":false,"boss_relics":[{"not_picked":["Calling Bell","Astrolabe"],"picked":"Orrery"}],"items_purged_floors":[],"is_endless":false,"potions_floor_spawned":[2,6,7,18,30],"ascension_level":11}