{"gold_per_floor":[215,215,235,32,32,66,66,84,133,165,196,208,220,246,258,270],"floor_reached":16,"playtime":731,"items_purged":["Strike_B"],"score":163,"play_id":"d3e1bdea-23f8-4bf4-b7b7-d5b284e6ff7f","local_time":"20190128041132","is_ascension_mode":true,"campfire_choices":[{"data":"Zap","floor":7,"key":"SMITH"},{"data":"Gash","floor":13,"key":"SMITH"},{"data":"Dualcast","floor":15,"key":"SMITH"}],"neow_cost":"NONE","seed_source_timestamp":1119023724819250,"circlet_count":0,"master_deck":["AscendersBane","Strike_B","Strike_B","Defend_B","Defend_B","Defend_B","Defend_B","Zap+1","Dualcast+1","Coolheaded","Conserve Battery","Self Repair","Gash+1","Sweeping Beam","Cold Snap"],"relics":["Cracked Core","Golden Idol","Smiling Mask","MawBank"],"potions_floor_usage":[6,16,16],"damage_taken":[{"damage":0,"enemies":"2 Louse","floor":1,"turns":3},{"damage":3,"enemies":"Small Slimes","floor":3,"turns":3},{"damage":33,"enemies":"3 Sentries","floor":6,"turns":20},{"damage":2,"enemies":"Jaw Worm","floor":8,"turns":5},{"damage":3,"enemies":"Looter","floor":10,"turns":4},{"damage":9,"enemies":"2 Fungi Beasts","floor":11,"turns":3},{"damage":2,"enemies":"Exordium Wildlife","floor":14,"turns":3},{"damage":27,"enemies":"Hexaghost","floor":16,"turns":13}],"seed_played":"3626599091892466643","potions_obtained":[{"floor":3,"key":"Block Potion"},{"floor":8,"key":"EssenceOfSteel"},{"floor":11,"key":"Fire Potion"}],"is_trial":false,"path_per_floor":["M","?","M","$","?","E","R","M","T","M","M","?","R","M","R","B"],"character_chosen":"DEFECT","items_purchased":["Self Repair","Gash"],"campfire_rested":0,"item_purchase_floors":[4,4],"current_hp_per_floor":[68,50,47,47,47,21,21,26,26,30,21,21,21,26,26,0],"gold":270,"neow_bonus":"HUNDRED_GOLD","is_prod":false,"is_daily":false,"chose_seed":false,"campfire_upgraded":3,"win_rate":0,"timestamp":1548670292,"path_taken":["M","?","M","$","?","E","R","M","T","M","M","?","R","M","R","BOSS"],"build_version":"2019-01-23","purchased_purges":1,"victory":false,"max_hp_per_floor":[75,75,75,75,75,75,75,75,75,75,75,75,75,75,75,75],"card_choices":[{"not_picked":["Redo","Sweeping Beam"],"picked":"Coolheaded","floor":1},{"not_picked":["Double Energy","Sweeping Beam"],"picked":"Conserve Battery","floor":3},{"not_picked":["Leap","Creative AI"],"picked":"Sweeping Beam","floor":6},{"not_picked":["Lockon","Steam Power","Conserve Battery"],"picked":"SKIP","floor":8},{"not_picked":["Sweeping Beam","Storm"],"picked":"Cold Snap","floor":10},{"not_picked":["Steam","Leap","Turbo"],"picked":"SKIP","floor":11},{"not_picked":["Heatsinks","Coolheaded","Force Field"],"picked":"SKIP","floor":14}],"player_experience":908649,"relics_obtained":[{"floor":6,"key":"Smiling Mask"},{"floor":9,"key":"MawBank"}],"event_choices":[{"damage_healed":0,"gold_gain":0,"player_choice":"Take Damage","damage_taken":18,"relics_obtained":["Golden Idol"],"max_hp_gain":0,"max_hp_loss":0,"event_name":"Golden Idol","floor":2,"gold_loss":0},{"damage_healed":0,"gold_gain":0,"player_choice":"Leave","damage_taken":0,"max_hp_gain":0,"max_hp_loss":0,"event_name":"The Cleric","floor":5,"gold_loss":0},{"cards_removed":["Strike_B"],"damage_healed":0,"gold_gain":0,"player_choice":"Forget","damage_taken":0,"max_hp_gain":0,"max_hp_loss":0,"event_name":"Living Wall","floor":12,"gold_loss":0}],"is_beta":false,"boss_relics":[],"items_purged_floors":[4],"is_endless":false,"potions_floor_spawned":[3,8,11],"killed_by":"Hexaghost","ascension_level":12}