{"gold_per_floor":[116,43,43,43,62,62,62,62,62,74,91,165,184,199,199,302,302],"floor_reached":17,"playtime":1558,"items_purged":[],"score":147,"play_id":"0ef88cac-9e82-4a85-815c-1cf9cccc610f","local_time":"20190303183200","is_ascension_mode":false,"campfire_choices":[{"data":"SecondHand","floor":6,"key":"SMITH"},{"data":"DaylightSavings","floor":8,"key":"SMITH"},{"data":"ReapSow","floor":15,"key":"SMITH"}],"neow_cost":"NONE","seed_source_timestamp":12647320994801,"circlet_count":0,"master_deck":["Strike_Br","Strike_Br","Strike_Br","Strike_Br","Defend_Br","Defend_Br","Defend_Br","Defend_Br","SecondHand+1","PatternShift","DaylightSavings+7","FormalWear","TiringSlam","LockedWarPaint","TiringSlam","LockedThread","ReapSow+5","MasterKey"],"relics":["Chronometer","NeowsBlessing","Whetstone?","Letter Opener","Philosopher\u0027s Stone"],"potions_floor_usage":[14,14,16],"damage_taken":[{"damage":0,"enemies":"Jaw Worm","floor":1,"turns":1},{"damage":6,"enemies":"2 Louse","floor":5,"turns":2},{"damage":0,"enemies":"Small Slimes","floor":10,"turns":1},{"damage":1,"enemies":"2 Fungi Beasts","floor":11,"turns":4},{"damage":2,"enemies":"Blue Slaver","floor":13,"turns":3},{"damage":3,"enemies":"Gremlin Gang","floor":14,"turns":5},{"damage":24,"enemies":"Slime Boss","floor":16,"turns":14}],"seed_played":"-8222087234473293094","potions_obtained":[{"floor":5,"key":"SteroidPotion"},{"floor":13,"key":"SkillPotion"},{"floor":14,"key":"Energy Potion"},{"floor":16,"key":"Energy Potion"}],"is_trial":false,"path_per_floor":["?","?","?","?","M"],"character_chosen":"CHRONO_CLASS","items_purchased":["FormalWear"],"campfire_rested":0,"item_purchase_floors":[2],"current_hp_per_floor":[65,65,65,70,64,64,64,64,64,64,63,63,61,58,58,34,70],"gold":302,"neow_bonus":"THREE_ENEMY_KILL","is_prod":false,"is_daily":false,"chose_seed":false,"campfire_upgraded":3,"win_rate":0.0,"timestamp":1551634320,"path_taken":["M","$","?","?","M","R","?","R","T","M","M","?","?","M","R","BOSS"],"build_version":"2019-01-23","purchased_purges":0,"victory":false,"max_hp_per_floor":[65,65,65,70,70,70,70,70,70,70,70,70,70,70,70,70,70],"card_choices":[{"not_picked":["AlternateTimeline","BackFourSeconds"],"picked":"DaylightSavings","floor":1},{"not_picked":["Stagnate","SharpShooter"],"picked":"TiringSlam","floor":5},{"not_picked":["BlueShift","LockedWhetstone"],"picked":"LockedWarPaint","floor":10},{"not_picked":["Parity","BiteCommand"],"picked":"TiringSlam","floor":11},{"not_picked":["HandsUp","Stagnate"],"picked":"LockedThread","floor":13},{"not_picked":["Stagnate","LockedWhetstone"],"picked":"ReapSow","floor":14},{"not_picked":["LockedLightning","LockedAstrolabe"],"picked":"MasterKey","floor":16}],"player_experience":354706,"relics_obtained":[{"floor":9,"key":"Letter Opener"}],"event_choices":[{"damage_healed":0,"gold_gain":0,"player_choice":"Donut","damage_taken":0,"max_hp_gain":5,"max_hp_loss":0,"event_name":"Big Fish","floor":4,"gold_loss":0},{"damage_healed":0,"gold_gain":0,"player_choice":"Ignored","damage_taken":0,"max_hp_gain":0,"max_hp_loss":0,"event_name":"Liars Game","floor":7,"gold_loss":0},{"damage_healed":0,"gold_gain":74,"player_choice":"Gained Gold","damage_taken":0,"max_hp_gain":0,"max_hp_loss":0,"event_name":"Golden Wing","floor":12,"gold_loss":0}],"is_beta":false,"boss_relics":[{"not_picked":["Calling Bell","Eternal Feather"],"picked":"Philosopher\u0027s Stone"}],"items_purged_floors":[],"is_endless":false,"potions_floor_spawned":[5,13,14,16],"ascension_level":0}