{"gold_per_floor":[119,134,134,154,154,185,209,229,229,267,267],"floor_reached":11,"playtime":1241,"items_purged":[],"score":85,"play_id":"1a543853-5f45-4429-a7a5-b80d60a30149","local_time":"20181214233948","is_ascension_mode":false,"campfire_choices":[],"neow_cost":"TEN_PERCENT_HP_LOSS","seed_source_timestamp":193254662132209,"circlet_count":0,"master_deck":["Strike_B","Strike_B","Strike_B","Strike_B","Defend_B","Defend_B","Defend_B","Defend_B","Zap+1","Dualcast","Rebound","Beam Cell","Conserve Battery","Redo"],"relics":["Cracked Core","Dead Branch","Golden Idol","Blood Vial","Darkstone Periapt","Regal Pillow"],"potions_floor_usage":[2,7,10],"damage_taken":[{"damage":1,"enemies":"Cultist","floor":1,"turns":3},{"damage":7,"enemies":"Small Slimes","floor":2,"turns":2},{"damage":6,"enemies":"Jaw Worm","floor":4,"turns":2},{"damage":24,"enemies":"3 Sentries","floor":6,"turns":6},{"damage":6,"enemies":"Large Slime","floor":7,"turns":6},{"damage":13,"enemies":"Red Slaver","floor":8,"turns":3},{"damage":13,"enemies":"Gremlin Nob","floor":10,"turns":4},{"damage":10,"enemies":"Exordium Thugs","floor":11,"turns":3}],"seed_played":"1377016836130593262","potions_obtained":[{"floor":1,"key":"Weak Potion"},{"floor":6,"key":"Regen Potion"},{"floor":7,"key":"LiquidBronze"},{"floor":8,"key":"Weak Potion"}],"is_trial":false,"path_per_floor":["M","M","?","M","?","E","M","M","T","E","M"],"character_chosen":"DEFECT","items_purchased":[],"campfire_rested":0,"item_purchase_floors":[],"current_hp_per_floor":[67,60,43,37,37,13,24,13,13,2,0],"gold":267,"neow_bonus":"ONE_RARE_RELIC","is_prod":false,"is_daily":false,"chose_seed":false,"campfire_upgraded":0,"win_rate":0,"timestamp":1544852388,"path_taken":["M","M","?","M","?","E","?","M","T","E","M"],"build_version":"2018-12-13","purchased_purges":0,"victory":false,"max_hp_per_floor":[68,68,68,68,68,68,68,68,68,68,68],"card_choices":[{"not_picked":["Capacitor","Force Field"],"picked":"Rebound","floor":1},{"not_picked":["Steam","Static Discharge"],"picked":"Beam Cell","floor":2},{"not_picked":["FTL","Sunder"],"picked":"Conserve Battery","floor":4},{"not_picked":["Barrage","Aggregate","Turbo"],"picked":"SKIP","floor":6},{"not_picked":["Rebound","Darkness","Double Energy"],"picked":"SKIP","floor":7},{"not_picked":["Static Discharge","Rebound"],"picked":"Redo","floor":8},{"not_picked":["Steam","Biased Cognition","Sweeping Beam"],"picked":"SKIP","floor":10}],"player_experience":162811,"relics_obtained":[{"floor":6,"key":"Blood Vial"},{"floor":9,"key":"Darkstone Periapt"},{"floor":10,"key":"Regal Pillow"}],"event_choices":[{"damage_healed":0,"gold_gain":0,"player_choice":"Take Damage","damage_taken":17,"relics_obtained":["Golden Idol"],"max_hp_gain":0,"max_hp_loss":0,"event_name":"Golden Idol","floor":3,"gold_loss":0},{"damage_healed":0,"gold_gain":0,"player_choice":"Forge","damage_taken":0,"max_hp_gain":0,"max_hp_loss":0,"event_name":"Accursed Blacksmith","floor":5,"gold_loss":0,"cards_upgraded":["Zap"]}],"is_beta":false,"boss_relics":[],"items_purged_floors":[],"is_endless":false,"potions_floor_spawned":[1,6,7,8],"killed_by":"Exordium Thugs","ascension_level":0}