{"gold_per_floor":[110,130,130,144,158,158,158,190,190,190,18,33,62,82,82,186,186,200,213,229,229,246,278,278],"floor_reached":24,"playtime":1352,"items_purged":[],"score":276,"play_id":"da7d14f2-6be0-4018-ae3a-ee14830a7d11","local_time":"20190220201637","is_ascension_mode":true,"campfire_choices":[{"data":"Barricade","floor":6.0,"key":"SMITH"},{"data":"Body Slam","floor":10.0,"key":"SMITH"},{"data":"Evolve","floor":15.0,"key":"SMITH"}],"neow_cost":"CURSE","seed_source_timestamp":0,"circlet_count":0,"master_deck":["Strike_R","Strike_R","Strike_R","Strike_R","Strike_R","Defend_R","Defend_R","Defend_R","Defend_R","Bash","Regret","Wild Strike","Clothesline","Body Slam+1","Barricade+1","Power Through","Evolve+1","Armaments","Uppercut","Power Through","Shrug It Off","Metallicize","Seeing Red","Shockwave","Evolve","Burning Pact"],"special_seed":0,"relics":["Burning Blood","Gambling Chip","Bronze Scales","Paper Frog","Ginger","Fusion Hammer","Bottled Tornado"],"potions_floor_usage":[19,22,23,24],"damage_taken":[{"damage":4.0,"enemies":"Cultist","floor":1.0,"turns":3.0},{"damage":6.0,"enemies":"2 Louse","floor":2.0,"turns":2.0},{"damage":2.0,"enemies":"Small Slimes","floor":4.0,"turns":3.0},{"damage":11.0,"enemies":"Looter","floor":5.0,"turns":4.0},{"damage":7.0,"enemies":"3 Sentries","floor":8.0,"turns":7.0},{"damage":18.0,"enemies":"2 Fungi Beasts","floor":12.0,"turns":4.0},{"damage":19.0,"enemies":"Lagavulin","floor":13.0,"turns":6.0},{"damage":12.0,"enemies":"Blue Slaver","floor":14.0,"turns":4.0},{"damage":31.0,"enemies":"Slime Boss","floor":16.0,"turns":9.0},{"damage":0,"enemies":"Shell Parasite","floor":18,"turns":5},{"damage":20,"enemies":"2 Thieves","floor":19,"turns":5},{"damage":19,"enemies":"Shelled Parasite and Fungi","floor":20,"turns":8},{"damage":12,"enemies":"Centurion and Healer","floor":22,"turns":8},{"damage":51,"enemies":"Slavers","floor":23,"turns":8},{"damage":56,"enemies":"Masked Bandits","floor":24,"turns":3}],"seed_played":"3458659818841954564","potions_obtained":[{"floor":4.0,"key":"SkillPotion"},{"floor":5.0,"key":"Regen Potion"},{"floor":8.0,"key":"SneckoOil"},{"floor":12.0,"key":"PowerPotion"},{"floor":19,"key":"SkillPotion"},{"floor":20,"key":"LiquidBronze"},{"floor":23,"key":"SpeedPotion"}],"is_trial":false,"path_per_floor":["M","M","?","M","M","R","?","E","T","R","$","M","E","M","R","B",null,"M","M","M","?","M","E","?"],"character_chosen":"IRONCLAD","items_purchased":["Evolve","Armaments","Uppercut"],"campfire_rested":0,"item_purchase_floors":[11,11,11],"current_hp_per_floor":[80,80,80,80,75,75,80,79,79,79,79,67,54,48,48,23,85,85,71,58,85,79,49,0],"gold":278,"neow_bonus":"ONE_RARE_RELIC","is_prod":false,"is_daily":false,"chose_seed":false,"campfire_upgraded":3,"win_rate":0,"timestamp":1550690197,"path_taken":["M","M","?","M","M","R","?","E","T","R","$","M","E","M","R","BOSS","M","M","M","?","M","E","?"],"build_version":"2019-01-23","purchased_purges":0,"victory":false,"max_hp_per_floor":[80,80,80,80,80,80,85,85,85,85,85,85,85,85,85,85,85,85,85,85,85,85,85,85],"card_choices":[{"not_picked":["Perfected Strike","Bloodletting"],"picked":"Wild Strike","floor":1.0},{"not_picked":["Wild Strike","Infernal Blade"],"picked":"Clothesline","floor":2.0},{"not_picked":["Flex","Warcry"],"picked":"Body Slam","floor":4.0},{"not_picked":["Blood for Blood","Pommel Strike"],"picked":"Barricade","floor":5.0},{"not_picked":["Thunderclap","Anger"],"picked":"Power Through","floor":8.0},{"not_picked":["Bloodletting","Heavy Blade"],"picked":"Power Through","floor":12.0},{"not_picked":["Armaments","Infernal Blade"],"picked":"Shrug It Off","floor":13.0},{"not_picked":["Flex","Shrug It Off"],"picked":"Metallicize","floor":14.0},{"not_picked":["Headbutt+1","Clash"],"picked":"Seeing Red","floor":18},{"not_picked":["Clothesline+1","Perfected Strike"],"picked":"Shockwave","floor":19},{"not_picked":["Pummel","Cleave+1","Havoc"],"picked":"SKIP","floor":20},{"not_picked":["Shrug It Off","Twin Strike"],"picked":"Evolve","floor":22},{"not_picked":["Sword Boomerang","Uppercut+1"],"picked":"Burning Pact","floor":23}],"player_experience":696006,"relics_obtained":[{"floor":8.0,"key":"Bronze Scales"},{"floor":9.0,"key":"Paper Frog"},{"floor":13.0,"key":"Ginger"},{"floor":23,"key":"Bottled Tornado"}],"event_choices":[{"damage_healed":0.0,"max_hp_gain":0.0,"max_hp_loss":0.0,"gold_gain":0.0,"event_name":"Liars Game","player_choice":"Ignored","floor":3.0,"gold_loss":0.0,"damage_taken":0.0},{"damage_healed":0.0,"max_hp_gain":5.0,"max_hp_loss":0.0,"gold_gain":0.0,"event_name":"Big Fish","player_choice":"Donut","floor":7.0,"gold_loss":0.0,"damage_taken":0.0},{"damage_healed":28,"gold_gain":0,"player_choice":"Heal","damage_taken":0,"max_hp_gain":0,"max_hp_loss":0,"event_name":"The Library","floor":21,"gold_loss":0},{"damage_healed":0,"gold_gain":0,"player_choice":"Fought Bandits","damage_taken":0,"max_hp_gain":0,"max_hp_loss":0,"event_name":"Masked Bandits","floor":24,"gold_loss":0}],"is_beta":false,"boss_relics":[{"not_picked":["Eternal Feather","Runic Cube"],"picked":"Fusion Hammer"}],"items_purged_floors":[],"is_endless":false,"potions_floor_spawned":[4,5,8,12,19,20,23],"killed_by":"Masked Bandits","ascension_level":4}