{"gold_per_floor":[19,19,33,33,45,79,97,97,120,155,174,200,212,226,226,330,330,341,354,453,453,453,453],"floor_reached":23,"playtime":1812,"items_purged":[],"score":266,"play_id":"4e203468-78e1-4a3c-8503-f7c2dc2fad60","local_time":"20190105200938","is_ascension_mode":true,"campfire_choices":[{"data":"Defragment","floor":15,"key":"SMITH"}],"neow_cost":"NO_GOLD","seed_source_timestamp":1206854003301018,"circlet_count":0,"master_deck":["Strike_B","Strike_B","Defend_B","Defend_B","Defend_B","Defend_B","Zap","Dualcast","Go for the Eyes","Heatsinks","White Noise","Defragment+1","Core Surge+1","Rebound+1","Cold Snap","Genetic Algorithm+1","Coolheaded","Cold Snap","Machine Learning","Ball Lightning"],"special_seed":0,"relics":["Cracked Core","Emotion Chip","Boot","Art of War","Whetstone","Strawberry","Sozu"],"potions_floor_usage":[14,14],"damage_taken":[{"damage":1.0,"enemies":"Small Slimes","floor":1.0,"turns":3.0},{"damage":0.0,"enemies":"Cultist","floor":3.0,"turns":4.0},{"damage":2.0,"enemies":"Jaw Worm","floor":5.0,"turns":3.0},{"damage":27.0,"enemies":"Lagavulin","floor":6.0,"turns":7.0},{"damage":0.0,"enemies":"Large Slime","floor":7.0,"turns":3.0},{"damage":14.0,"enemies":"Gremlin Nob","floor":10.0,"turns":5.0},{"damage":10.0,"enemies":"Exordium Wildlife","floor":11.0,"turns":2.0},{"damage":4.0,"enemies":"Lagavulin","floor":12.0,"turns":6.0},{"damage":6,"enemies":"2 Fungi Beasts","floor":13,"turns":3},{"damage":10,"enemies":"Lots of Slimes","floor":14,"turns":3},{"damage":6,"enemies":"Slime Boss","floor":16,"turns":15},{"damage":5,"enemies":"Chosen","floor":18,"turns":5},{"damage":7,"enemies":"Shell Parasite","floor":19,"turns":4},{"damage":13,"enemies":"Colosseum Slavers","floor":21,"turns":4},{"damage":59,"enemies":"Gremlin Leader","floor":23,"turns":8}],"seed_played":"6170495493642576228","potions_obtained":[{"floor":1.0,"key":"Block Potion"},{"floor":5.0,"key":"Energy Potion"},{"floor":7.0,"key":"Block Potion"},{"floor":12.0,"key":"PowerPotion"},{"floor":14,"key":"FairyPotion"}],"is_trial":false,"path_per_floor":["M","?","M","?","M","E","M","?","T","E","M","E","M","M","R","B",null,"M","M","?","?","?","E"],"character_chosen":"DEFECT","items_purchased":[],"campfire_rested":0,"item_purchase_floors":[],"current_hp_per_floor":[74,74,74,74,72,45,45,45,45,31,21,24,18,8,8,2,62,57,50,50,37,37,0],"gold":453,"neow_bonus":"ONE_RARE_RELIC","is_prod":false,"is_daily":false,"chose_seed":false,"campfire_upgraded":1,"win_rate":0,"timestamp":1546740578,"path_taken":["M","?","?","?","M","E","M","?","T","E","M","E","M","M","R","BOSS","M","M","?","?","?","E"],"build_version":"2019-01-03v4","purchased_purges":0,"victory":false,"max_hp_per_floor":[75,75,75,75,75,75,75,75,75,75,75,82,82,82,82,82,82,82,82,82,82,82,82],"card_choices":[{"not_picked":["Recycle","Undo"],"picked":"Go for the Eyes","floor":1.0},{"not_picked":["Glacier","Coolheaded"],"picked":"White Noise","floor":3.0},{"not_picked":["Recycle","Ball Lightning"],"picked":"Defragment","floor":5.0},{"not_picked":["Double Energy","Hologram"],"picked":"Core Surge","floor":6.0},{"not_picked":["Heatsinks","Darkness"],"picked":"Rebound","floor":7.0},{"not_picked":["Darkness","Compile Driver"],"picked":"Cold Snap","floor":10.0},{"not_picked":["Turbo","Beam Cell","Go for the Eyes"],"picked":"SKIP","floor":11.0},{"not_picked":["Sweeping Beam","Core Surge"],"picked":"Genetic Algorithm","floor":12.0},{"not_picked":["Tempest","Rebound"],"picked":"Coolheaded","floor":13},{"not_picked":["Redo","Rebound"],"picked":"Cold Snap","floor":14},{"not_picked":["Hyperbeam","Creative AI"],"picked":"Machine Learning","floor":16},{"not_picked":["Darkness","Steam"],"picked":"Ball Lightning","floor":18},{"not_picked":["Barrage+1","Beam Cell+1","Creative AI"],"picked":"SKIP","floor":19}],"player_experience":483176,"relics_obtained":[{"floor":6.0,"key":"Boot"},{"floor":9.0,"key":"Art of War"},{"floor":10.0,"key":"Whetstone"},{"floor":12.0,"key":"Strawberry"}],"event_choices":[{"damage_healed":0.0,"max_hp_gain":0.0,"max_hp_loss":0.0,"gold_gain":0.0,"cards_transformed":["Strike_B"],"event_name":"Transmorgrifier","player_choice":"Transformed","floor":2.0,"gold_loss":0.0,"damage_taken":0.0,"cards_obtained":["Heatsinks"]},{"damage_healed":0.0,"max_hp_gain":0.0,"max_hp_loss":0.0,"gold_gain":0.0,"event_name":"The Cleric","player_choice":"Leave","floor":4.0,"gold_loss":0.0,"damage_taken":0.0},{"cards_removed":["Strike_B"],"damage_healed":0.0,"max_hp_gain":0.0,"max_hp_loss":0.0,"gold_gain":0.0,"event_name":"Living Wall","player_choice":"Forget","floor":8.0,"gold_loss":0.0,"damage_taken":0.0},{"damage_healed":0,"gold_gain":99,"player_choice":"Stole From Cult","damage_taken":0,"max_hp_gain":0,"max_hp_loss":0,"event_name":"Nest","floor":20,"gold_loss":0},{"damage_healed":0,"gold_gain":0,"player_choice":"Fight","damage_taken":0,"max_hp_gain":0,"max_hp_loss":0,"event_name":"Colosseum","floor":21,"gold_loss":0},{"damage_healed":0,"gold_gain":0,"player_choice":"Fled From Nobs","damage_taken":0,"max_hp_gain":0,"max_hp_loss":0,"event_name":"Colosseum","floor":21,"gold_loss":0},{"damage_healed":0,"gold_gain":0,"player_choice":"Upgraded","damage_taken":0,"max_hp_gain":0,"max_hp_loss":0,"event_name":"Upgrade Shrine","floor":22,"gold_loss":0,"cards_upgraded":["Genetic Algorithm"]}],"is_beta":false,"boss_relics":[{"not_picked":["Cursed Key","Inserter"],"picked":"Sozu"}],"items_purged_floors":[],"is_endless":false,"potions_floor_spawned":[1,5,7,12,14,18],"killed_by":"Gremlin Leader","ascension_level":5}