{"path_per_floor":["M","?","M","?","M","M","R","E","T","R","E","R","M","E","R","B",null,"M","?","T","?","$","R","M","E","T","$","E","M","M","M","R"],"character_chosen":"IRONCLAD","items_purchased":["Heavy Blade","Flex","Finesse","Membership Card","Armaments"],"gold_per_floor":[118,68,78,78,94,109,109,142,197,197,230,230,244,269,269,372,372,392,392,419,419,255,255,272,305,305,89,114,124,137,151,151,151],"floor_reached":33,"campfire_rested":3,"playtime":6066,"current_hp_per_floor":[75,75,79,63,62,58,58,52,52,76,63,63,69,52,76,54,80,80,80,80,80,80,80,75,73,73,73,30,36,21,16,40,21],"items_purged":[],"gold":151,"score":320,"play_id":"ec0e2f8c-5a30-47fa-a948-f4adb61e5d5f","local_time":"20180430034255","is_prod":false,"is_daily":false,"chose_seed":false,"is_ascension_mode":true,"campfire_upgraded":3,"timestamp":1525074175,"path_taken":["M","?","M","?","M","M","R","E","T","R","E","R","M","E","R","BOSS","M","?","?","?","$","R","M","E","T","$","E","M","M","M","R","BOSS"],"build_version":"2018-04-28v2","seed_source_timestamp":0,"purchased_purges":2,"victory":false,"master_deck":["Strike_R","Strike_R","Strike_R+1","Strike_R+1","Strike_R","Defend_R","Defend_R+1","Defend_R","Defend_R","Twin Strike+1","Pommel Strike","Twin Strike+1","Disarm","Wild Strike+1","Iron Wave","Metallicize","Shockwave+1","Fiend Fire","Shrug It Off+1","Flex","Heavy Blade","Flex","Finesse","Flame Barrier","Warcry","Armaments","Disarm","Twin Strike","True Grit+1","Reaper"],"max_hp_per_floor":[80,80,80,80,80,80,80,80,80,80,80,80,80,80,80,80,80,80,80,80,80,80,80,80,80,80,80,80,80,80,80,80,80],"relics":["Burning Blood","Oddly Smooth Stone","Tiny Chest","Whetstone","Bag of Preparation","Mark of Pain","Art of War","Du-Vu Doll","Question Card","Membership Card","Prayer Wheel"],"card_choices":[{"not_picked":["Warcry","Havoc"],"picked":"Twin Strike","floor":1.0},{"not_picked":["Whirlwind","Blood for Blood"],"picked":"Pommel Strike","floor":3.0},{"not_picked":["Pommel Strike","Uppercut"],"picked":"Twin Strike","floor":5.0},{"not_picked":["Body Slam","Headbutt"],"picked":"Disarm","floor":6.0},{"not_picked":["Reckless Charge","Iron Wave"],"picked":"Wild Strike","floor":8.0},{"not_picked":["Entrench","Headbutt"],"picked":"Iron Wave","floor":11.0},{"not_picked":["Thunderclap","Wild Strike"],"picked":"Metallicize","floor":13.0},{"not_picked":["Blood for Blood","Second Wind"],"picked":"Shockwave","floor":14.0},{"not_picked":["Dark Embrace","Impervious"],"picked":"Fiend Fire","floor":16.0},{"not_picked":["Dropkick","Hemokinesis"],"picked":"Shrug It Off","floor":18.0},{"not_picked":["Wild Strike","Armaments"],"picked":"Flame Barrier","floor":24.0},{"not_picked":["Iron Wave","Whirlwind"],"picked":"Warcry","floor":25.0},{"not_picked":["Fiend Fire","Cleave","Sentinel"],"picked":"Disarm","floor":28.0},{"not_picked":["Headbutt","Thunderclap","Pommel Strike"],"picked":"Twin Strike","floor":29.0},{"not_picked":["Sever Soul","Thunderclap","Hemokinesis"],"picked":"True Grit","floor":30},{"not_picked":["Sever Soul","Shrug It Off","Pommel Strike"],"picked":"Reaper","floor":31}],"player_experience":303900,"potions_floor_usage":[31],"damage_taken":[{"damage":11.0,"enemies":"Jaw Worm","floor":1.0,"turns":2.0},{"damage":2.0,"enemies":"Small Slimes","floor":3.0,"turns":4.0},{"damage":7.0,"enemies":"2 Louse","floor":5.0,"turns":2.0},{"damage":10.0,"enemies":"Exordium Wildlife","floor":6.0,"turns":4.0},{"damage":12.0,"enemies":"3 Sentries","floor":8.0,"turns":9.0},{"damage":19.0,"enemies":"Gremlin Nob","floor":11.0,"turns":4.0},{"damage":0.0,"enemies":"Large Slime","floor":13.0,"turns":4.0},{"damage":23.0,"enemies":"Lagavulin","floor":14.0,"turns":5.0},{"damage":28.0,"enemies":"Slime Boss","floor":16.0,"turns":11.0},{"damage":0.0,"enemies":"Chosen","floor":18.0,"turns":3.0},{"damage":11.0,"enemies":"3 Cultists","floor":24.0,"turns":6.0},{"damage":8.0,"enemies":"Book of Stabbing","floor":25.0,"turns":6.0},{"damage":49.0,"enemies":"Gremlin Leader","floor":28.0,"turns":8.0},{"damage":0.0,"enemies":"Snecko","floor":29.0,"turns":3.0},{"damage":21.0,"enemies":"Sentry and Sphere","floor":30.0,"turns":5.0},{"damage":11,"enemies":"Cultist and Chosen","floor":31,"turns":7},{"damage":37,"enemies":"Automaton","floor":33,"turns":5}],"event_choices":[{"event_name":"The Cleric","player_choice":"Card Removal","floor":2.0,"damage_taken":0.0},{"event_name":"Shining Light","player_choice":"Entered Light","floor":4.0,"damage_taken":0.0},{"event_name":"The Library","player_choice":"Read","floor":19.0,"damage_taken":0.0},{"event_name":"Ghosts","player_choice":"Ignored","floor":21.0,"damage_taken":0.0}],"boss_relics":[],"potions_floor_spawned":[1,5,8,13,16,24,28,29],"seed_played":"3128245176424144378","killed_by":"Automaton","ascension_level":1,"is_trial":false}