{"gold_per_floor":[114,129,141,172,203,215,246,277,289,301,313,363,394,425,437,574,586,617,101,120,139,158,177,177,196,196,271,290,309,328,347,347,472,472,491,510,529,548,548,586,605,624,649,668,113,132,151,170,170,170],"floor_reached":51,"playtime":5043,"items_purged":["Injury","Clash"],"score":826,"play_id":"c6d8b470-4551-4a1f-b8d6-a04ca631865a","local_time":"20181004043231","daily_mods":["Insanity","Binary","Vintage"],"is_ascension_mode":false,"campfire_choices":[{"data":"Fiend Fire","floor":6,"key":"SMITH"},{"data":"Inflame","floor":11,"key":"SMITH"},{"data":"Demon Form","floor":15,"key":"SMITH"},{"data":"Infernal Blade","floor":32,"key":"SMITH"},{"data":"Armaments","floor":49,"key":"SMITH"}],"neow_cost":"","seed_source_timestamp":37705534999562,"circlet_count":0,"master_deck":["Armaments","Shockwave","Demon Form+1","Shockwave","Rupture","Sever Soul","Sword Boomerang","Rupture","Wild Strike","Reaper","Reckless Charge","Rupture","Berserk","Intimidate+1","Sever Soul","Defend_R","Armaments+1","Armaments","Havoc","Flex","Demon Form","Spot Weakness","Disarm+1","Iron Wave","Fiend Fire+1","Shockwave","Burning Pact","Cleave","Combust","Defend_R","Wild Strike","Twin Strike","Dark Embrace","Infernal Blade+1","Heavy Blade","Sever Soul","Second Wind","Sword Boomerang","Dropkick","Inflame+1","Exhume","Brutality","Barricade","Anger","Reaper","Brutality","Anger+1","Reaper+1","Reaper+1","Armaments+1","Berserk+1","Double Tap+1","Cleave+1","Whirlwind+1"],"special_seed":17808,"relics":["Burning Blood","Red Skull","MawBank","Golden Idol","Centennial Puzzle","Bottled Flame","War Paint","Vajra","Bottled Lightning","Juzu Bracelet","PreservedInsect","Thread and Needle","Ornamental Fan","Letter Opener","Sozu","Molten Egg 2","Boot","Question Card","Champion Belt","Anchor","Bronze Scales","Art of War","Shuriken","Smiling Mask","Gremlin Horn","Lantern","Ice Cream","Happy Flower","Ginger","Toxic Egg 2","Astrolabe","Blood Vial","Oddly Smooth Stone","Singing Bowl","Sundial","Dodecahedron","Bottled Tornado","Darkstone Periapt","Potion Belt","Orichalcum","Bag of Preparation","Sling","Tiny Chest","Paper Frog","Omamori","The Courier"],"potions_floor_usage":[16],"damage_taken":[{"damage":1,"enemies":"Small Slimes","floor":1,"turns":3},{"damage":16,"enemies":"Jaw Worm","floor":2,"turns":5},{"damage":6,"enemies":"2 Louse","floor":4,"turns":4},{"damage":7,"enemies":"Exordium Thugs","floor":5,"turns":2},{"damage":11,"enemies":"3 Louse","floor":7,"turns":2},{"damage":8,"enemies":"Exordium Wildlife","floor":8,"turns":4},{"damage":16,"enemies":"Lagavulin","floor":12,"turns":4},{"damage":11,"enemies":"Gremlin Gang","floor":13,"turns":4},{"damage":3,"enemies":"3 Louse","floor":14,"turns":4},{"damage":24,"enemies":"The Guardian","floor":16,"turns":11},{"damage":4,"enemies":"Chosen","floor":18,"turns":4},{"damage":6,"enemies":"2 Thieves","floor":20,"turns":3},{"damage":7,"enemies":"Shelled Parasite and Fungi","floor":21,"turns":4},{"damage":9,"enemies":"Centurion and Healer","floor":22,"turns":4},{"damage":25,"enemies":"Sentry and Sphere","floor":23,"turns":4},{"damage":5,"enemies":"3 Cultists","floor":25,"turns":4},{"damage":2,"enemies":"Centurion and Healer","floor":28,"turns":3},{"damage":2,"enemies":"Snake Plant","floor":29,"turns":3},{"damage":5,"enemies":"3 Cultists","floor":30,"turns":4},{"damage":11,"enemies":"Snecko","floor":31,"turns":4},{"damage":26,"enemies":"Collector","floor":33,"turns":6},{"damage":0,"enemies":"3 Darklings","floor":35,"turns":2},{"damage":13,"enemies":"3 Shapes","floor":36,"turns":2},{"damage":8,"enemies":"Maw","floor":37,"turns":6},{"damage":7,"enemies":"3 Darklings","floor":38,"turns":4},{"damage":4,"enemies":"2 Orb Walkers","floor":40,"turns":4},{"damage":7,"enemies":"4 Shapes","floor":41,"turns":3},{"damage":16,"enemies":"Transient","floor":42,"turns":5},{"damage":4,"enemies":"Reptomancer","floor":44,"turns":3},{"damage":30,"enemies":"Spire Growth","floor":46,"turns":4},{"damage":8,"enemies":"3 Darklings","floor":47,"turns":3},{"damage":0,"enemies":"Transient","floor":48,"turns":5},{"damage":21,"enemies":"Donu and Deca","floor":50,"turns":5}],"seed_played":"5617242841730132906","potions_obtained":[{"floor":4,"key":"AttackPotion"},{"floor":5,"key":"FearPotion"},{"floor":8,"key":"PowerPotion"},{"floor":12,"key":"Regen Potion"}],"is_trial":false,"path_per_floor":["M","M","?","M","M","R","M","M","T","?","R","E","M","M","R","B",null,"M","$","M","M","M","M","?","M","T","T","M","M","M","M","R","B",null,"M","M","M","M","?","E","M","M","T","M","$","M","M","M","R","B"],"character_chosen":"IRONCLAD","items_purchased":["Boot","Anger+1","Question Card","Bag of Preparation","Whirlwind+1","Sling","Tiny Chest"],"campfire_rested":0,"item_purchase_floors":[19,19,19,45,45,45,45],"current_hp_per_floor":[80,70,70,80,79,79,74,78,78,78,78,68,63,74,74,79,80,80,80,80,79,76,57,57,80,80,80,80,80,80,75,75,80,80,80,79,80,79,79,80,80,70,70,80,80,80,80,80,80,80],"gold":170,"neow_bonus":"","is_prod":false,"is_daily":true,"chose_seed":false,"campfire_upgraded":5,"win_rate":0,"timestamp":1538620351,"path_taken":["M","M","?","M","M","R","M","M","T","?","R","E","M","M","R","BOSS","M","$","M","M","M","M","?","M","T","?","M","M","M","M","R","BOSS","M","M","M","M","?","E","M","M","T","M","$","M","M","M","R","BOSS"],"build_version":"2018-09-20","purchased_purges":2,"victory":true,"max_hp_per_floor":[80,80,80,80,80,80,80,80,80,80,80,80,80,80,80,80,80,80,80,80,80,80,80,80,80,80,80,80,80,80,80,80,80,80,80,80,80,80,80,80,80,80,80,80,80,80,80,80,80,80],"card_choices":[{"not_picked":["Feed","Armaments"],"picked":"SKIP","floor":12},{"not_picked":["Dark Embrace","Double Tap"],"picked":"Reaper+1","floor":33},{"not_picked":["Second Wind+1","Double Tap+1"],"picked":"Cleave+1","floor":40}],"player_experience":74594,"relics_obtained":[{"floor":1,"key":"Red Skull"},{"floor":2,"key":"MawBank"},{"floor":4,"key":"Centennial Puzzle"},{"floor":5,"key":"Bottled Flame"},{"floor":7,"key":"War Paint"},{"floor":8,"key":"Vajra"},{"floor":9,"key":"Bottled Lightning"},{"floor":12,"key":"PreservedInsect"},{"floor":13,"key":"Thread and Needle"},{"floor":14,"key":"Ornamental Fan"},{"floor":16,"key":"Letter Opener"},{"floor":18,"key":"Molten Egg 2"},{"floor":20,"key":"Champion Belt"},{"floor":21,"key":"Anchor"},{"floor":22,"key":"Bronze Scales"},{"floor":23,"key":"Art of War"},{"floor":25,"key":"Shuriken"},{"floor":26,"key":"Smiling Mask"},{"floor":27,"key":"Gremlin Horn"},{"floor":28,"key":"Lantern"},{"floor":29,"key":"Ice Cream"},{"floor":30,"key":"Happy Flower"},{"floor":31,"key":"Ginger"},{"floor":33,"key":"Toxic Egg 2"},{"floor":35,"key":"Blood Vial"},{"floor":36,"key":"Oddly Smooth Stone"},{"floor":37,"key":"Singing Bowl"},{"floor":38,"key":"Sundial"},{"floor":40,"key":"Dodecahedron"},{"floor":41,"key":"Bottled Tornado"},{"floor":42,"key":"Darkstone Periapt"},{"floor":43,"key":"Potion Belt"},{"floor":44,"key":"Orichalcum"},{"floor":46,"key":"Paper Frog"},{"floor":47,"key":"Omamori"},{"floor":48,"key":"The Courier"}],"event_choices":[{"event_name":"Golden Idol","player_choice":"Take Wound","floor":3,"damage_taken":0},{"event_name":"Dead Adventurer","player_choice":"Searched \u00272\u0027 times","floor":10,"damage_taken":0},{"event_name":"Duplicator","player_choice":"One dupe","floor":24,"damage_taken":0},{"event_name":"The Moai Head","player_choice":"Ignored","floor":39,"damage_taken":0}],"is_beta":false,"boss_relics":[{"not_picked":["Calling Bell","Philosopher\u0027s Stone"],"picked":"Sozu"},{"not_picked":["Eternal Feather","Runic Pyramid"],"picked":"Astrolabe"}],"items_purged_floors":[19,45],"is_endless":false,"potions_floor_spawned":[4,5,8,12,20,22,23,25,29,30,37,40,44,46,48],"ascension_level":0}