{"gold_per_floor":[115,115,115,130,146,21,21,56,56,70,70,89,124,26,26,129,129],"floor_reached":17,"playtime":4464,"items_purged":[],"score":165,"play_id":"5ba77ff1-5fd4-436b-a654-c9b8d448d074","local_time":"20190224190010","is_ascension_mode":false,"campfire_choices":[{"data":"Dualcast","floor":7,"key":"SMITH"},{"data":"Fission","floor":15,"key":"SMITH"}],"neow_cost":"NONE","seed_source_timestamp":3839345023880,"circlet_count":0,"master_deck":["Strike_B","Strike_B","Strike_B","Strike_B","Defend_B","Defend_B","Defend_B","Defend_B","Zap+1","Dualcast+1","Compile Driver","Ball Lightning","Go for the Eyes","Rebound","Leap","Turbo","Auto Shields","Coolheaded","Fission+1","Compile Driver","Steam","Electrodynamics"],"relics":["Cracked Core","Oddly Smooth Stone","Meat on the Bone","Girya","Bronze Scales","Eternal Feather"],"potions_floor_usage":[8,8,13,13],"damage_taken":[{"damage":0,"enemies":"2 Louse","floor":1,"turns":3},{"damage":5,"enemies":"Jaw Worm","floor":4,"turns":2},{"damage":0,"enemies":"Cultist","floor":5,"turns":3},{"damage":12,"enemies":"3 Sentries","floor":8,"turns":7},{"damage":0,"enemies":"Large Slime","floor":10,"turns":3},{"damage":0,"enemies":"Red Slaver","floor":12,"turns":3},{"damage":10,"enemies":"Lagavulin","floor":13,"turns":5},{"damage":30,"enemies":"Hexaghost","floor":16,"turns":9}],"seed_played":"3837925941503089591","potions_obtained":[{"floor":1,"key":"FearPotion"},{"floor":4,"key":"Poison Potion"},{"floor":8,"key":"FearPotion"}],"is_trial":false,"path_per_floor":["M","?","T","M","M","$","R","E","T","M","?","M","E","$","R","B",null],"character_chosen":"DEFECT","items_purchased":["Rebound","Leap","Poison Potion","Compile Driver","Steam"],"campfire_rested":0,"item_purchase_floors":[6,6,6,14,14],"current_hp_per_floor":[75,75,75,70,70,70,70,58,58,58,75,75,65,65,65,47,75],"gold":129,"neow_bonus":"RANDOM_COMMON_RELIC","is_prod":false,"is_daily":false,"chose_seed":false,"campfire_upgraded":2,"win_rate":0,"timestamp":1551031210,"path_taken":["M","?","?","M","M","?","R","E","T","M","?","M","E","?","R","BOSS"],"build_version":"2019-01-23","purchased_purges":0,"victory":false,"max_hp_per_floor":[75,75,75,75,75,75,75,75,75,75,75,75,75,75,75,75,75],"card_choices":[{"not_picked":["Aggregate","Barrage"],"picked":"Compile Driver","floor":1},{"not_picked":["Darkness","Rip and Tear"],"picked":"Ball Lightning","floor":4},{"not_picked":["Barrage","White Noise"],"picked":"Go for the Eyes","floor":5},{"not_picked":["Undo","Darkness"],"picked":"Turbo","floor":8},{"not_picked":["Streamline","Redo"],"picked":"Auto Shields","floor":10},{"not_picked":["Rip and Tear","Compile Driver"],"picked":"Coolheaded","floor":12},{"not_picked":["Darkness","Barrage"],"picked":"Fission","floor":13},{"not_picked":["Creative AI","Hyperbeam"],"picked":"Electrodynamics","floor":16}],"player_experience":761676,"relics_obtained":[{"floor":3,"key":"Meat on the Bone"},{"floor":8,"key":"Girya"},{"floor":13,"key":"Bronze Scales"}],"event_choices":[{"damage_healed":0,"gold_gain":0,"player_choice":"Grow","damage_taken":0,"max_hp_gain":0,"max_hp_loss":0,"event_name":"Living Wall","floor":2,"gold_loss":0,"cards_upgraded":["Zap"]},{"damage_healed":25,"gold_gain":0,"player_choice":"Banana","damage_taken":0,"max_hp_gain":0,"max_hp_loss":0,"event_name":"Big Fish","floor":11,"gold_loss":0}],"is_beta":false,"boss_relics":[{"not_picked":["Runic Dome","Runic Pyramid"],"picked":"Eternal Feather"}],"items_purged_floors":[],"is_endless":false,"potions_floor_spawned":[1,4,8],"ascension_level":0}