{"gold_per_floor":[219,219,144,158,108,108,138,138,187,214,226,251,263,310,322,433,445,467,496,508,538,381,381,412,412,412,429,354,36,51,66,66,164,164,181,181,200,200],"floor_reached":38,"playtime":2748,"items_purged":["Strike_B"],"score":644,"play_id":"886d097c-cad0-4cfd-a7c9-c9519ceb4932","local_time":"20190302165903","is_ascension_mode":true,"campfire_choices":[{"data":"Zap","floor":6,"key":"SMITH"},{"floor":11,"key":"REST"},{"floor":13,"key":"REST"},{"data":"Go for the Eyes","floor":15,"key":"SMITH"},{"floor":23,"key":"REST"},{"data":"Electrodynamics","floor":25,"key":"SMITH"},{"floor":32,"key":"REST"}],"neow_cost":"NONE","seed_source_timestamp":4930132655570,"circlet_count":0,"master_deck":["AscendersBane","Strike_B","Defend_B","Defend_B","Defend_B","Defend_B","Zap+1","Dualcast","Defragment+1","Glacier","Glacier","Streamline","Go for the Eyes+1","Electrodynamics+1","Fusion","Blizzard","Static Discharge","Ball Lightning","Leap","Reinforced Body+1","Loop","Loop+1","Leap","Biased Cognition","Conserve Battery","Cold Snap+1","Loop","Conserve Battery","Go for the Eyes"],"relics":["Cracked Core","Darkstone Periapt","MawBank","Shuriken","Black Star","Ornamental Fan","Question Card","Letter Opener","Lee\u0027s Waffle","Orrery"],"potions_floor_usage":[14,16,21,27,33,33,38],"damage_taken":[{"damage":1,"enemies":"Cultist","floor":1,"turns":3},{"damage":4,"enemies":"2 Louse","floor":4,"turns":2},{"damage":49,"enemies":"Gremlin Nob","floor":7,"turns":7},{"damage":0,"enemies":"Jaw Worm","floor":10,"turns":4},{"damage":0,"enemies":"Large Slime","floor":12,"turns":4},{"damage":5,"enemies":"3 Sentries","floor":14,"turns":11},{"damage":21,"enemies":"Slime Boss","floor":16,"turns":19},{"damage":12,"enemies":"Chosen","floor":18,"turns":7},{"damage":0,"enemies":"Shell Parasite","floor":19,"turns":10},{"damage":10,"enemies":"Snake Plant","floor":21,"turns":6},{"damage":32,"enemies":"Book of Stabbing","floor":24,"turns":8},{"damage":22,"enemies":"Cultist and Chosen","floor":27,"turns":5},{"damage":20,"enemies":"Chosen and Byrds","floor":30,"turns":5},{"damage":18,"enemies":"Sentry and Sphere","floor":31,"turns":4},{"damage":16,"enemies":"Champ","floor":33,"turns":41},{"damage":4,"enemies":"3 Shapes","floor":35,"turns":4},{"damage":14,"enemies":"Orb Walker","floor":37,"turns":5},{"damage":69,"enemies":"Transient","floor":38,"turns":4}],"seed_played":"4048272851030058984","potions_obtained":[{"floor":1,"key":"Energy Potion"},{"floor":7,"key":"GamblersBrew"},{"floor":18,"key":"Block Potion"},{"floor":19,"key":"SkillPotion"},{"floor":24,"key":"FearPotion"},{"floor":30,"key":"FocusPotion"},{"floor":33,"key":"Block Potion"}],"is_trial":false,"path_per_floor":["?","?","?","?","?","$","M"],"character_chosen":"DEFECT","items_purchased":["Static Discharge","Ball Lightning","Leap","Lee\u0027s Waffle","Loop","PowerPotion"],"campfire_rested":4,"item_purchase_floors":[22,22,22,29,29,29],"current_hp_per_floor":[67,67,67,63,63,63,14,14,14,14,36,36,58,53,53,32,64,52,52,52,42,42,64,32,32,32,10,10,82,62,44,68,52,75,71,71,57,0],"gold":200,"neow_bonus":"HUNDRED_GOLD","is_prod":false,"is_daily":false,"chose_seed":false,"campfire_upgraded":3,"win_rate":0,"timestamp":1551542343,"path_taken":["M","?","$","M","?","R","E","?","T","M","R","M","R","E","R","BOSS","M","M","?","M","$","R","E","R","T","M","?","?","M","?","R","BOSS","M","$","M","M"],"build_version":"2019-01-23","purchased_purges":1,"victory":false,"max_hp_per_floor":[75,75,75,75,75,75,75,75,75,75,75,75,75,75,75,75,75,75,75,75,75,75,75,75,75,75,75,75,82,82,82,82,82,82,82,82,82,82],"card_choices":[{"not_picked":["Scrape","Ball Lightning"],"picked":"Defragment","floor":1},{"not_picked":["Doom and Gloom","Rip and Tear"],"picked":"Glacier","floor":4},{"not_picked":["Reprogram","Rebound"],"picked":"Glacier","floor":7},{"not_picked":["Redo","Beam Cell"],"picked":"Streamline","floor":10},{"not_picked":["Chaos","Leap","Doom and Gloom"],"picked":"SKIP","floor":12},{"not_picked":["Meteor Strike","Skim"],"picked":"Go for the Eyes","floor":14},{"not_picked":["Machine Learning","All For One"],"picked":"Electrodynamics","floor":16},{"not_picked":["Storm","Turbo","Stack"],"picked":"SKIP","floor":18},{"not_picked":["Heatsinks+1","Double Energy"],"picked":"Fusion","floor":19},{"not_picked":["Doom and Gloom+1","Compile Driver","Rip and Tear"],"picked":"SKIP","floor":21},{"not_picked":["Machine Learning","Fusion+1","Streamline"],"picked":"SKIP","floor":24},{"not_picked":["Stack","Chaos","Beam Cell"],"picked":"Reinforced Body+1","floor":27},{"not_picked":["Go for the Eyes","Conserve Battery","Hologram"],"picked":"Loop+1","floor":30},{"not_picked":["Rebound+1","Recycle","Ball Lightning"],"picked":"Leap","floor":31},{"not_picked":["Meteor Strike","Reboot","Creative AI"],"picked":"Biased Cognition","floor":33},{"not_picked":["Reprogram+1","Turbo+1","Barrage"],"picked":"Conserve Battery","floor":34},{"not_picked":["Fusion","Compile Driver","Beam Cell"],"picked":"Cold Snap+1","floor":34},{"not_picked":["Beam Cell","Self Repair","Steam+1"],"picked":"Loop","floor":34},{"not_picked":["Undo","Hello World+1","Streamline"],"picked":"Conserve Battery","floor":34},{"not_picked":["Double Energy","Stack","Compile Driver"],"picked":"Go for the Eyes","floor":34},{"not_picked":["Turbo+1","Redo","Electrodynamics","Chaos+1"],"picked":"SKIP","floor":35},{"not_picked":["Steam Power","Gash+1","Darkness","Ball Lightning"],"picked":"SKIP","floor":37}],"player_experience":343470,"relics_obtained":[{"floor":7,"key":"Darkstone Periapt"},{"floor":9,"key":"MawBank"},{"floor":14,"key":"Shuriken"},{"floor":24,"key":"Ornamental Fan"},{"floor":24,"key":"Question Card"},{"floor":26,"key":"Letter Opener"}],"event_choices":[{"damage_healed":0,"gold_gain":0,"player_choice":"Grow","damage_taken":0,"max_hp_gain":0,"max_hp_loss":0,"event_name":"Living Wall","floor":2,"gold_loss":0,"cards_upgraded":["Defragment"]},{"cards_removed":["Strike_B"],"damage_healed":0,"gold_gain":0,"player_choice":"Card Removal","damage_taken":0,"max_hp_gain":0,"max_hp_loss":0,"event_name":"The Cleric","floor":5,"gold_loss":50},{"damage_healed":0,"gold_gain":0,"player_choice":"Ignored","damage_taken":0,"max_hp_gain":0,"max_hp_loss":0,"event_name":"Liars Game","floor":8,"gold_loss":0},{"damage_healed":0,"gold_gain":0,"player_choice":"Read","damage_taken":0,"max_hp_gain":0,"max_hp_loss":0,"event_name":"The Library","floor":20,"gold_loss":0,"cards_obtained":["Blizzard"]},{"cards_removed":["Strike_B"],"damage_healed":0,"gold_gain":0,"player_choice":"Gave Gold","damage_taken":0,"max_hp_gain":0,"max_hp_loss":0,"event_name":"Beggar","floor":28,"gold_loss":75}],"is_beta":false,"boss_relics":[{"not_picked":["Astrolabe","Coffee Dripper"],"picked":"Black Star"},{"not_picked":["FrozenCore","Pandora\u0027s Box"],"picked":"Orrery"}],"items_purged_floors":[3],"is_endless":false,"potions_floor_spawned":[1,7,18,19,24,30,33],"killed_by":"Transient","ascension_level":10}