{"gold_per_floor":[110,127,46,65,78,78,112,112,112,212,227,227,245,264,264,360,360,360,360,99,99,99,99,99,99,99,99,99],"floor_reached":28,"playtime":6521,"items_purged":["Strike_G"],"score":242,"play_id":"9d4463ad-4486-4129-a95e-231a06d7d3d5","local_time":"20181103193054","is_ascension_mode":false,"campfire_choices":[{"data":"Neutralize","floor":6,"key":"SMITH"},{"data":"Noxious Fumes","floor":8,"key":"SMITH"},{"data":"Outmaneuver","floor":12,"key":"SMITH"},{"data":"Poisoned Stab","floor":15,"key":"SMITH"},{"data":"Distraction","floor":24,"key":"SMITH"}],"neow_cost":"NONE","seed_source_timestamp":1456081422053273,"circlet_count":0,"master_deck":["Defend_G","Defend_G","Defend_G","Defend_G","Defend_G","Strike_G","Strike_G","Strike_G","Strike_G","Survivor","Neutralize+1","Forethought","Endless Agony","Poisoned Stab+1","Noxious Fumes+1","Deflect","Poisoned Stab","Quick Slash","Outmaneuver+1","Backstab","Unload","Bullet Time","Backflip","Secret Weapon","Corpse Explosion","Distraction+1","Noxious Fumes","Outmaneuver"],"relics":["Ring of the Snake","Ginger","StoneCalendar","Ectoplasm","FossilizedHelix","Singing Bowl","Omamori"],"potions_floor_usage":[7,7,16,16],"damage_taken":[{"damage":5,"enemies":"Jaw Worm","floor":1,"turns":5},{"damage":1,"enemies":"Cultist","floor":2,"turns":4},{"damage":0,"enemies":"Small Slimes","floor":4,"turns":3},{"damage":0,"enemies":"3 Louse","floor":5,"turns":5},{"damage":18,"enemies":"Gremlin Nob","floor":7,"turns":4},{"damage":0,"enemies":"2 Fungi Beasts","floor":11,"turns":3},{"damage":1,"enemies":"Looter","floor":13,"turns":3},{"damage":1,"enemies":"Exordium Thugs","floor":14,"turns":4},{"damage":31,"enemies":"The Guardian","floor":16,"turns":10},{"damage":11,"enemies":"Spheric Guardian","floor":18,"turns":4},{"damage":4,"enemies":"Shell Parasite","floor":22,"turns":4},{"damage":22,"enemies":"Slavers","floor":23,"turns":4},{"damage":0,"enemies":"3 Cultists","floor":25,"turns":2},{"damage":17,"enemies":"Centurion and Healer","floor":27,"turns":3},{"damage":7,"enemies":"Snake Plant","floor":28,"turns":2}],"seed_played":"672613813901342382","potions_obtained":[{"floor":1,"key":"SpeedPotion"},{"floor":2,"key":"SmokeBomb"},{"floor":5,"key":"SpeedPotion"},{"floor":13,"key":"Regen Potion"},{"floor":14,"key":"Ancient Potion"},{"floor":25,"key":"Energy Potion"},{"floor":27,"key":"Block Potion"}],"is_trial":false,"path_per_floor":["M","M","$","M","M","R","E","R","T","?","M","R","M","M","R","B",null,"M","?","$","?","M","E","R","M","T","M","M"],"character_chosen":"THE_SILENT","items_purchased":["Noxious Fumes","Secret Weapon"],"campfire_rested":0,"item_purchase_floors":[3,20],"current_hp_per_floor":[65,64,64,64,64,64,46,46,46,46,46,46,45,44,44,28,70,59,59,59,46,42,20,20,20,20,3,0],"gold":99,"neow_bonus":"RANDOM_COLORLESS","is_prod":false,"is_daily":false,"chose_seed":false,"campfire_upgraded":5,"win_rate":0,"timestamp":1541269854,"path_taken":["M","M","$","M","M","R","E","R","T","?","M","R","?","M","R","BOSS","M","?","$","?","M","E","R","M","T","M","M"],"build_version":"2018-11-01","purchased_purges":1,"victory":false,"max_hp_per_floor":[70,70,70,70,70,70,70,70,70,70,70,70,70,70,70,70,70,70,70,70,75,75,75,75,75,75,75,75],"card_choices":[{"not_picked":["All Out Attack","Blade Dance"],"picked":"Endless Agony","floor":1},{"not_picked":["PiercingWail","Blade Dance"],"picked":"Poisoned Stab","floor":2},{"not_picked":["Quick Slash","Tactician"],"picked":"Deflect","floor":4},{"not_picked":["Calculated Gamble","Dodge and Roll"],"picked":"Poisoned Stab","floor":5},{"not_picked":["Infinite Blades","Backstab"],"picked":"Quick Slash","floor":7},{"not_picked":["Deflect","Sucker Punch"],"picked":"Outmaneuver","floor":11},{"not_picked":["Riddle With Holes","Endless Agony"],"picked":"Backstab","floor":13},{"not_picked":["Well Laid Plans","Cloak And Dagger"],"picked":"Unload","floor":14},{"not_picked":["Storm of Steel","Burst"],"picked":"Bullet Time","floor":16},{"not_picked":["Sucker Punch","Quick Slash+1"],"picked":"Backflip","floor":18},{"not_picked":["Masterful Stab","Backstab+1"],"picked":"Corpse Explosion","floor":22},{"not_picked":["Sucker Punch","Prepared"],"picked":"Distraction","floor":23},{"not_picked":["Terror","Backflip"],"picked":"Noxious Fumes","floor":25},{"not_picked":["Dagger Throw","Cloak And Dagger"],"picked":"Outmaneuver","floor":27}],"player_experience":258660,"relics_obtained":[{"floor":7,"key":"Ginger"},{"floor":9,"key":"StoneCalendar"},{"floor":23,"key":"Singing Bowl"},{"floor":26,"key":"Omamori"}],"event_choices":[{"damage_healed":0,"gold_gain":100,"player_choice":"Pray","damage_taken":0,"max_hp_gain":0,"max_hp_loss":0,"event_name":"Golden Shrine","floor":10,"gold_loss":0},{"damage_healed":0,"gold_gain":0,"player_choice":"Opened","damage_taken":0,"relics_obtained":["FossilizedHelix"],"max_hp_gain":0,"max_hp_loss":0,"event_name":"The Mausoleum","floor":19,"gold_loss":0},{"damage_healed":0,"gold_gain":0,"player_choice":"Shed Blood","damage_taken":18,"max_hp_gain":5,"max_hp_loss":0,"event_name":"Forgotten Altar","floor":21,"gold_loss":0}],"is_beta":false,"boss_relics":[{"not_picked":["Ring of the Serpent","Runic Pyramid"],"picked":"Ectoplasm"}],"items_purged_floors":[20],"is_endless":false,"potions_floor_spawned":[1,2,5,13,14,25,27],"killed_by":"Snake Plant","ascension_level":0}