{"gold_per_floor":[115,115,65,65,65,95,95,106,106,136,136,58,72,91,91,195,195,160,33,33,49,49,75,75,92,116,142,142,142,142,160,160,262,262,273,68,68,88,88,123,123,73,73,73],"floor_reached":44,"playtime":2426,"items_purged":["Strike_B","Strike_B","Strike_B"],"score":505,"play_id":"1a2e2b22-9411-4d43-b083-a47610dc21a4","local_time":"20190303133029","is_ascension_mode":false,"campfire_choices":[{"data":"Loop","floor":7,"key":"SMITH"},{"data":"Dualcast","floor":11,"key":"SMITH"},{"data":"Leap","floor":15,"key":"SMITH"},{"data":"Static Discharge","floor":24,"key":"SMITH"},{"data":"Blizzard","floor":28,"key":"SMITH"},{"data":"Aggregate","floor":30,"key":"SMITH"},{"data":"Glacier","floor":32,"key":"SMITH"}],"neow_cost":"NONE","seed_source_timestamp":500974870934896,"circlet_count":0,"master_deck":["Defend_B","Defend_B","Defend_B","Defend_B","Zap+1","Dualcast+1","Compile Driver+1","Loop+1","Chill","Leap+1","BootSequence","Cold Snap","Go for the Eyes+1","Amplify","Barrage","Blizzard+1","Cold Snap","Melter","BootSequence","Cold Snap","Static Discharge+1","Flash of Steel","Aggregate+1","Skim+1","Glacier+1","Reboot+1","Conserve Battery"],"relics":["Cracked Core","NeowsBlessing","Orichalcum","Smiling Mask","Vajra","Regal Pillow","Orrery","Bottled Flame","Potion Belt","Whetstone","Inserter","Lantern","Centennial Puzzle","Ancient Tea Set"],"potions_floor_usage":[16,27,33,33,33,33,33,40,40],"damage_taken":[{"damage":0,"enemies":"Cultist","floor":1,"turns":1},{"damage":0,"enemies":"3 Sentries","floor":6,"turns":1},{"damage":0,"enemies":"2 Louse","floor":8,"turns":1},{"damage":13,"enemies":"Lagavulin","floor":10,"turns":7},{"damage":0,"enemies":"Small Slimes","floor":13,"turns":2},{"damage":0,"enemies":"3 Louse","floor":14,"turns":2},{"damage":36,"enemies":"Hexaghost","floor":16,"turns":12},{"damage":14,"enemies":"2 Thieves","floor":18,"turns":5},{"damage":0,"enemies":"Spheric Guardian","floor":21,"turns":3},{"damage":13,"enemies":"Gremlin Leader","floor":23,"turns":7},{"damage":10,"enemies":"Shelled Parasite and Fungi","floor":25,"turns":7},{"damage":1,"enemies":"Book of Stabbing","floor":27,"turns":7},{"damage":0,"enemies":"Snake Plant","floor":31,"turns":6},{"damage":42,"enemies":"Automaton","floor":33,"turns":13},{"damage":3,"enemies":"Orb Walker","floor":35,"turns":4},{"damage":0,"enemies":"3 Shapes","floor":38,"turns":10},{"damage":74,"enemies":"Giant Head","floor":40,"turns":10},{"damage":0,"enemies":"Maw","floor":44,"turns":2}],"seed_played":"9164983080015987585","potions_obtained":[{"floor":6,"key":"Energy Potion"},{"floor":10,"key":"FearPotion"},{"floor":13,"key":"Fire Potion"},{"floor":18,"key":"Ancient Potion"},{"floor":21,"key":"Dexterity Potion"},{"floor":27,"key":"Strength Potion"},{"floor":31,"key":"EntropicBrew"},{"floor":40,"key":"Weak Potion"}],"is_trial":false,"path_per_floor":["M","?","?","?","?","E","R","M","T","E","R","$","M","M","R","B",null,"M","$","?","M","?","E","R","M","T","E","R","?","R","M","R","B",null,"M","$","?","M","?","E","?","$","T","M"],"character_chosen":"DEFECT","items_purchased":["BootSequence","Static Discharge","Lantern"],"campfire_rested":0,"item_purchase_floors":[12,19,36],"current_hp_per_floor":[75,72,72,72,77,77,77,77,77,64,64,64,64,64,64,28,80,66,66,66,66,66,53,53,43,43,42,42,68,68,68,68,26,80,77,77,76,76,76,2,2,2,2,2],"gold":73,"neow_bonus":"THREE_ENEMY_KILL","is_prod":false,"is_daily":false,"chose_seed":false,"campfire_upgraded":7,"win_rate":0.0,"timestamp":1551619829,"path_taken":["M","?","?","?","?","E","R","M","T","E","R","?","?","M","R","BOSS","M","$","?","?","?","E","R","M","T","E","R","?","R","M","R","BOSS","M","$","?","M","?","E","?","$","T","?"],"build_version":"2019-01-23","purchased_purges":3,"victory":false,"max_hp_per_floor":[75,75,75,75,80,80,80,80,80,80,80,80,80,80,80,80,80,80,80,80,80,80,80,80,80,80,80,80,80,80,80,80,80,80,80,80,76,76,76,76,76,76,76,76],"card_choices":[{"not_picked":["Hologram","Rip and Tear"],"picked":"Compile Driver","floor":1},{"not_picked":["Leap","Defragment"],"picked":"Loop","floor":6},{"not_picked":["Sweeping Beam","Coolheaded"],"picked":"Chill","floor":8},{"not_picked":["Double Energy","Aggregate"],"picked":"Leap","floor":10},{"not_picked":["Genetic Algorithm","Gash"],"picked":"Cold Snap","floor":13},{"not_picked":["Gash","Biased Cognition"],"picked":"Go for the Eyes","floor":14},{"not_picked":["Buffer","Thunder Strike"],"picked":"Amplify","floor":16},{"not_picked":["Hologram","Coolheaded"],"picked":"Barrage","floor":17},{"not_picked":["Hologram","Barrage"],"picked":"Blizzard","floor":17},{"not_picked":["Gash","Aggregate"],"picked":"Cold Snap","floor":17},{"not_picked":["Leap","Hologram"],"picked":"Melter","floor":17},{"not_picked":["Steam Power","Lockon"],"picked":"BootSequence","floor":17},{"not_picked":["Doom and Gloom","Gash"],"picked":"Cold Snap","floor":18},{"not_picked":["Static Discharge","Steam Power"],"picked":"Aggregate","floor":21},{"not_picked":["Static Discharge","Compile Driver"],"picked":"Skim+1","floor":23},{"not_picked":["Fission","Barrage"],"picked":"Glacier","floor":25},{"not_picked":["Darkness","Chill","Coolheaded"],"picked":"SKIP","floor":27},{"not_picked":["Stack","Sweeping Beam","Coolheaded"],"picked":"SKIP","floor":31},{"not_picked":["Fission","Electrodynamics"],"picked":"Reboot","floor":33},{"not_picked":["Hologram","Compile Driver"],"picked":"Conserve Battery","floor":35},{"not_picked":["Streamline+1","Static Discharge+1","Coolheaded+1"],"picked":"SKIP","floor":38},{"not_picked":["Chaos+1","Glacier","Lockon"],"picked":"SKIP","floor":40}],"player_experience":49162,"relics_obtained":[{"floor":6,"key":"Smiling Mask"},{"floor":9,"key":"Vajra"},{"floor":10,"key":"Regal Pillow"},{"floor":23,"key":"Bottled Flame"},{"floor":26,"key":"Potion Belt"},{"floor":27,"key":"Whetstone"},{"floor":40,"key":"Centennial Puzzle"},{"floor":43,"key":"Ancient Tea Set"}],"event_choices":[{"damage_healed":0,"gold_gain":0,"player_choice":"Success","damage_taken":3,"relics_obtained":["Orichalcum"],"max_hp_gain":0,"max_hp_loss":0,"event_name":"Scrap Ooze","floor":2,"gold_loss":0},{"cards_removed":["Strike_B"],"damage_healed":0,"gold_gain":0,"player_choice":"Card Removal","damage_taken":0,"max_hp_gain":0,"max_hp_loss":0,"event_name":"The Cleric","floor":3,"gold_loss":50},{"damage_healed":0,"gold_gain":0,"player_choice":"Grow","damage_taken":0,"max_hp_gain":0,"max_hp_loss":0,"event_name":"Living Wall","floor":4,"gold_loss":0,"cards_upgraded":["Zap"]},{"damage_healed":0,"gold_gain":0,"player_choice":"Donut","damage_taken":0,"max_hp_gain":5,"max_hp_loss":0,"event_name":"Big Fish","floor":5,"gold_loss":0},{"damage_healed":0,"gold_gain":0,"player_choice":"1 cards matched","damage_taken":0,"max_hp_gain":0,"max_hp_loss":0,"event_name":"Match and Keep!","floor":20,"gold_loss":0,"cards_obtained":["Flash of Steel"]},{"damage_healed":0,"gold_gain":0,"player_choice":"Ignored","damage_taken":0,"max_hp_gain":0,"max_hp_loss":0,"event_name":"Vampires","floor":22,"gold_loss":0},{"damage_healed":26,"gold_gain":0,"player_choice":"Heal","damage_taken":0,"max_hp_gain":0,"max_hp_loss":0,"event_name":"The Library","floor":29,"gold_loss":0},{"damage_healed":0,"gold_gain":0,"player_choice":"Max HP","damage_taken":0,"max_hp_gain":0,"max_hp_loss":4,"event_name":"Winding Halls","floor":37,"gold_loss":0},{"damage_healed":0,"gold_gain":0,"player_choice":"Ignored","damage_taken":0,"max_hp_gain":0,"max_hp_loss":0,"event_name":"Mysterious Sphere","floor":39,"gold_loss":0},{"damage_healed":0,"gold_gain":0,"player_choice":"Forge","damage_taken":0,"max_hp_gain":0,"max_hp_loss":0,"event_name":"Accursed Blacksmith","floor":41,"gold_loss":0,"cards_upgraded":["Reboot"]}],"is_beta":false,"boss_relics":[{"not_picked":["Busted Crown","Eternal Feather"],"picked":"Orrery"},{"not_picked":["Calling Bell","White Beast Statue"],"picked":"Inserter"}],"items_purged_floors":[19,36,42],"is_endless":false,"potions_floor_spawned":[6,10,13,18,21,27,31,40],"killed_by":"Maw","ascension_level":0}