{"gold_per_floor":[116,48,66,80,80,80,111,111,111,121,121,45,74,49,49,49],"floor_reached":16,"playtime":740,"items_purged":[],"score":108,"play_id":"73511625-eaa3-4d95-b284-ccaa7ebc9a57","local_time":"20181101220551","is_ascension_mode":false,"campfire_choices":[{"data":"Neutralize","floor":6,"key":"SMITH"},{"data":"Leg Sweep","floor":8,"key":"SMITH"},{"data":"Dash","floor":11,"key":"SMITH"},{"floor":15,"key":"REST"}],"neow_cost":"NONE","seed_source_timestamp":1298349994506939,"circlet_count":0,"master_deck":["Defend_G+1","Defend_G","Defend_G","Defend_G","Defend_G","Strike_G","Strike_G","Strike_G","Strike_G","Survivor","Neutralize+1","Caltrops","Dash+1","Tools of the Trade","Leg Sweep+1","Dash","Backflip+1","Footwork","Unload","Sucker Punch"],"relics":["Ring of the Snake","NeowsBlessing","Darkstone Periapt","Blue Candle","War Paint"],"potions_floor_usage":[7,7,7],"damage_taken":[{"damage":0,"enemies":"Cultist","floor":1,"turns":1},{"damage":0,"enemies":"2 Louse","floor":3,"turns":1},{"damage":0,"enemies":"Jaw Worm","floor":4,"turns":1},{"damage":5,"enemies":"3 Sentries","floor":7,"turns":11},{"damage":5,"enemies":"Lots of Slimes","floor":10,"turns":7},{"damage":35,"enemies":"Gremlin Nob","floor":13,"turns":7},{"damage":45,"enemies":"Slime Boss","floor":16,"turns":16}],"seed_played":"6518023414370722430","potions_obtained":[{"floor":1,"key":"PowerPotion"},{"floor":3,"key":"Block Potion"},{"floor":4,"key":"Block Potion"},{"floor":13,"key":"Energy Potion"}],"is_trial":false,"path_per_floor":["M","$","M","M","?","R","E","R","T","M","R","$","E","$","R"],"character_chosen":"THE_SILENT","items_purchased":["Dash","Footwork","Sucker Punch"],"campfire_rested":1,"item_purchase_floors":[2,12,14],"current_hp_per_floor":[70,70,70,70,63,63,58,58,58,53,53,53,18,18,39,0],"gold":49,"neow_bonus":"THREE_ENEMY_KILL","is_prod":false,"is_daily":false,"chose_seed":false,"campfire_upgraded":3,"win_rate":0,"timestamp":1541106351,"path_taken":["M","$","?","M","?","R","E","R","T","M","R","$","E","?","R","BOSS"],"build_version":"2018-10-25v2","purchased_purges":0,"victory":false,"max_hp_per_floor":[70,70,70,70,70,70,70,70,70,70,70,70,70,70,70,70],"card_choices":[{"not_picked":["Prepared","Blade Dance"],"picked":"Caltrops","floor":1},{"not_picked":["Dagger Throw","Bane"],"picked":"Tools of the Trade","floor":3},{"not_picked":["Bane","Underhanded Strike"],"picked":"Leg Sweep","floor":4},{"not_picked":["Slice","Storm of Steel"],"picked":"Dash","floor":7},{"not_picked":["Blade Dance","Poisoned Stab"],"picked":"Backflip","floor":10},{"not_picked":["Distraction","Terror"],"picked":"Unload","floor":13}],"player_experience":249029,"relics_obtained":[{"floor":7,"key":"Darkstone Periapt"},{"floor":9,"key":"Blue Candle"},{"floor":13,"key":"War Paint"}],"event_choices":[{"cards_removed":["Strike_G"],"damage_healed":0,"gold_gain":0,"player_choice":"Card Removal","damage_taken":7,"max_hp_gain":0,"max_hp_loss":0,"event_name":"Golden Wing","floor":5,"gold_loss":0}],"is_beta":false,"boss_relics":[],"items_purged_floors":[],"is_endless":false,"potions_floor_spawned":[1,3,4,13],"killed_by":"Slime Boss","ascension_level":0}