{"gold_per_floor":[114,130,130,150,1,1,36,36,36,2,14,34,34,57,57,152,152,170,25,25,25,44,44,56,56,109,122,122,147,147,165,165,268,268,284,118,136,136,236,271,290,290,365,365,392,412,412,460,460,460],"floor_reached":51,"playtime":3438,"items_purged":["Strike_G","Well Laid Plans","Strike_G"],"score":798,"play_id":"503d1560-c0f4-4cc3-af26-31c136f325f7","local_time":"20181114213647","is_ascension_mode":false,"campfire_choices":[{"data":"Neutralize","floor":6,"key":"SMITH"},{"data":"Footwork","floor":8,"key":"SMITH"},{"floor":15,"key":"REST"},{"data":"Noxious Fumes","floor":23,"key":"SMITH"},{"data":"Survivor","floor":25,"key":"SMITH"},{"data":"Deflect","floor":28,"key":"SMITH"},{"data":"Outmaneuver","floor":30,"key":"SMITH"},{"data":"Tools of the Trade","floor":32,"key":"SMITH"},{"floor":47,"key":"REST"},{"floor":49,"key":"DIG"}],"neow_cost":"NONE","seed_source_timestamp":2169484204395,"circlet_count":0,"master_deck":["Defend_G","Defend_G","Defend_G+1","Defend_G+1","Defend_G","Strike_G","Strike_G","Survivor+1","Neutralize+1","Backstab","Deflect+1","Deep Breath","Footwork+1","Poisoned Stab","Bouncing Flask+1","Poisoned Stab","Dodge and Roll","Tools of the Trade+1","Outmaneuver+1","Noxious Fumes+1","Underhanded Strike","Escape Plan","Backflip","PiercingWail","Adrenaline","Catalyst+1","Footwork","Heel Hook+1","Leg Sweep","Heel Hook","Discovery","Reflex+1","Concentrate","Distraction+1"],"relics":["Ring of the Snake","NeowsBlessing","Matryoshka","Vajra","War Paint","Odd Mushroom","Runic Pyramid","Regal Pillow","Strawberry","Ginger","Fusion Hammer","Dead Branch","Bag of Preparation","Bottled Flame","Bird Faced Urn","Shovel","Mummified Hand"],"potions_floor_usage":[16,22,29,37,50],"damage_taken":[{"damage":0,"enemies":"Jaw Worm","floor":1,"turns":1},{"damage":0,"enemies":"Cultist","floor":2,"turns":1},{"damage":0,"enemies":"Small Slimes","floor":4,"turns":1},{"damage":23,"enemies":"Lagavulin","floor":7,"turns":15},{"damage":0,"enemies":"Blue Slaver","floor":11,"turns":3},{"damage":13,"enemies":"Gremlin Gang","floor":12,"turns":6},{"damage":14,"enemies":"The Mushroom Lair","floor":14,"turns":6},{"damage":8,"enemies":"The Guardian","floor":16,"turns":8},{"damage":6,"enemies":"Spheric Guardian","floor":18,"turns":5},{"damage":6,"enemies":"Shell Parasite","floor":22,"turns":5},{"damage":12,"enemies":"Cultist and Chosen","floor":24,"turns":5},{"damage":0,"enemies":"Snecko","floor":27,"turns":4},{"damage":0,"enemies":"Gremlin Leader","floor":29,"turns":9},{"damage":8,"enemies":"Snake Plant","floor":31,"turns":4},{"damage":40,"enemies":"Automaton","floor":33,"turns":11},{"damage":15,"enemies":"3 Shapes","floor":35,"turns":6},{"damage":3,"enemies":"3 Darklings","floor":37,"turns":5},{"damage":0,"enemies":"Mind Bloom Boss Battle","floor":39,"turns":11},{"damage":0,"enemies":"Giant Head","floor":40,"turns":9},{"damage":0,"enemies":"Sphere and 2 Shapes","floor":41,"turns":6},{"damage":0,"enemies":"Nemesis","floor":45,"turns":7},{"damage":4,"enemies":"Spire Growth","floor":46,"turns":5},{"damage":0,"enemies":"2 Orb Walkers","floor":48,"turns":6},{"damage":20,"enemies":"Time Eater","floor":50,"turns":6}],"seed_played":"5515110020877291125","potions_obtained":[{"floor":1,"key":"Swift Potion"},{"floor":4,"key":"FairyPotion"},{"floor":12,"key":"Energy Potion"},{"floor":16,"key":"Strength Potion"},{"floor":22,"key":"Block Potion"},{"floor":27,"key":"Energy Potion"},{"floor":33,"key":"SteroidPotion"},{"floor":39,"key":"Poison Potion"}],"is_trial":false,"path_per_floor":["M","M","?","M","$","R","E","R","T","$","M","M","?","?","R","B",null,"M","$","?","?","M","R","M","R","T","M","R","E","R","M","R","B",null,"M","$","M","?","?","E","M","?","T","?","E","M","R","?","R","B",null],"character_chosen":"THE_SILENT","items_purchased":["Footwork","Well Laid Plans","Outmaneuver","Footwork"],"campfire_rested":2,"item_purchase_floors":[5,10,19,36],"current_hp_per_floor":[70,70,70,70,70,70,47,47,47,47,47,34,27,13,34,26,70,64,64,51,51,45,45,33,33,40,40,40,40,40,32,32,7,82,67,67,64,64,64,64,64,64,64,64,64,70,78,78,78,60],"gold":460,"neow_bonus":"THREE_ENEMY_KILL","is_prod":false,"is_daily":false,"chose_seed":false,"campfire_upgraded":7,"win_rate":0,"timestamp":1542227807,"path_taken":["M","M","?","?","$","R","E","R","T","$","M","M","?","?","R","BOSS","M","$","?","?","M","R","M","R","T","M","R","E","R","?","R","BOSS","M","$","M","?","?","E","M","?","T","?","E","?","R","?","R","BOSS"],"build_version":"2018-11-08","purchased_purges":3,"victory":true,"max_hp_per_floor":[70,70,70,70,70,70,70,70,70,70,70,70,70,70,70,70,70,70,70,75,75,75,75,75,75,82,82,82,82,82,82,82,82,82,82,82,82,82,82,82,82,82,82,78,78,78,78,78,78,78],"card_choices":[{"not_picked":["Accuracy","Eviscerate"],"picked":"Backstab","floor":1},{"not_picked":["Escape Plan","Acrobatics"],"picked":"Deflect","floor":2},{"not_picked":["Eviscerate","Blade Dance"],"picked":"Quick Slash","floor":4},{"not_picked":["Dagger Spray","PiercingWail"],"picked":"Poisoned Stab","floor":7},{"not_picked":["Blade Dance","Dodge and Roll"],"picked":"Bouncing Flask","floor":11},{"not_picked":["Catalyst","Predator"],"picked":"Poisoned Stab","floor":12},{"not_picked":["Cloak And Dagger","Quick Slash"],"picked":"Dodge and Roll","floor":14},{"not_picked":["Die Die Die","Phantasmal Killer"],"picked":"Tools of the Trade","floor":16},{"not_picked":["Cloak And Dagger","Dagger Throw","Blade Dance"],"picked":"SKIP","floor":18},{"not_picked":["Backstab","Deadly Poison+1"],"picked":"Noxious Fumes","floor":22},{"not_picked":["Cloak And Dagger+1","Sucker Punch"],"picked":"Underhanded Strike","floor":24},{"not_picked":["Poisoned Stab","Deadly Poison"],"picked":"Escape Plan","floor":27},{"not_picked":["Dagger Throw","PiercingWail"],"picked":"Backflip","floor":29},{"not_picked":["Acrobatics","Backflip"],"picked":"PiercingWail","floor":31},{"not_picked":["Grand Finale","Die Die Die"],"picked":"Adrenaline","floor":33},{"not_picked":["Dagger Spray","Terror+1"],"picked":"Catalyst+1","floor":35},{"not_picked":["Quick Slash","Underhanded Strike+1"],"picked":"Heel Hook+1","floor":37},{"not_picked":["Skewer","Riddle With Holes+1"],"picked":"Leg Sweep","floor":39},{"not_picked":["Glass Knife","Infinite Blades"],"picked":"Heel Hook","floor":40},{"not_picked":["Concentrate","Caltrops+1","Bane"],"picked":"SKIP","floor":41},{"not_picked":["Panacea","Enlightenment"],"picked":"Discovery","floor":42},{"not_picked":["Dodge and Roll","Dash"],"picked":"Reflex+1","floor":45},{"not_picked":["Infinite Blades","Quick Slash+1"],"picked":"Concentrate","floor":46},{"not_picked":["Quick Slash","Skewer"],"picked":"Distraction+1","floor":48}],"player_experience":297920,"relics_obtained":[{"floor":7,"key":"Matryoshka"},{"floor":9,"key":"Vajra"},{"floor":9,"key":"War Paint"},{"floor":14,"key":"Odd Mushroom"},{"floor":26,"key":"Regal Pillow"},{"floor":26,"key":"Strawberry"},{"floor":29,"key":"Ginger"},{"floor":39,"key":"Dead Branch"},{"floor":40,"key":"Bag of Preparation"},{"floor":43,"key":"Bottled Flame"},{"floor":45,"key":"Bird Faced Urn"},{"floor":48,"key":"Shovel"},{"floor":49,"key":"Mummified Hand"}],"event_choices":[{"damage_healed":0,"gold_gain":0,"player_choice":"1 cards matched","damage_taken":0,"max_hp_gain":0,"max_hp_loss":0,"event_name":"Match and Keep!","floor":3,"gold_loss":0,"cards_obtained":["Deep Breath"]},{"cards_removed":["Strike_G"],"damage_healed":0,"gold_gain":0,"player_choice":"Card Removal","damage_taken":7,"max_hp_gain":0,"max_hp_loss":0,"event_name":"Golden Wing","floor":13,"gold_loss":0},{"damage_healed":0,"gold_gain":0,"player_choice":"Fought Mushrooms","damage_taken":0,"max_hp_gain":0,"max_hp_loss":0,"event_name":"Mushrooms","floor":14,"gold_loss":0},{"damage_healed":0,"gold_gain":0,"player_choice":"Shed Blood","damage_taken":18,"max_hp_gain":5,"max_hp_loss":0,"event_name":"Forgotten Altar","floor":20,"gold_loss":0},{"damage_healed":0,"gold_gain":0,"player_choice":"Forge","damage_taken":0,"max_hp_gain":0,"max_hp_loss":0,"event_name":"Accursed Blacksmith","floor":21,"gold_loss":0,"cards_upgraded":["Bouncing Flask"]},{"cards_removed":["Quick Slash"],"damage_healed":0,"gold_gain":0,"player_choice":"Removed Attack","damage_taken":0,"max_hp_gain":0,"max_hp_loss":0,"event_name":"Falling","floor":38,"gold_loss":0},{"damage_healed":0,"gold_gain":0,"player_choice":"Fight","damage_taken":0,"max_hp_gain":0,"max_hp_loss":0,"event_name":"MindBloom","floor":39,"gold_loss":0},{"damage_healed":0,"gold_gain":0,"player_choice":"Memory 1","damage_taken":0,"max_hp_gain":0,"max_hp_loss":0,"event_name":"SensoryStone","floor":42,"gold_loss":0},{"damage_healed":0,"gold_gain":0,"player_choice":"Max HP","damage_taken":0,"max_hp_gain":0,"max_hp_loss":4,"event_name":"Winding Halls","floor":44,"gold_loss":0},{"damage_healed":0,"gold_gain":0,"player_choice":"Fight","damage_taken":0,"max_hp_gain":0,"max_hp_loss":0,"event_name":"Mysterious Sphere","floor":48,"gold_loss":0}],"is_beta":false,"boss_relics":[{"not_picked":["Tiny House","WristBlade"],"picked":"Runic Pyramid"},{"not_picked":["Black Star","Calling Bell"],"picked":"Fusion Hammer"}],"items_purged_floors":[5,19,36],"is_endless":false,"potions_floor_spawned":[1,4,12,16,22,27,33,39],"ascension_level":0}