{"gold_per_floor":[115,40,5,5,22,22,32,32,32,32,67,67,30,48,48,148,148,166,166,166,194,74,74,74],"floor_reached":24,"playtime":757,"items_purged":[],"score":282,"play_id":"4b7a1d7e-7016-49c9-8ab3-e732d9e7d70b","local_time":"20190113173256","is_ascension_mode":true,"campfire_choices":[{"data":"Envenom","floor":6,"key":"SMITH"},{"data":"Neutralize","floor":8,"key":"SMITH"},{"data":"A Thousand Cuts","floor":10,"key":"SMITH"},{"data":"Deflect","floor":12,"key":"SMITH"},{"data":"Bouncing Flask","floor":15,"key":"SMITH"},{"data":"Infinite Blades","floor":23,"key":"SMITH"}],"neow_cost":"NONE","seed_source_timestamp":175073490215842,"circlet_count":0,"master_deck":["Defend_G","Defend_G","Defend_G","Defend_G","Defend_G","Survivor","Neutralize+1","Deflect+1","Envenom+1","A Thousand Cuts+1","Dagger Spray","Bane","PiercingWail","Bouncing Flask+1","Dagger Throw","Die Die Die","Tactician","Bite","Bite","Bite","Bite","Bite","Tactician","Dash","Infinite Blades+1"],"relics":["Ring of the Snake","Centennial Puzzle","Bottled Flame","Bag of Preparation","White Beast Statue","Red Mask"],"potions_floor_usage":[11,16,21,24],"damage_taken":[{"damage":3,"enemies":"Small Slimes","floor":1,"turns":5},{"damage":0,"enemies":"Jaw Worm","floor":5,"turns":8},{"damage":0,"enemies":"Cultist","floor":7,"turns":5},{"damage":18,"enemies":"3 Sentries","floor":11,"turns":7},{"damage":2,"enemies":"Red Slaver","floor":14,"turns":4},{"damage":3,"enemies":"Slime Boss","floor":16,"turns":8},{"damage":23,"enemies":"Chosen","floor":18,"turns":5},{"damage":17,"enemies":"Masked Bandits","floor":21,"turns":3},{"damage":30,"enemies":"Gremlin Leader","floor":24,"turns":3}],"seed_played":"207914756467491670","potions_obtained":[{"floor":7,"key":"Explosive Potion"},{"floor":14,"key":"PowerPotion"},{"floor":18,"key":"Weak Potion"},{"floor":21,"key":"Poison Potion"}],"is_trial":false,"path_per_floor":["M","$","?","?","M","R","M","R","T","R","E","R","$","M","R","B",null,"M","?","?","?","$","R","E"],"character_chosen":"THE_SILENT","items_purchased":["Envenom","Bouncing Flask","Dash","Infinite Blades"],"campfire_rested":0,"item_purchase_floors":[2,13,22,22],"current_hp_per_floor":[60,60,70,70,70,70,70,70,70,70,52,52,52,50,50,47,64,41,41,41,28,28,28,0],"gold":74,"neow_bonus":"RANDOM_COMMON_RELIC","is_prod":false,"is_daily":false,"chose_seed":false,"campfire_upgraded":6,"win_rate":0,"timestamp":1547397176,"path_taken":["M","$","?","?","?","R","M","R","T","R","E","R","$","M","R","BOSS","M","?","?","?","?","R","E"],"build_version":"2019-01-10","purchased_purges":0,"victory":false,"max_hp_per_floor":[70,70,70,70,70,70,70,70,70,70,70,70,70,70,70,70,70,70,49,49,49,49,49,49],"card_choices":[{"not_picked":["Prepared","Setup"],"picked":"Deflect","floor":1},{"not_picked":["Finisher","Deflect"],"picked":"Dagger Spray","floor":5},{"not_picked":["All Out Attack","Slice"],"picked":"Bane","floor":7},{"not_picked":["Blade Dance","Corpse Explosion"],"picked":"PiercingWail","floor":11},{"not_picked":["Blade Dance","PiercingWail"],"picked":"Dagger Throw","floor":14},{"not_picked":["Bullet Time","Unload"],"picked":"Die Die Die","floor":16},{"not_picked":["Acrobatics","Setup+1"],"picked":"Tactician","floor":18},{"not_picked":["Finisher","Dagger Throw+1"],"picked":"Tactician","floor":21}],"player_experience":509139,"relics_obtained":[{"floor":9,"key":"Bottled Flame"},{"floor":11,"key":"Bag of Preparation"},{"floor":21,"key":"Red Mask"}],"event_choices":[{"damage_healed":17,"gold_gain":0,"player_choice":"Healed","damage_taken":0,"max_hp_gain":0,"max_hp_loss":0,"event_name":"The Cleric","floor":3,"gold_loss":35},{"damage_healed":0,"gold_gain":0,"cards_transformed":["Strike_G"],"player_choice":"Transformed","damage_taken":0,"max_hp_gain":0,"max_hp_loss":0,"event_name":"Transmorgrifier","floor":4,"gold_loss":0,"cards_obtained":["A Thousand Cuts"]},{"damage_healed":0,"gold_gain":0,"player_choice":"Became a vampire","damage_taken":0,"max_hp_gain":0,"max_hp_loss":21,"event_name":"Vampires","floor":19,"gold_loss":0,"cards_obtained":["Bite","Bite","Bite","Bite","Bite"]},{"damage_healed":0,"gold_gain":0,"player_choice":"Ignored","damage_taken":0,"max_hp_gain":0,"max_hp_loss":0,"event_name":"The Mausoleum","floor":20,"gold_loss":0},{"damage_healed":0,"gold_gain":0,"player_choice":"Fought Bandits","damage_taken":0,"max_hp_gain":0,"max_hp_loss":0,"event_name":"Masked Bandits","floor":21,"gold_loss":0}],"is_beta":false,"boss_relics":[{"not_picked":["Runic Dome","HoveringKite"],"picked":"White Beast Statue"}],"items_purged_floors":[],"is_endless":false,"potions_floor_spawned":[7,14,18,21],"killed_by":"Gremlin Leader","ascension_level":7}