{"gold_per_floor":[366,65,84,84,103,103,128,128,128,128,141,141,191,225,225,297,297,310,135,151,169,187,187,197,197,221,253,168,168,148,159,159,235,235,246,261,278,24,34,34,0,14,38,48,48,0,0,11,11,11],"floor_reached":50,"playtime":5849,"items_purged":["Strike_R"],"score":855,"play_id":"38537d15-1426-4537-b7e2-de94ffdbf79e","local_time":"20190210170347","is_ascension_mode":true,"campfire_choices":[{"data":"Bash","floor":6,"key":"SMITH"},{"data":"Anger","floor":8,"key":"SMITH"},{"floor":12,"key":"REST"},{"data":"Pommel Strike","floor":15,"key":"SMITH"},{"data":"Feed","floor":23,"key":"SMITH"},{"data":"Whirlwind","floor":25,"key":"SMITH"},{"floor":29,"key":"REST"},{"floor":32,"key":"REST"},{"floor":40,"key":"REST"},{"floor":45,"key":"REST"},{"data":"Demon Form","floor":49,"key":"SMITH"}],"neow_cost":"PERCENT_DAMAGE","seed_source_timestamp":2673237411208823,"circlet_count":0,"master_deck":["AscendersBane","Defend_R","Defend_R","Defend_R+1","Defend_R+1","Bash+1","Clothesline","Rage+1","Pommel Strike+1","Anger+1","Headbutt","Burning Pact+1","Feed+1","True Grit+1","Bludgeon+1","Pommel Strike+1","Whirlwind+1","Shrug It Off+1","Intimidate+1","Thunderclap","Cleave+1","Warcry+1","Warcry+1","Iron Wave+1","Sentinel+1","Metallicize","Demon Form+1","Dropkick+1","Burning Pact+1"],"relics":["Burning Blood","Toxic Egg 2","Smiling Mask","Shuriken","Paper Frog","Astrolabe","War Paint","Vajra","Molten Egg 2","Mark of Pain","Bag of Preparation","Red Mask","Ancient Tea Set"],"potions_floor_usage":[7,16,18,24,33,33,37,50,50],"damage_taken":[{"damage":0,"enemies":"Small Slimes","floor":1,"turns":3},{"damage":5,"enemies":"2 Louse","floor":3,"turns":3},{"damage":0,"enemies":"Cultist","floor":5,"turns":4},{"damage":22,"enemies":"Gremlin Nob","floor":7,"turns":4},{"damage":3,"enemies":"Looter","floor":11,"turns":4},{"damage":10,"enemies":"Lagavulin","floor":14,"turns":4},{"damage":11,"enemies":"Hexaghost","floor":16,"turns":9},{"damage":11,"enemies":"3 Byrds","floor":18,"turns":5},{"damage":7,"enemies":"Chosen","floor":20,"turns":5},{"damage":14,"enemies":"Snake Plant","floor":21,"turns":3},{"damage":4,"enemies":"Centurion and Healer","floor":22,"turns":6},{"damage":9,"enemies":"3 Cultists","floor":24,"turns":4},{"damage":45,"enemies":"Book of Stabbing","floor":27,"turns":7},{"damage":12,"enemies":"Snake Plant","floor":31,"turns":4},{"damage":78,"enemies":"Automaton","floor":33,"turns":11},{"damage":12,"enemies":"3 Darklings","floor":35,"turns":4},{"damage":9,"enemies":"Orb Walker","floor":36,"turns":4},{"damage":22,"enemies":"Sphere and 2 Shapes","floor":37,"turns":5},{"damage":36,"enemies":"Writhing Mass","floor":39,"turns":6},{"damage":5,"enemies":"3 Darklings","floor":42,"turns":7},{"damage":2,"enemies":"Jaw Worm Horde","floor":44,"turns":4},{"damage":3,"enemies":"Maw","floor":48,"turns":5},{"damage":100,"enemies":"Awakened One","floor":50,"turns":9}],"seed_played":"7989682246015399225","potions_obtained":[{"floor":3,"key":"AttackPotion"},{"floor":7,"key":"Fire Potion"},{"floor":21,"key":"Energy Potion"},{"floor":27,"key":"Weak Potion"},{"floor":30,"key":"Regen Potion"},{"floor":36,"key":"Fire Potion"},{"floor":42,"key":"Energy Potion"}],"is_trial":false,"path_per_floor":["M","$","M","?","M","R","E","R","T","?","M","R","?","E","R","B",null,"M","$","M","M","M","R","M","R","T","E","?","R","?","M","R","B",null,"M","M","M","$","M","R","?","M","T","M","R","$","?","M","R","B"],"character_chosen":"IRONCLAD","items_purchased":["Toxic Egg 2","PowerPotion","Shrug It Off+1","Intimidate+1","Bag of Preparation","Sentinel+1","Metallicize","Fire Potion"],"campfire_rested":5,"item_purchase_floors":[2,2,19,19,38,38,38,46],"current_hp_per_floor":[56,56,57,50,56,56,40,40,40,40,43,65,58,54,54,49,69,67,67,69,61,66,66,67,67,67,28,28,54,54,48,74,17,70,68,65,53,53,23,51,51,52,52,60,90,90,90,93,93,0],"gold":11,"neow_bonus":"TWO_FIFTY_GOLD","is_prod":false,"is_daily":false,"chose_seed":false,"campfire_upgraded":6,"win_rate":0,"timestamp":1549836227,"path_taken":["M","$","M","?","M","R","E","R","T","?","M","R","?","E","R","BOSS","M","$","M","M","?","R","M","R","T","E","?","R","?","M","R","BOSS","M","M","?","$","M","R","?","M","T","M","R","?","?","M","R","BOSS"],"build_version":"2019-01-23","purchased_purges":1,"victory":false,"max_hp_per_floor":[75,75,75,75,75,75,75,75,75,75,75,75,75,75,75,75,75,78,78,81,81,84,84,88,88,88,88,88,88,88,88,88,88,88,92,92,96,96,96,96,96,96,96,100,100,100,95,95,95,95],"card_choices":[{"not_picked":["Armaments","Sword Boomerang"],"picked":"Clothesline","floor":1},{"not_picked":["Searing Blow","Sword Boomerang"],"picked":"Rage+1","floor":3},{"not_picked":["Sever Soul","Warcry+1"],"picked":"Pommel Strike","floor":5},{"not_picked":["Fire Breathing","Cleave"],"picked":"Anger","floor":7},{"not_picked":["Twin Strike","Corruption"],"picked":"Headbutt","floor":11},{"not_picked":["Fire Breathing","Inflame"],"picked":"Burning Pact+1","floor":14},{"not_picked":["Fiend Fire","Reaper"],"picked":"Feed","floor":16},{"not_picked":["Wild Strike","Sever Soul"],"picked":"Whirlwind","floor":18},{"not_picked":["Shrug It Off+1","Anger+1"],"picked":"Thunderclap","floor":20},{"not_picked":["Wild Strike","Flex+1"],"picked":"Cleave+1","floor":21},{"not_picked":["Iron Wave","Pommel Strike","Perfected Strike+1"],"picked":"SKIP","floor":22},{"not_picked":["Pummel","Infernal Blade+1","Body Slam"],"picked":"SKIP","floor":24},{"not_picked":["Heavy Blade+1","Armaments+1"],"picked":"Warcry+1","floor":27},{"not_picked":["Shockwave+1","Juggernaut","Anger+1"],"picked":"SKIP","floor":31},{"not_picked":["Whirlwind+1","Heavy Blade+1","Body Slam+1"],"picked":"SKIP","floor":35},{"not_picked":["Iron Wave+1","Bloodletting+1"],"picked":"Warcry+1","floor":36},{"not_picked":["Seeing Red+1","Cleave+1"],"picked":"Iron Wave+1","floor":37},{"not_picked":["Corruption+1","Armaments+1"],"picked":"Demon Form","floor":39},{"not_picked":["Pummel+1","Reckless Charge+1","Body Slam+1"],"picked":"SKIP","floor":42},{"not_picked":["Iron Wave+1","Sword Boomerang+1"],"picked":"Dropkick+1","floor":44},{"not_picked":["Thunderclap+1","Body Slam+1"],"picked":"Burning Pact+1","floor":48}],"player_experience":549338,"relics_obtained":[{"floor":7,"key":"Smiling Mask"},{"floor":9,"key":"Shuriken"},{"floor":14,"key":"Paper Frog"},{"floor":26,"key":"War Paint"},{"floor":27,"key":"Vajra"},{"floor":43,"key":"Ancient Tea Set"}],"event_choices":[{"cards_removed":["Strike_R"],"damage_healed":0,"gold_gain":0,"player_choice":"Card Removal","damage_taken":7,"max_hp_gain":0,"max_hp_loss":0,"event_name":"Golden Wing","floor":4,"gold_loss":0},{"damage_healed":0,"gold_gain":0,"player_choice":"Searched \u00270\u0027 times","damage_taken":0,"max_hp_gain":0,"max_hp_loss":0,"event_name":"Dead Adventurer","floor":10,"gold_loss":0},{"damage_healed":0,"gold_gain":50,"player_choice":"Touch","damage_taken":7,"max_hp_gain":0,"max_hp_loss":0,"event_name":"FaceTrader","floor":13,"gold_loss":0},{"damage_healed":0,"gold_gain":0,"player_choice":"Obtained Relic","damage_taken":0,"relics_obtained":["Molten Egg 2"],"max_hp_gain":0,"max_hp_loss":0,"event_name":"Addict","floor":28,"gold_loss":85},{"damage_healed":0,"gold_gain":0,"player_choice":"Bought 1 Potion","damage_taken":0,"max_hp_gain":0,"max_hp_loss":0,"event_name":"The Woman in Blue","floor":30,"gold_loss":0},{"damage_healed":0,"gold_gain":0,"player_choice":"Paid","damage_taken":0,"relics_obtained":["Red Mask"],"max_hp_gain":0,"max_hp_loss":0,"event_name":"Tomb of Lord Red Mask","floor":41,"gold_loss":34},{"damage_healed":0,"gold_gain":0,"player_choice":"Max HP","damage_taken":0,"max_hp_gain":0,"max_hp_loss":5,"event_name":"Winding Halls","floor":47,"gold_loss":0}],"is_beta":false,"boss_relics":[{"not_picked":["Runic Pyramid","Busted Crown"],"picked":"Astrolabe"},{"not_picked":["Calling Bell","Philosopher\u0027s Stone"],"picked":"Mark of Pain"}],"items_purged_floors":[19],"is_endless":false,"potions_floor_spawned":[3,7,11,21,27,36,42],"killed_by":"Awakened One","ascension_level":15}