{"gold_per_floor":[112,125,125,140,90,90,130,130,130,174,174,213,236,256,256,352,352,372,67,67,87,87,87,125,125,125,125,164,185,210,65,65,161,161,182,182,201,201,201,201,222,222],"floor_reached":42,"playtime":3062,"items_purged":["Strike_R"],"score":772,"play_id":"45fb7924-3463-4dd9-8aae-a7d36c1509ff","local_time":"20190206174915","is_ascension_mode":true,"campfire_choices":[{"data":"Fiend Fire","floor":6,"key":"SMITH"},{"data":"Bash","floor":8,"key":"SMITH"},{"floor":11,"key":"REST"},{"data":"Metallicize","floor":15,"key":"SMITH"},{"data":"Apotheosis","floor":23,"key":"SMITH"},{"floor":25,"key":"REST"},{"floor":27,"key":"REST"},{"floor":32,"key":"REST"},{"data":"Battle Trance","floor":40,"key":"SMITH"}],"neow_cost":"NONE","seed_source_timestamp":2333197875597778,"circlet_count":0,"master_deck":["AscendersBane","Strike_R","Strike_R","Strike_R","Defend_R","Defend_R","Defend_R","Defend_R","Bash+1","Fiend Fire+1","Pommel Strike","Infernal Blade","Thunderclap","Carnage","Metallicize+1","Demon Form+1","Cleave","Apotheosis+1","Blind","Impervious","Uppercut","Battle Trance+1","Seeing Red+1","True Grit","Armaments","Impervious","Shrug It Off"],"relics":["Burning Blood","Bag of Marbles","Golden Idol","Shuriken","Mummified Hand","StoneCalendar","Mercury Hourglass","Cursed Key","Question Card","Regal Pillow","Velvet Choker"],"potions_floor_usage":[7,16,33,33],"damage_taken":[{"damage":7,"enemies":"Small Slimes","floor":1,"turns":4},{"damage":6,"enemies":"2 Louse","floor":2,"turns":3},{"damage":4,"enemies":"Jaw Worm","floor":4,"turns":3},{"damage":25,"enemies":"3 Sentries","floor":7,"turns":10},{"damage":32,"enemies":"Gremlin Nob","floor":10,"turns":4},{"damage":20,"enemies":"3 Sentries","floor":12,"turns":7},{"damage":0,"enemies":"Large Slime","floor":13,"turns":2},{"damage":0,"enemies":"Blue Slaver","floor":14,"turns":2},{"damage":34,"enemies":"Hexaghost","floor":16,"turns":8},{"damage":10,"enemies":"3 Byrds","floor":18,"turns":4},{"damage":13,"enemies":"Colosseum Slavers","floor":20,"turns":3},{"damage":3,"enemies":"Chosen","floor":21,"turns":3},{"damage":42,"enemies":"Book of Stabbing","floor":24,"turns":4},{"damage":35,"enemies":"Slavers","floor":28,"turns":4},{"damage":1,"enemies":"Centurion and Healer","floor":29,"turns":5},{"damage":14,"enemies":"Chosen and Byrds","floor":30,"turns":4},{"damage":54,"enemies":"Automaton","floor":33,"turns":8},{"damage":0,"enemies":"Orb Walker","floor":35,"turns":3},{"damage":4,"enemies":"3 Shapes","floor":37,"turns":7},{"damage":18,"enemies":"3 Darklings","floor":41,"turns":6},{"damage":56,"enemies":"Writhing Mass","floor":42,"turns":5}],"seed_played":"2520394657100192880","potions_obtained":[{"floor":2,"key":"Energy Potion"},{"floor":12,"key":"BloodPotion"},{"floor":13,"key":"Ancient Potion"},{"floor":16,"key":"SpeedPotion"},{"floor":37,"key":"Dexterity Potion"}],"is_trial":false,"path_per_floor":["M","M","?","M","?","R","E","R","T","E","R","E","M","M","R","B",null,"M","$","?","M","?","R","E","R","T","R","E","M","M","$","R","B",null,"M","?","M","?","?","R","M","M"],"character_chosen":"IRONCLAD","items_purchased":["Cleave","Apotheosis","Blind","True Grit","Armaments"],"campfire_rested":4,"item_purchase_floors":[19,19,19,31,31],"current_hp_per_floor":[67,67,67,69,69,69,50,50,50,24,44,30,36,42,42,20,57,53,53,46,49,49,49,13,33,33,53,24,29,21,21,56,8,54,60,60,62,62,62,62,50,0],"gold":222,"neow_bonus":"RANDOM_COMMON_RELIC","is_prod":false,"is_daily":false,"chose_seed":false,"campfire_upgraded":5,"win_rate":0,"timestamp":1549493355,"path_taken":["M","M","?","M","?","R","E","R","T","E","R","E","M","M","R","BOSS","M","$","?","M","?","R","E","R","T","R","E","M","M","$","R","BOSS","M","?","M","?","?","R","M","M"],"build_version":"2019-01-23","purchased_purges":1,"victory":false,"max_hp_per_floor":[75,75,69,69,69,69,69,69,69,69,69,69,69,69,69,69,69,69,69,69,69,69,69,69,69,69,69,69,69,69,69,69,69,69,69,66,66,66,66,66,66,66],"card_choices":[{"not_picked":["True Grit","Heavy Blade","Havoc"],"picked":"SKIP","floor":1},{"not_picked":["Combust","Havoc"],"picked":"Fiend Fire","floor":2},{"not_picked":["Twin Strike","Body Slam"],"picked":"Pommel Strike","floor":4},{"not_picked":["Juggernaut","Havoc"],"picked":"Infernal Blade","floor":7},{"not_picked":["Pommel Strike","Rampage"],"picked":"Thunderclap","floor":10},{"not_picked":["Twin Strike","Brutality"],"picked":"Carnage","floor":12},{"not_picked":["Rage","True Grit"],"picked":"Metallicize","floor":13},{"not_picked":["Headbutt","Heavy Blade","Warcry"],"picked":"SKIP","floor":14},{"not_picked":["Fiend Fire","Double Tap"],"picked":"Demon Form","floor":16},{"not_picked":["Flex","Seeing Red","Searing Blow"],"picked":"SKIP","floor":18},{"not_picked":["Perfected Strike","Inflame+1","Cleave"],"picked":"SKIP","floor":21},{"not_picked":["Perfected Strike","Inflame+1","Cleave"],"picked":"SKIP","floor":21},{"not_picked":["Flex","Sword Boomerang"],"picked":"Impervious","floor":24},{"not_picked":["Warcry+1","Spot Weakness+1","Second Wind"],"picked":"Uppercut","floor":28},{"not_picked":["Havoc","Perfected Strike+1","Flex"],"picked":"Battle Trance","floor":29},{"not_picked":["Dropkick+1","Anger+1","Twin Strike+1"],"picked":"Seeing Red+1","floor":30},{"not_picked":["Double Tap","Berserk","Brutality"],"picked":"Impervious","floor":33},{"not_picked":["Reckless Charge+1","Twin Strike+1","Burning Pact"],"picked":"Shrug It Off","floor":35},{"not_picked":["Clash","Uppercut","Pommel Strike","Clothesline+1"],"picked":"SKIP","floor":37},{"not_picked":["Burning Pact","Rampage+1","Clothesline","Armaments+1"],"picked":"SKIP","floor":41}],"player_experience":530071,"relics_obtained":[{"floor":7,"key":"Shuriken"},{"floor":9,"key":"Mummified Hand"},{"floor":10,"key":"StoneCalendar"},{"floor":12,"key":"Mercury Hourglass"},{"floor":24,"key":"Question Card"},{"floor":28,"key":"Regal Pillow"}],"event_choices":[{"damage_healed":0,"gold_gain":0,"player_choice":"Lose Max HP","damage_taken":0,"relics_obtained":["Golden Idol"],"max_hp_gain":0,"max_hp_loss":6,"event_name":"Golden Idol","floor":3,"gold_loss":0},{"cards_removed":["Strike_R"],"damage_healed":0,"gold_gain":0,"player_choice":"Card Removal","damage_taken":0,"max_hp_gain":0,"max_hp_loss":0,"event_name":"The Cleric","floor":5,"gold_loss":50},{"damage_healed":0,"gold_gain":0,"player_choice":"Fight","damage_taken":0,"max_hp_gain":0,"max_hp_loss":0,"event_name":"Colosseum","floor":20,"gold_loss":0},{"damage_healed":0,"gold_gain":0,"player_choice":"Fled From Nobs","damage_taken":0,"max_hp_gain":0,"max_hp_loss":0,"event_name":"Colosseum","floor":20,"gold_loss":0},{"damage_healed":0,"gold_gain":0,"player_choice":"Ignored","damage_taken":0,"max_hp_gain":0,"max_hp_loss":0,"event_name":"Ghosts","floor":22,"gold_loss":0},{"damage_healed":0,"gold_gain":0,"player_choice":"Max HP","damage_taken":0,"max_hp_gain":0,"max_hp_loss":3,"event_name":"Winding Halls","floor":36,"gold_loss":0},{"damage_healed":0,"gold_gain":0,"player_choice":"Memory 1","damage_taken":0,"max_hp_gain":0,"max_hp_loss":0,"event_name":"SensoryStone","floor":38,"gold_loss":0},{"damage_healed":0,"gold_gain":0,"player_choice":"Upgraded","damage_taken":0,"max_hp_gain":0,"max_hp_loss":0,"event_name":"Upgrade Shrine","floor":39,"gold_loss":0,"cards_upgraded":["Demon Form"]}],"is_beta":false,"boss_relics":[{"not_picked":["Lizard Tail","Black Star"],"picked":"Cursed Key"},{"not_picked":["White Beast Statue","Runic Dome"],"picked":"Velvet Choker"}],"items_purged_floors":[31],"is_endless":false,"potions_floor_spawned":[2,12,13,14,16,18,21,24,37],"killed_by":"Writhing Mass","ascension_level":14}