{"gold_per_floor":[111,111,111,32,107,136,56,91,117,117,136,162,162,175,175,271,271,291,216,229,229,245,245,245,26,26,125,100,100,117,117],"floor_reached":31,"playtime":930,"items_purged":[],"score":395,"play_id":"e8d60329-d65b-42b3-aab8-b90c0d98d56a","local_time":"20190102191643","is_ascension_mode":true,"campfire_choices":[{"floor":10,"key":"REST"},{"data":"Noxious Fumes","floor":13,"key":"SMITH"},{"data":"Noxious Fumes","floor":15,"key":"SMITH"},{"floor":23,"key":"REST"},{"data":"Adrenaline","floor":29,"key":"SMITH"}],"neow_cost":"NONE","seed_source_timestamp":68162693515601,"circlet_count":0,"master_deck":["Defend_G","Defend_G","Defend_G","Defend_G","Survivor","Neutralize+1","Deflect","Noxious Fumes+1","Deflect","Noxious Fumes+1","Dagger Spray","Cloak And Dagger","Deadly Poison","Sucker Punch","Adrenaline+1","Caltrops","Bite","Bite","Bite","Bite","Bite","Terror","Necronomicurse","Crippling Poison","PiercingWail","Acrobatics+1"],"relics":["Ring of the Snake","NeowsBlessing","Juzu Bracelet","Incense Burner","Snake Skull","Calipers","Busted Crown","Necronomicon","Vajra","Meat on the Bone"],"potions_floor_usage":[18,18,22,30],"damage_taken":[{"damage":0,"enemies":"2 Louse","floor":1,"turns":1},{"damage":0,"enemies":"Lagavulin","floor":6,"turns":1},{"damage":12,"enemies":"3 Sentries","floor":8,"turns":3},{"damage":0,"enemies":"Jaw Worm","floor":11,"turns":4},{"damage":2,"enemies":"Lagavulin","floor":12,"turns":9},{"damage":4,"enemies":"Small Slimes","floor":14,"turns":5},{"damage":10,"enemies":"Hexaghost","floor":16,"turns":9},{"damage":3,"enemies":"2 Thieves","floor":18,"turns":5},{"damage":11,"enemies":"Shell Parasite","floor":20,"turns":6},{"damage":43,"enemies":"Snecko","floor":22,"turns":6},{"damage":12,"enemies":"Centurion and Healer","floor":30,"turns":5},{"damage":34,"enemies":"Cultist and Chosen","floor":31,"turns":4}],"seed_played":"6867850506963635819","potions_obtained":[{"floor":6,"key":"Poison Potion"},{"floor":14,"key":"Poison Potion"},{"floor":16,"key":"Energy Potion"},{"floor":22,"key":"EssenceOfSteel"},{"floor":30,"key":"AttackPotion"}],"is_trial":false,"path_per_floor":["M","?","?","$","?","E","$","E","T","R","M","E","R","M","R","B",null,"M","?","M","?","M","R","?","$","T","?","$","R","M","M"],"character_chosen":"THE_SILENT","items_purchased":["Noxious Fumes","Noxious Fumes","Vajra","Crippling Poison","PiercingWail"],"campfire_rested":2,"item_purchase_floors":[4,7,25,25,28],"current_hp_per_floor":[63,56,56,56,45,45,45,33,33,54,54,52,52,48,48,38,62,59,59,48,48,16,30,14,14,14,14,14,14,26,0],"gold":117,"neow_bonus":"THREE_ENEMY_KILL","is_prod":false,"is_daily":false,"chose_seed":false,"campfire_upgraded":3,"win_rate":0,"timestamp":1546453003,"path_taken":["M","?","?","$","?","E","?","E","T","R","M","E","R","M","R","BOSS","M","?","M","?","M","R","?","$","T","?","$","R","M","M"],"build_version":"2018-12-20","purchased_purges":0,"victory":false,"max_hp_per_floor":[70,70,70,70,70,70,70,70,70,70,70,70,70,70,70,70,70,70,70,70,49,49,49,49,49,49,49,49,49,49,49],"card_choices":[{"not_picked":["Dodge and Roll","Reflex"],"picked":"Deflect","floor":1},{"not_picked":["Prepared","Infinite Blades"],"picked":"Deflect","floor":6},{"not_picked":["Sucker Punch","Finisher"],"picked":"Dagger Spray","floor":8},{"not_picked":["Venomology","Masterful Stab"],"picked":"Cloak And Dagger","floor":11},{"not_picked":["Caltrops","Grand Finale"],"picked":"Deadly Poison","floor":12},{"not_picked":["Prepared","Blade Dance"],"picked":"Sucker Punch","floor":14},{"not_picked":["Glass Knife","Grand Finale"],"picked":"Adrenaline","floor":16},{"not_picked":[],"picked":"Caltrops","floor":18},{"not_picked":["Dodge and Roll"],"picked":"SKIP","floor":20},{"not_picked":[],"picked":"Terror","floor":22},{"not_picked":[],"picked":"Acrobatics+1","floor":30}],"player_experience":468386,"relics_obtained":[{"floor":6,"key":"Juzu Bracelet"},{"floor":8,"key":"Incense Burner"},{"floor":9,"key":"Snake Skull"},{"floor":12,"key":"Calipers"},{"floor":24,"key":"Necronomicon"},{"floor":26,"key":"Meat on the Bone"}],"event_choices":[{"cards_removed":["Strike_G"],"damage_healed":0,"gold_gain":0,"player_choice":"Card Removal","damage_taken":7,"max_hp_gain":0,"max_hp_loss":0,"event_name":"Golden Wing","floor":2,"gold_loss":0},{"damage_healed":0,"gold_gain":0,"player_choice":"Grow","damage_taken":0,"max_hp_gain":0,"max_hp_loss":0,"event_name":"Living Wall","floor":3,"gold_loss":0,"cards_upgraded":["Neutralize"]},{"damage_healed":0,"gold_gain":75,"player_choice":"Gather Gold","damage_taken":11,"max_hp_gain":0,"max_hp_loss":0,"event_name":"World of Goop","floor":5,"gold_loss":0},{"cards_removed":["Defend_G"],"damage_healed":0,"gold_gain":0,"player_choice":"Gave Gold","damage_taken":0,"max_hp_gain":0,"max_hp_loss":0,"event_name":"Beggar","floor":19,"gold_loss":75},{"damage_healed":0,"gold_gain":0,"player_choice":"Became a vampire","damage_taken":0,"max_hp_gain":0,"max_hp_loss":21,"event_name":"Vampires","floor":21,"gold_loss":0,"cards_obtained":["Bite","Bite","Bite","Bite","Bite"]},{"damage_healed":0,"gold_gain":0,"player_choice":"Obtained Book","damage_taken":16,"max_hp_gain":0,"max_hp_loss":0,"event_name":"Cursed Tome","floor":24,"gold_loss":0},{"damage_healed":0,"gold_gain":99,"player_choice":"Stole From Cult","damage_taken":0,"max_hp_gain":0,"max_hp_loss":0,"event_name":"Nest","floor":27,"gold_loss":0}],"is_beta":false,"boss_relics":[{"not_picked":["White Beast Statue","Snecko Eye"],"picked":"Busted Crown"}],"items_purged_floors":[],"is_endless":false,"potions_floor_spawned":[6,14,16,22,30],"killed_by":"Cultist and Chosen","ascension_level":7}