{"gold_per_floor":[111,111,111,129,129,129,159,159,159,177,177,206,216,233,233,333,333,346,356,375,375,387,387,387],"floor_reached":24,"playtime":1173,"items_purged":[],"score":229,"play_id":"995b03f8-a71d-4449-b730-5ac669520c08","local_time":"20181215160931","is_ascension_mode":true,"campfire_choices":[{"data":"Cleave","floor":6,"key":"SMITH"},{"floor":8,"key":"REST"},{"data":"Armaments","floor":11,"key":"SMITH"},{"data":"Body Slam","floor":15,"key":"SMITH"},{"floor":23,"key":"REST"}],"neow_cost":"NONE","seed_source_timestamp":86276884356986,"circlet_count":0,"master_deck":["Strike_R+1","Strike_R","Strike_R","Strike_R","Defend_R","Defend_R","Defend_R","Bash+1","Shrug It Off+1","Cleave+1","Armaments+1","Iron Wave","Flex","Body Slam+1","Limit Break","Sword Boomerang","Offering","Shockwave","Sentinel"],"relics":["Burning Blood","Oddly Smooth Stone","Lantern","Centennial Puzzle","Philosopher\u0027s Stone"],"potions_floor_usage":[12,16,16,21,24],"damage_taken":[{"damage":7,"enemies":"Small Slimes","floor":1,"turns":4},{"damage":9,"enemies":"2 Louse","floor":4,"turns":3},{"damage":19,"enemies":"Gremlin Nob","floor":7,"turns":5},{"damage":0,"enemies":"Jaw Worm","floor":10,"turns":3},{"damage":14,"enemies":"Lagavulin","floor":12,"turns":12},{"damage":0,"enemies":"2 Fungi Beasts","floor":13,"turns":3},{"damage":2,"enemies":"Exordium Thugs","floor":14,"turns":3},{"damage":60,"enemies":"Hexaghost","floor":16,"turns":10},{"damage":8,"enemies":"Chosen","floor":18,"turns":3},{"damage":7,"enemies":"Shell Parasite","floor":19,"turns":3},{"damage":25,"enemies":"Shelled Parasite and Fungi","floor":20,"turns":3},{"damage":6,"enemies":"Colosseum Slavers","floor":21,"turns":2},{"damage":18,"enemies":"Snecko","floor":22,"turns":5},{"damage":85,"enemies":"Gremlin Leader","floor":24,"turns":8}],"seed_played":"7722007217733781350","potions_obtained":[{"floor":10,"key":"PowerPotion"},{"floor":12,"key":"Ancient Potion"},{"floor":13,"key":"EssenceOfSteel"},{"floor":14,"key":"Fire Potion"},{"floor":18,"key":"Ancient Potion"},{"floor":19,"key":"Ancient Potion"},{"floor":22,"key":"Block Potion"}],"is_trial":false,"path_per_floor":["M","?","?","M","?","R","E","R","T","M","R","E","M","M","R","B",null,"M","M","M","?","M","R","E"],"character_chosen":"IRONCLAD","items_purchased":[],"campfire_rested":2,"item_purchase_floors":[],"current_hp_per_floor":[79,72,56,53,53,53,40,64,64,70,70,62,68,72,72,18,80,78,77,58,58,46,70,0],"gold":387,"neow_bonus":"UPGRADE_CARD","is_prod":false,"is_daily":false,"chose_seed":false,"campfire_upgraded":3,"win_rate":0,"timestamp":1544886571,"path_taken":["M","?","?","M","?","R","E","R","T","M","R","E","M","M","R","BOSS","M","M","M","?","M","R","E"],"build_version":"2018-12-13","purchased_purges":0,"victory":false,"max_hp_per_floor":[80,80,80,80,80,80,80,80,80,80,80,80,80,80,80,80,80,80,80,80,80,80,80,80],"card_choices":[{"not_picked":["Armaments","Perfected Strike"],"picked":"Shrug It Off","floor":1},{"not_picked":["Warcry","Clothesline"],"picked":"Cleave","floor":4},{"not_picked":["Combust","Havoc","Blood for Blood"],"picked":"SKIP","floor":7},{"not_picked":["Fiend Fire","Shrug It Off"],"picked":"Armaments","floor":10},{"not_picked":["Carnage","Disarm"],"picked":"Iron Wave","floor":12},{"not_picked":["Hemokinesis","Carnage"],"picked":"Flex","floor":13},{"not_picked":["Shrug It Off","Pommel Strike"],"picked":"Body Slam","floor":14},{"not_picked":["Exhume","Impervious"],"picked":"Limit Break","floor":16},{"not_picked":["Clothesline","Headbutt"],"picked":"Sword Boomerang","floor":18},{"not_picked":["Warcry","Armaments+1"],"picked":"Offering","floor":19},{"not_picked":["Iron Wave","Perfected Strike"],"picked":"Shockwave","floor":20},{"not_picked":["Iron Wave","Warcry"],"picked":"Sentinel","floor":22}],"player_experience":398970,"relics_obtained":[{"floor":7,"key":"Oddly Smooth Stone"},{"floor":9,"key":"Lantern"},{"floor":12,"key":"Centennial Puzzle"}],"event_choices":[{"cards_removed":["Defend_R"],"damage_healed":0,"gold_gain":0,"player_choice":"Card Removal","damage_taken":7,"max_hp_gain":0,"max_hp_loss":0,"event_name":"Golden Wing","floor":2,"gold_loss":0},{"damage_healed":0,"gold_gain":0,"player_choice":"Entered Light","damage_taken":16,"max_hp_gain":0,"max_hp_loss":0,"event_name":"Shining Light","floor":3,"gold_loss":0,"cards_upgraded":["Shrug It Off","Strike_R"]},{"cards_removed":["Strike_R"],"damage_healed":0,"gold_gain":0,"player_choice":"Forget","damage_taken":0,"max_hp_gain":0,"max_hp_loss":0,"event_name":"Living Wall","floor":5,"gold_loss":0},{"damage_healed":0,"gold_gain":0,"player_choice":"Fight","damage_taken":0,"max_hp_gain":0,"max_hp_loss":0,"event_name":"Colosseum","floor":21,"gold_loss":0},{"damage_healed":0,"gold_gain":0,"player_choice":"Fled From Nobs","damage_taken":0,"max_hp_gain":0,"max_hp_loss":0,"event_name":"Colosseum","floor":21,"gold_loss":0}],"is_beta":false,"boss_relics":[{"not_picked":["Fusion Hammer","Calling Bell"],"picked":"Philosopher\u0027s Stone"}],"items_purged_floors":[],"is_endless":false,"potions_floor_spawned":[10,12,13,14,18,19,22],"killed_by":"Gremlin Leader","ascension_level":2}