{"gold_per_floor":[118,118,118,118,132,132,57,57,57,72,72,116,139,139,139,262,262,286,307,307,33,57,57,57,72,99,99,123,123],"floor_reached":29,"playtime":924,"items_purged":["Regret","Strike_G"],"score":223,"play_id":"40117e69-1038-4674-ae04-5e03187dfb2d","local_time":"20181104230707","is_ascension_mode":false,"campfire_choices":[{"data":"Dagger Spray","floor":6.0,"key":"SMITH"},{"data":"Survivor","floor":8.0,"key":"SMITH"},{"data":"Accuracy","floor":15,"key":"SMITH"},{"floor":23,"key":"REST"},{"data":"Cloak And Dagger","floor":27,"key":"SMITH"}],"neow_cost":"NONE","seed_source_timestamp":1560970585866317,"circlet_count":0,"master_deck":["Defend_G","Defend_G","Defend_G","Defend_G","Defend_G","Strike_G","Strike_G","Strike_G","Survivor+1","Neutralize+1","Dagger Spray+1","Deflect","Cloak And Dagger+1","Accuracy+1","Terror","Envenom","Slice","Outmaneuver","Infinite Blades","After Image","Sucker Punch","Acrobatics"],"special_seed":0,"relics":["Ring of the Snake","Shuriken","Golden Idol","Meat on the Bone","Smiling Mask","Letter Opener","Philosopher\u0027s Stone","Lantern","Nloth\u0027s Gift","Strawberry"],"potions_floor_usage":[18,25,25,25],"damage_taken":[{"damage":0.0,"enemies":"2 Louse","floor":1.0,"turns":1.0},{"damage":0.0,"enemies":"Jaw Worm","floor":5.0,"turns":1.0},{"damage":0.0,"enemies":"Cultist","floor":10.0,"turns":1.0},{"damage":8,"enemies":"Lagavulin","floor":12,"turns":8},{"damage":2,"enemies":"Blue Slaver","floor":13,"turns":4},{"damage":29,"enemies":"Slime Boss","floor":16,"turns":10},{"damage":35,"enemies":"2 Thieves","floor":18,"turns":5},{"damage":26,"enemies":"Shell Parasite","floor":19,"turns":6},{"damage":21,"enemies":"3 Cultists","floor":22,"turns":5},{"damage":4,"enemies":"Centurion and Healer","floor":25,"turns":7},{"damage":5,"enemies":"Snecko","floor":28,"turns":5},{"damage":48,"enemies":"Book of Stabbing","floor":29,"turns":5}],"seed_played":"-4298705772930245447","potions_obtained":[{"floor":5.0,"key":"Weak Potion"},{"floor":10.0,"key":"LiquidBronze"},{"floor":12,"key":"Poison Potion"},{"floor":18,"key":"LiquidBronze"}],"is_trial":false,"path_per_floor":["M","?","?","?","M","R","$","R","T","M","$","E","M","?","R","B",null,"M","M","?","$","M","R","?","M","T","R","M","E"],"character_chosen":"THE_SILENT","items_purchased":["Infinite Blades","Lantern"],"campfire_rested":1,"item_purchase_floors":[21,21],"current_hp_per_floor":[70,70,70,65,65,65,65,65,65,65,65,57,55,55,55,38,65,42,28,28,28,19,38,38,34,41,41,48,0],"gold":123,"neow_bonus":"THREE_ENEMY_KILL","is_prod":false,"is_daily":false,"chose_seed":false,"campfire_upgraded":4,"win_rate":0,"timestamp":1541369227,"path_taken":["M","?","?","?","M","R","$","R","T","M","?","E","M","?","R","BOSS","M","M","?","$","?","R","?","M","T","R","?","E"],"build_version":"2018-11-01","purchased_purges":2,"victory":false,"max_hp_per_floor":[70,70,70,65,65,65,65,65,65,65,65,65,65,65,65,65,65,65,65,65,65,65,65,65,65,72,72,72,72],"card_choices":[{"not_picked":["Flying Knee","Bane"],"picked":"Dagger Spray","floor":1.0},{"not_picked":["PiercingWail","Expertise"],"picked":"Deflect","floor":5.0},{"not_picked":["Outmaneuver","All Out Attack"],"picked":"Cloak And Dagger","floor":10.0},{"not_picked":["Flying Knee","Prepared"],"picked":"Accuracy","floor":12},{"not_picked":["Masterful Stab","Deflect"],"picked":"Terror","floor":13},{"not_picked":["Storm of Steel","Venomology"],"picked":"Envenom","floor":16},{"not_picked":["Underhanded Strike","Prepared"],"picked":"Slice","floor":18},{"not_picked":["Underhanded Strike","Dagger Throw"],"picked":"Outmaneuver","floor":19},{"not_picked":["Choke","Crippling Poison+1"],"picked":"After Image","floor":22},{"not_picked":["PiercingWail","Outmaneuver"],"picked":"Sucker Punch","floor":25},{"not_picked":["Crippling Poison","Backflip"],"picked":"Acrobatics","floor":28}],"player_experience":272518,"relics_obtained":[{"floor":9.0,"key":"Meat on the Bone"},{"floor":12,"key":"Smiling Mask"},{"floor":26,"key":"Strawberry"}],"event_choices":[{"damage_healed":0.0,"max_hp_gain":0.0,"max_hp_loss":0.0,"gold_gain":0.0,"event_name":"Living Wall","player_choice":"Grow","floor":2.0,"gold_loss":0.0,"damage_taken":0.0,"cards_upgraded":["Neutralize"]},{"damage_healed":0.0,"max_hp_gain":0.0,"max_hp_loss":0.0,"gold_gain":0.0,"event_name":"Big Fish","player_choice":"Box","floor":3.0,"gold_loss":0.0,"damage_taken":0.0,"relics_obtained":["Shuriken"],"cards_obtained":["Regret"]},{"damage_healed":0.0,"max_hp_gain":0.0,"max_hp_loss":5.0,"gold_gain":0.0,"event_name":"Golden Idol","player_choice":"Lose Max HP","floor":4.0,"gold_loss":0.0,"damage_taken":0.0,"relics_obtained":["Golden Idol"]},{"damage_healed":0,"gold_gain":0,"player_choice":"Searched \u00271\u0027 times","damage_taken":0,"relics_obtained":["Letter Opener"],"max_hp_gain":0,"max_hp_loss":0,"event_name":"Dead Adventurer","floor":14,"gold_loss":0},{"cards_removed":["Strike_G"],"damage_healed":0,"gold_gain":0,"player_choice":"Offered Basic","damage_taken":0,"max_hp_gain":0,"max_hp_loss":0,"event_name":"Bonfire Elementals","floor":20,"gold_loss":0},{"damage_healed":0,"gold_gain":0,"player_choice":"Traded Relic","damage_taken":0,"relics_obtained":["Nloth\u0027s Gift"],"max_hp_gain":0,"max_hp_loss":0,"event_name":"N\u0027loth","floor":24,"relics_lost":["NeowsBlessing"],"gold_loss":0}],"is_beta":false,"boss_relics":[{"not_picked":["Fusion Hammer","Snecko Eye"],"picked":"Philosopher\u0027s Stone"}],"items_purged_floors":[7,21],"is_endless":false,"potions_floor_spawned":[5,10,12,16,18],"killed_by":"Book of Stabbing","ascension_level":0}