{"gold_per_floor":[111,126,207,220,239,239,250,250,250,1,1,28,28,28,28,147,147,171,190,190,35,48,48,48],"floor_reached":24,"playtime":1059,"items_purged":["Strike_G","Strike_G"],"score":319,"play_id":"5f66bcb4-4d19-407a-8e6b-3d345974eb4a","local_time":"20190106115413","is_ascension_mode":true,"campfire_choices":[{"data":"Noxious Fumes","floor":6.0,"key":"SMITH"},{"data":"Catalyst","floor":8.0,"key":"SMITH"},{"data":"Envenom","floor":15.0,"key":"SMITH"},{"data":"Night Terror","floor":23,"key":"SMITH"}],"neow_cost":"NONE","seed_source_timestamp":0,"circlet_count":0,"master_deck":["Defend_G","Defend_G","Defend_G","Defend_G","Defend_G","Strike_G","Strike_G","Survivor","Neutralize","Noxious Fumes+1","Catalyst+1","Dagger Spray","Deadly Poison","Sucker Punch","Poisoned Stab","Envenom+1","Night Terror+1","Distraction+1","Flying Knee+1","Deflect","Leg Sweep","Deflect+1"],"special_seed":0,"relics":["Ring of the Snake","Ornamental Fan","Dead Branch","Lantern","Odd Mushroom","Golden Idol","The Courier","Black Star"],"potions_floor_usage":[24],"damage_taken":[{"damage":0.0,"enemies":"Cultist","floor":1.0,"turns":3.0},{"damage":0.0,"enemies":"2 Louse","floor":2.0,"turns":4.0},{"damage":1.0,"enemies":"Small Slimes","floor":4.0,"turns":4.0},{"damage":0.0,"enemies":"Blue Slaver","floor":5.0,"turns":5.0},{"damage":16.0,"enemies":"Lots of Slimes","floor":7.0,"turns":4.0},{"damage":1.0,"enemies":"The Mushroom Lair","floor":12.0,"turns":3.0},{"damage":0.0,"enemies":"Slime Boss","floor":16.0,"turns":8.0},{"damage":12,"enemies":"Chosen","floor":18,"turns":3},{"damage":14,"enemies":"Spheric Guardian","floor":19,"turns":5},{"damage":5,"enemies":"Centurion and Healer","floor":22,"turns":6},{"damage":29,"enemies":"Cultist and Chosen","floor":24,"turns":6}],"seed_played":"8415276536952721401","potions_obtained":[{"floor":0.0,"key":"Fire Potion"},{"floor":0.0,"key":"Swift Potion"},{"floor":0.0,"key":"EssenceOfSteel"},{"floor":5.0,"key":"Fire Potion"},{"floor":12.0,"key":"Poison Potion"},{"floor":19,"key":"Block Potion"}],"is_trial":false,"path_per_floor":["M","M","T","M","M","R","M","R","T","$","?","?","?","?","R","B",null,"M","M","?","$","M","R","M"],"character_chosen":"THE_SILENT","items_purchased":["Lantern","Poisoned Stab","Deflect","Leg Sweep"],"campfire_rested":0,"item_purchase_floors":[10,10,21,21],"current_hp_per_floor":[63,63,63,62,62,62,46,46,46,46,46,45,45,42,42,42,59,47,33,33,33,28,28,0],"gold":48,"neow_bonus":"THREE_SMALL_POTIONS","is_prod":false,"is_daily":false,"chose_seed":false,"campfire_upgraded":4,"win_rate":0,"timestamp":1546772053,"path_taken":["M","M","?","M","M","R","M","R","T","$","?","?","?","?","R","BOSS","M","M","?","$","?","R","M"],"build_version":"2019-01-03v4","purchased_purges":2,"victory":false,"max_hp_per_floor":[70,70,70,70,70,70,70,70,70,70,70,70,65,65,65,65,65,65,65,65,65,65,65,65],"card_choices":[{"not_picked":["Deflect","Poisoned Stab"],"picked":"Noxious Fumes","floor":1.0},{"not_picked":["Dodge and Roll","Outmaneuver"],"picked":"Catalyst","floor":2.0},{"not_picked":["Blade Dance","Well Laid Plans"],"picked":"Dagger Spray","floor":4.0},{"not_picked":["Underhanded Strike","Infinite Blades"],"picked":"Deadly Poison","floor":5.0},{"not_picked":["Blade Dance","Underhanded Strike"],"picked":"Sucker Punch","floor":7.0},{"not_picked":["Blur","Prepared"],"picked":"Envenom","floor":12.0},{"not_picked":["Die Die Die","Storm of Steel"],"picked":"Night Terror","floor":16.0},{"not_picked":["Dagger Spray","Terror"],"picked":"Distraction+1","floor":18},{"not_picked":["Reflex","Prepared+1"],"picked":"Flying Knee+1","floor":19},{"not_picked":["Prepared","Noxious Fumes"],"picked":"Deflect+1","floor":22}],"player_experience":484277,"relics_obtained":[{"floor":3.0,"key":"Ornamental Fan"},{"floor":9.0,"key":"Dead Branch"},{"floor":12.0,"key":"Odd Mushroom"}],"event_choices":[{"cards_removed":["Strike_G"],"damage_healed":0.0,"max_hp_gain":0.0,"max_hp_loss":0.0,"gold_gain":0.0,"event_name":"Living Wall","player_choice":"Forget","floor":11.0,"gold_loss":0.0,"damage_taken":0.0},{"damage_healed":0.0,"max_hp_gain":0.0,"max_hp_loss":0.0,"gold_gain":0.0,"event_name":"Mushrooms","player_choice":"Fought Mushrooms","floor":12.0,"gold_loss":0.0,"damage_taken":0.0},{"damage_healed":0.0,"max_hp_gain":0.0,"max_hp_loss":5.0,"gold_gain":0.0,"event_name":"Golden Idol","player_choice":"Lose Max HP","floor":13.0,"gold_loss":0.0,"damage_taken":0.0,"relics_obtained":["Golden Idol"]},{"damage_healed":0.0,"max_hp_gain":0.0,"max_hp_loss":0.0,"gold_gain":0.0,"event_name":"Scrap Ooze","player_choice":"Success","floor":14.0,"gold_loss":0.0,"damage_taken":3.0,"relics_obtained":["The Courier"]},{"damage_healed":0,"gold_gain":0,"player_choice":"Bought 0 Potions","damage_taken":0,"max_hp_gain":0,"max_hp_loss":0,"event_name":"The Woman in Blue","floor":20,"gold_loss":0}],"is_beta":false,"boss_relics":[{"not_picked":["Runic Pyramid","WristBlade"],"picked":"Black Star"}],"items_purged_floors":[10,21],"is_endless":false,"potions_floor_spawned":[5,12,19],"killed_by":"Cultist and Chosen","ascension_level":7}