{"gold_per_floor":[114,127,14,33,33,33,53,18,41,68,85,85,95,95,95,196,196,208,218,318,318],"floor_reached":21,"playtime":755,"items_purged":["Strike_G"],"score":179,"play_id":"c5312bec-3462-4ddc-ba5b-6068fb179cf0","local_time":"20181103194744","is_ascension_mode":false,"campfire_choices":[{"data":"Neutralize","floor":6,"key":"SMITH"},{"data":"Distraction","floor":12,"key":"SMITH"},{"floor":15,"key":"REST"}],"neow_cost":"NONE","seed_source_timestamp":1462848196960309,"circlet_count":0,"master_deck":["Defend_G","Defend_G","Defend_G","Defend_G","Defend_G","Strike_G","Strike_G+1","Strike_G","Strike_G+1","Survivor","Neutralize+1","Distraction","Slice","Noxious Fumes","Bouncing Flask","Setup","Dash","Distraction+1","Flying Knee","Unload","Footwork","Accuracy"],"relics":["Ring of the Snake","NeowsBlessing","Odd Mushroom","Whetstone","Ninja Scroll","Pantograph","Black Star"],"potions_floor_usage":[],"damage_taken":[{"damage":0,"enemies":"Jaw Worm","floor":1,"turns":1},{"damage":0,"enemies":"2 Louse","floor":2,"turns":1},{"damage":0,"enemies":"Small Slimes","floor":4,"turns":1},{"damage":22,"enemies":"The Mushroom Lair","floor":7,"turns":6},{"damage":30,"enemies":"Gremlin Nob","floor":10,"turns":5},{"damage":0,"enemies":"Looter","floor":11,"turns":3},{"damage":0,"enemies":"Lots of Slimes","floor":13,"turns":5},{"damage":33,"enemies":"Slime Boss","floor":16,"turns":11},{"damage":17,"enemies":"3 Byrds","floor":18,"turns":5},{"damage":34,"enemies":"2 Thieves","floor":19,"turns":4},{"damage":22,"enemies":"Cultist and Chosen","floor":21,"turns":4}],"seed_played":"6858714664751808964","potions_obtained":[{"floor":1,"key":"GhostInAJar"},{"floor":4,"key":"SneckoOil"},{"floor":11,"key":"AttackPotion"},{"floor":19,"key":"PowerPotion"}],"is_trial":false,"path_per_floor":["M","M","$","M","?","R","?","?","T","E","M","R","M","?","R","B",null,"M","M","?","M"],"character_chosen":"THE_SILENT","items_purchased":["Noxious Fumes"],"campfire_rested":1,"item_purchase_floors":[3],"current_hp_per_floor":[70,70,70,70,70,70,48,65,65,35,35,35,35,23,44,36,70,53,19,19,0],"gold":318,"neow_bonus":"THREE_ENEMY_KILL","is_prod":false,"is_daily":false,"chose_seed":false,"campfire_upgraded":2,"win_rate":0,"timestamp":1541270864,"path_taken":["M","M","$","M","?","R","?","?","T","E","M","R","M","?","R","BOSS","M","M","?","?"],"build_version":"2018-11-01","purchased_purges":1,"victory":false,"max_hp_per_floor":[70,70,70,70,70,70,70,70,70,70,70,70,70,70,70,70,70,70,70,70,70],"card_choices":[{"not_picked":["Concentrate","Underhanded Strike"],"picked":"Distraction","floor":1},{"not_picked":["Deadly Poison","Underhanded Strike"],"picked":"Slice","floor":2},{"not_picked":["Riddle With Holes","Cloak And Dagger"],"picked":"Bouncing Flask","floor":4},{"not_picked":["Sucker Punch","Riddle With Holes"],"picked":"Setup","floor":7},{"not_picked":["Sucker Punch","Slice"],"picked":"Dash","floor":10},{"not_picked":["Reflex","Underhanded Strike"],"picked":"Distraction","floor":11},{"not_picked":["Blur","Backflip"],"picked":"Flying Knee","floor":13},{"not_picked":["Grand Finale","Malaise"],"picked":"Unload","floor":16},{"not_picked":["Underhanded Strike","Distraction+1"],"picked":"Footwork","floor":18},{"not_picked":["Expertise","Acrobatics"],"picked":"Accuracy","floor":19}],"player_experience":265415,"relics_obtained":[{"floor":7,"key":"Odd Mushroom"},{"floor":9,"key":"Whetstone"},{"floor":10,"key":"Ninja Scroll"}],"event_choices":[{"damage_healed":0,"gold_gain":0,"player_choice":"Ignored","damage_taken":0,"max_hp_gain":0,"max_hp_loss":0,"event_name":"Liars Game","floor":5,"gold_loss":0},{"damage_healed":0,"gold_gain":0,"player_choice":"Fought Mushrooms","damage_taken":0,"max_hp_gain":0,"max_hp_loss":0,"event_name":"Mushrooms","floor":7,"gold_loss":0},{"damage_healed":17,"gold_gain":0,"player_choice":"Healed","damage_taken":0,"max_hp_gain":0,"max_hp_loss":0,"event_name":"The Cleric","floor":8,"gold_loss":35},{"damage_healed":0,"gold_gain":0,"player_choice":"Success","damage_taken":12,"relics_obtained":["Pantograph"],"max_hp_gain":0,"max_hp_loss":0,"event_name":"Scrap Ooze","floor":14,"gold_loss":0},{"damage_healed":0,"gold_gain":100,"player_choice":"Pray","damage_taken":0,"max_hp_gain":0,"max_hp_loss":0,"event_name":"Golden Shrine","floor":20,"gold_loss":0}],"is_beta":false,"boss_relics":[{"not_picked":["Runic Pyramid","Fusion Hammer"],"picked":"Black Star"}],"items_purged_floors":[3],"is_endless":false,"potions_floor_spawned":[1,4,11,13,19],"killed_by":"Cultist and Chosen","ascension_level":0}