{"gold_per_floor":[113,113,38,38,52,114,114,146,171,190,265,280,280,280,280,379,379,390,390,390,127,137,137],"floor_reached":23,"playtime":1092,"items_purged":["Strike_B","Strike_B"],"score":207,"play_id":"6c9e37f1-a468-4640-a51c-5971ceb8d203","local_time":"20181205202455","is_ascension_mode":true,"campfire_choices":[{"data":"Dualcast","floor":7,"key":"SMITH"},{"data":"Conserve Battery","floor":13,"key":"SMITH"},{"data":"Auto Shields","floor":15,"key":"SMITH"}],"neow_cost":"NONE","seed_source_timestamp":258923627100150,"circlet_count":0,"master_deck":["Strike_B","Defend_B","Defend_B","Defend_B","Defend_B","Zap+1","Dualcast+1","Cold Snap","Conserve Battery+1","Turbo","Sweeping Beam","Auto Shields+1","Electrodynamics","Hologram","Necronomicurse","Machine Learning","Defragment"],"relics":["Cracked Core","Anchor","Tiny Chest","Vajra","Boot","Lantern","Philosopher\u0027s Stone","Necronomicon"],"potions_floor_usage":[6,23],"damage_taken":[{"damage":0,"enemies":"Cultist","floor":1,"turns":4},{"damage":0,"enemies":"Small Slimes","floor":5,"turns":2},{"damage":2,"enemies":"Gremlin Nob","floor":6,"turns":4},{"damage":8,"enemies":"3 Sentries","floor":8,"turns":10},{"damage":0,"enemies":"2 Louse","floor":10,"turns":1},{"damage":0,"enemies":"Blue Slaver","floor":12,"turns":3},{"damage":42,"enemies":"Hexaghost","floor":16,"turns":16},{"damage":0,"enemies":"2 Thieves","floor":18,"turns":2},{"damage":14,"enemies":"Spheric Guardian","floor":22,"turns":4},{"damage":47,"enemies":"Book of Stabbing","floor":23,"turns":6}],"seed_played":"-6867723964067520347","potions_obtained":[{"floor":1,"key":"Block Potion"},{"floor":16,"key":"Strength Potion"},{"floor":22,"key":"Fire Potion"}],"is_trial":false,"path_per_floor":["M","?","$","?","M","E","R","E","T","M","?","M","R","T","R","B",null,"M","?","?","$","M","E"],"character_chosen":"DEFECT","items_purchased":["Machine Learning"],"campfire_rested":0,"item_purchase_floors":[21],"current_hp_per_floor":[75,75,75,72,72,70,70,62,62,62,51,51,51,51,51,9,75,75,75,59,59,45,0],"gold":137,"neow_bonus":"REMOVE_CARD","is_prod":false,"is_daily":false,"chose_seed":false,"campfire_upgraded":3,"win_rate":0,"timestamp":1544037895,"path_taken":["M","?","$","?","M","E","R","E","T","M","?","M","R","?","R","BOSS","M","?","?","$","M","E"],"build_version":"2018-11-15","purchased_purges":2,"victory":false,"max_hp_per_floor":[75,75,75,75,75,75,75,75,75,75,75,75,75,75,75,75,75,75,75,75,75,75,75],"card_choices":[{"not_picked":["Blizzard","Sweeping Beam"],"picked":"Cold Snap","floor":1},{"not_picked":["Streamline","Barrage"],"picked":"Conserve Battery","floor":5},{"not_picked":["Static Discharge","Compile Driver"],"picked":"Turbo","floor":6},{"not_picked":["Force Field","Barrage","Turbo"],"picked":"SKIP","floor":8},{"not_picked":["Redo","Leap"],"picked":"Sweeping Beam","floor":10},{"not_picked":["Go for the Eyes","Gash"],"picked":"Auto Shields","floor":12},{"not_picked":["Multi-Cast","Amplify"],"picked":"Electrodynamics","floor":16},{"not_picked":["Coolheaded","Recycle+1"],"picked":"Hologram","floor":18},{"not_picked":["Stack+1","Double Energy"],"picked":"Defragment","floor":22}],"player_experience":366373,"relics_obtained":[{"floor":6,"key":"Tiny Chest"},{"floor":8,"key":"Vajra"},{"floor":9,"key":"Boot"},{"floor":14,"key":"Lantern"},{"floor":20,"key":"Necronomicon"}],"event_choices":[{"damage_healed":0,"gold_gain":0,"player_choice":"Grow","damage_taken":0,"max_hp_gain":0,"max_hp_loss":0,"event_name":"Living Wall","floor":2,"gold_loss":0,"cards_upgraded":["Zap"]},{"damage_healed":0,"gold_gain":0,"player_choice":"Success","damage_taken":3,"relics_obtained":["Anchor"],"max_hp_gain":0,"max_hp_loss":0,"event_name":"Scrap Ooze","floor":4,"gold_loss":0},{"damage_healed":0,"gold_gain":75,"player_choice":"Gather Gold","damage_taken":11,"max_hp_gain":0,"max_hp_loss":0,"event_name":"World of Goop","floor":11,"gold_loss":0},{"damage_healed":0,"gold_gain":0,"player_choice":"Ignored","damage_taken":0,"max_hp_gain":0,"max_hp_loss":0,"event_name":"Ghosts","floor":19,"gold_loss":0},{"damage_healed":0,"gold_gain":0,"player_choice":"Obtained Book","damage_taken":16,"max_hp_gain":0,"max_hp_loss":0,"event_name":"Cursed Tome","floor":20,"gold_loss":0}],"is_beta":false,"boss_relics":[{"not_picked":["Runic Pyramid","Orrery"],"picked":"Philosopher\u0027s Stone"}],"items_purged_floors":[3,21],"is_endless":false,"potions_floor_spawned":[1,16,22],"killed_by":"Book of Stabbing","ascension_level":1}