{"path_per_floor":["M","?","M","M","?","M","R","$","T","M","R","E","M","M","R","B",null,"M","?","M","?","?"],"character_chosen":"THE_SILENT","items_purchased":["Noxious Fumes","Slice"],"gold_per_floor":[109,109,126,145,95,112,112,12,35,54,54,81,97,115,115,210,210,226,226,237,152,77],"floor_reached":23,"campfire_rested":2,"playtime":6666,"current_hp_per_floor":[66,59,52,52,52,45,45,45,45,32,53,36,35,22,43,29,70,56,56,36,36,36],"items_purged":[],"gold":77,"score":193,"play_id":"3860e16a-bb92-45c8-8a54-172c536060ea","local_time":"20180303174256","is_prod":false,"is_daily":false,"is_ascension_mode":false,"campfire_upgraded":1,"timestamp":1520116976,"path_taken":["M","?","M","M","?","M","R","$","T","M","R","E","M","M","R","BOSS","M","?","M","?","?","E"],"build_version":"2018-03-01-PROD1","purchased_purges":0,"victory":false,"master_deck":["Defend_G","Defend_G","Defend_G","Survivor","Neutralize+1","Acrobatics","Sucker Punch+1","Poisoned Stab+1","Bouncing Flask","Noxious Fumes","Slice","Backflip","Slice","Backflip","Poisoned Stab","A Thousand Cuts","Footwork+1","Deadly Poison+1","Die Die Die+1","Heel Hook","Slice"],"max_hp_per_floor":[70,70,70,70,70,70,70,70,70,70,70,70,70,70,70,70,70,70,70,70,70,70],"relics":["Ring of the Snake","Whetstone","Snake Skull","Astrolabe","Omamori"],"card_choices":[{"not_picked":["Escape Plan","Flechettes"],"picked":"Acrobatics"},{"not_picked":["Flying Knee","Backflip"],"picked":"Sucker Punch"},{"not_picked":["Deflect","Glass Knife"],"picked":"Poisoned Stab"},{"not_picked":["Acrobatics","Dodge and Roll"],"picked":"Bouncing Flask"},{"not_picked":["Choke","Outmaneuver"],"picked":"Backflip"},{"not_picked":["Flying Knee","Prepared"],"picked":"Slice"},{"not_picked":["Underhanded Strike","Acrobatics"],"picked":"Backflip"},{"not_picked":["Dodge and Roll","Tactician"],"picked":"Poisoned Stab"},{"not_picked":["Adrenaline","Venomology"],"picked":"A Thousand Cuts"},{"not_picked":["Backflip","Sucker Punch"],"picked":"Heel Hook"},{"not_picked":["Backflip","Outmaneuver"],"picked":"Slice"}],"player_experience":56613,"potions_floor_usage":[13,16,20,23,23],"damage_taken":[{"damage":4,"enemies":"2 Louse","floor":1,"turns":2},{"damage":7,"enemies":"Jaw Worm","floor":3,"turns":5},{"damage":0,"enemies":"Small Slimes","floor":4,"turns":3},{"damage":7,"enemies":"2 Fungi Beasts","floor":6,"turns":4},{"damage":13,"enemies":"Exordium Wildlife","floor":10,"turns":4},{"damage":17,"enemies":"3 Sentries","floor":12,"turns":6},{"damage":7,"enemies":"3 Louse","floor":13,"turns":3},{"damage":13,"enemies":"Blue Slaver","floor":14,"turns":3},{"damage":14,"enemies":"The Guardian","floor":16,"turns":7},{"damage":14,"enemies":"Spheric Guardian","floor":18,"turns":4},{"damage":20,"enemies":"2 Thieves","floor":20,"turns":5},{"damage":41,"enemies":"Slavers","floor":23,"turns":3}],"event_choices":[{"event_name":"Golden Wing","player_choice":"Card Removal","floor":2,"damage_taken":0},{"event_name":"The Cleric","player_choice":"Card Removal","floor":5,"damage_taken":0},{"event_name":"Back to Basics","player_choice":"Elegance","floor":19,"damage_taken":0},{"event_name":"Addict","player_choice":"Obtained Relic","floor":21,"damage_taken":0},{"event_name":"Beggar","player_choice":"Gave Gold","floor":22,"damage_taken":0}],"boss_relics":[{"not_picked":["Cursed Key","Lizard Tail"],"picked":"Astrolabe"}],"potions_floor_spawned":[1,10,12,13,16,18],"seed_played":"7352236621247327235","killed_by":"Slavers","ascension_level":0,"is_trial":false}