{"gold_per_floor":[116,134,114,130,147,174,174,200,223,287,287,298,326,326,326,431,431,444,51,70,70,81,114,114,144,144,173,173,187,206,76,76,178,178,198,208,2,2,20,51,62,89,114,171,171,190,6,19,19,19],"floor_reached":50,"playtime":2756,"items_purged":["Strike_R","Strike_R","Strike_R"],"score":637,"play_id":"ee100c26-3729-4013-94d0-afb3f94e1984","local_time":"20181122204815","is_ascension_mode":false,"campfire_choices":[{"data":"Bash","floor":7,"key":"SMITH"},{"data":"Armaments","floor":11,"key":"SMITH"},{"data":"Armaments","floor":15,"key":"SMITH"},{"floor":24,"key":"REST"},{"data":"Uppercut","floor":28,"key":"SMITH"},{"data":"Flame Barrier","floor":32,"key":"SMITH"},{"data":"Flame Barrier","floor":49,"key":"SMITH"}],"neow_cost":"NONE","seed_source_timestamp":418705404944232,"circlet_count":0,"master_deck":["Strike_R","Defend_R","Defend_R","Defend_R+1","Defend_R","Bash+1","Searing Blow","Armaments+1","Anger","Armaments+1","Dropkick","Flame Barrier+1","Rampage","Uppercut+1","Flex+1","Reaper","Inflame+1","Spot Weakness","Secret Weapon","Iron Wave","Trip","Shrug It Off","Infernal Blade+1","Dropkick","Power Through+1","Reaper","Flame Barrier+1","Cleave+1","Dropkick","Twin Strike+1","Anger+1","Body Slam+1","Dual Wield+1","Havoc+1","Clothesline+1","The Bomb+1","Feel No Pain","Parasite","Power Through+1"],"relics":["Burning Blood","Mercury Hourglass","Regal Pillow","Red Skull","Strawberry","Thread and Needle","Sozu","Membership Card","WingedGreaves","War Paint","Blue Candle","Bag of Preparation","Kunai","Mark of Pain","Anchor","Bronze Scales","Bag of Marbles","Toxic Egg 2","Juzu Bracelet","Tiny Chest"],"potions_floor_usage":[1,3,6,6,13,16,20,27,40],"damage_taken":[{"damage":2,"enemies":"Small Slimes","floor":1,"turns":3},{"damage":5,"enemies":"Cultist","floor":2,"turns":4},{"damage":6,"enemies":"Jaw Worm","floor":4,"turns":3},{"damage":9,"enemies":"Blue Slaver","floor":5,"turns":4},{"damage":14,"enemies":"Gremlin Nob","floor":6,"turns":4},{"damage":17,"enemies":"3 Sentries","floor":8,"turns":8},{"damage":19,"enemies":"3 Sentries","floor":10,"turns":7},{"damage":4,"enemies":"Lots of Slimes","floor":12,"turns":3},{"damage":14,"enemies":"Gremlin Nob","floor":13,"turns":5},{"damage":44,"enemies":"Hexaghost","floor":16,"turns":10},{"damage":0,"enemies":"Shell Parasite","floor":18,"turns":5},{"damage":0,"enemies":"3 Byrds","floor":20,"turns":3},{"damage":5,"enemies":"Snake Plant","floor":22,"turns":4},{"damage":39,"enemies":"Slavers","floor":23,"turns":6},{"damage":39,"enemies":"Gremlin Leader","floor":25,"turns":7},{"damage":43,"enemies":"Slavers","floor":27,"turns":4},{"damage":0,"enemies":"Chosen and Byrds","floor":29,"turns":4},{"damage":0,"enemies":"Centurion and Healer","floor":30,"turns":3},{"damage":50,"enemies":"Automaton","floor":33,"turns":11},{"damage":21,"enemies":"3 Darklings","floor":35,"turns":6},{"damage":0,"enemies":"Orb Walker","floor":36,"turns":4},{"damage":0,"enemies":"Writhing Mass","floor":39,"turns":4},{"damage":14,"enemies":"Nemesis","floor":40,"turns":5},{"damage":11,"enemies":"Sphere and 2 Shapes","floor":41,"turns":4},{"damage":34,"enemies":"Giant Head","floor":42,"turns":9},{"damage":22,"enemies":"Nemesis","floor":44,"turns":5},{"damage":28,"enemies":"Maw","floor":46,"turns":6},{"damage":2,"enemies":"Writhing Mass","floor":48,"turns":3},{"damage":113,"enemies":"Time Eater","floor":50,"turns":10}],"seed_played":"-5847773964874171503","potions_obtained":[{"floor":0,"key":"SkillPotion"},{"floor":0,"key":"SneckoOil"},{"floor":0,"key":"SkillPotion"},{"floor":3,"key":"Fruit Juice"},{"floor":4,"key":"Energy Potion"},{"floor":6,"key":"SteroidPotion"},{"floor":10,"key":"GamblersBrew"},{"floor":14,"key":"AttackPotion"},{"floor":16,"key":"AttackPotion"}],"is_trial":false,"path_per_floor":["M","M","?","M","M","E","R","E","T","?","R","M","E","?","R","B",null,"M","$","M","?","M","E","R","E","T","E","R","M","M","$","R","B",null,"M","M","$","?","M","E","M","E","T","E","?","M","$","M","R","B"],"character_chosen":"IRONCLAD","items_purchased":["Membership Card","Spot Weakness","Secret Weapon","Kunai","Anchor","Bronze Scales","The Bomb+1","Feel No Pain"],"campfire_rested":1,"item_purchase_floors":[19,19,19,31,37,37,47,47],"current_hp_per_floor":[80,80,85,85,82,74,74,63,63,57,57,59,51,51,51,13,92,92,92,92,74,75,42,84,86,86,76,76,82,92,92,92,60,92,83,92,92,92,92,87,87,64,64,65,65,66,66,70,70,0],"gold":19,"neow_bonus":"THREE_SMALL_POTIONS","is_prod":false,"is_daily":false,"chose_seed":false,"campfire_upgraded":6,"win_rate":0,"timestamp":1542916095,"path_taken":["M","M","?","?","M","E","R","E","T","?","R","M","E","?","R","BOSS","M","?","M","?","M","E","R","E","T","E","R","?","M","$","R","BOSS","M","M","$","?","M","E","?","E","T","E","?","M","$","M","R","BOSS"],"build_version":"2018-11-15","purchased_purges":3,"victory":false,"max_hp_per_floor":[80,80,85,85,85,85,85,85,85,92,92,92,92,92,92,92,92,92,92,92,92,92,92,92,92,92,92,92,92,92,92,92,92,92,92,92,92,92,92,92,92,92,92,92,92,92,92,92,92,92],"card_choices":[{"not_picked":["Perfected Strike","Headbutt"],"picked":"Searing Blow","floor":1},{"not_picked":["Clash","Perfected Strike"],"picked":"Armaments","floor":2},{"not_picked":["Clothesline","Warcry"],"picked":"Anger","floor":4},{"not_picked":["Havoc","Hemokinesis"],"picked":"Armaments","floor":5},{"not_picked":["Feel No Pain","Corruption"],"picked":"Dropkick","floor":6},{"not_picked":["Demon Form","Body Slam"],"picked":"Flame Barrier","floor":8},{"not_picked":["Flex","Ghostly Armor"],"picked":"Rampage","floor":10},{"not_picked":["Power Through","Shockwave"],"picked":"Uppercut","floor":12},{"not_picked":["Corruption","Searing Blow"],"picked":"Flex","floor":13},{"not_picked":["Brutality","Bludgeon"],"picked":"Reaper","floor":16},{"not_picked":["Flex","Clothesline"],"picked":"Inflame+1","floor":18},{"not_picked":["Blood for Blood+1","Perfected Strike"],"picked":"Iron Wave","floor":20},{"not_picked":["Searing Blow","Rupture"],"picked":"Shrug It Off","floor":22},{"not_picked":["Rupture","Twin Strike"],"picked":"Infernal Blade+1","floor":23},{"not_picked":["Rupture","Combust"],"picked":"Dropkick","floor":25},{"not_picked":["Anger","True Grit+1","Armaments"],"picked":"SKIP","floor":27},{"not_picked":["Blood for Blood+1","Pommel Strike","Anger"],"picked":"SKIP","floor":29},{"not_picked":["Pommel Strike","Sword Boomerang"],"picked":"Power Through+1","floor":30},{"not_picked":["Dark Embrace","Offering"],"picked":"Reaper","floor":33},{"not_picked":["Warcry+1","Sentinel"],"picked":"Flame Barrier","floor":35},{"not_picked":["Warcry","Armaments"],"picked":"Cleave+1","floor":36},{"not_picked":["Corruption","Headbutt"],"picked":"Twin Strike+1","floor":39},{"not_picked":["Spot Weakness","Shockwave"],"picked":"Anger+1","floor":40},{"not_picked":["Rampage","Cleave+1"],"picked":"Body Slam+1","floor":41},{"not_picked":["Power Through","Pommel Strike"],"picked":"Dual Wield+1","floor":42},{"not_picked":["Shockwave+1","Power Through+1"],"picked":"Havoc+1","floor":44},{"not_picked":["Sword Boomerang+1","Cleave"],"picked":"Clothesline+1","floor":46},{"not_picked":["Flex+1","Heavy Blade"],"picked":"Power Through+1","floor":48}],"player_experience":331331,"relics_obtained":[{"floor":6,"key":"Mercury Hourglass"},{"floor":8,"key":"Regal Pillow"},{"floor":9,"key":"Red Skull"},{"floor":10,"key":"Strawberry"},{"floor":13,"key":"Thread and Needle"},{"floor":23,"key":"WingedGreaves"},{"floor":25,"key":"War Paint"},{"floor":26,"key":"Blue Candle"},{"floor":27,"key":"Bag of Preparation"},{"floor":40,"key":"Bag of Marbles"},{"floor":42,"key":"Toxic Egg 2"},{"floor":43,"key":"Juzu Bracelet"},{"floor":44,"key":"Tiny Chest"}],"event_choices":[{"damage_healed":0,"gold_gain":0,"player_choice":"Bought 1 Potion","damage_taken":0,"max_hp_gain":0,"max_hp_loss":0,"event_name":"The Woman in Blue","floor":3,"gold_loss":0},{"damage_healed":0,"gold_gain":0,"player_choice":"Searched \u00272\u0027 times","damage_taken":0,"max_hp_gain":0,"max_hp_loss":0,"event_name":"Dead Adventurer","floor":10,"gold_loss":0},{"damage_healed":0,"gold_gain":0,"player_choice":"Got Potions","damage_taken":0,"max_hp_gain":0,"max_hp_loss":0,"event_name":"Lab","floor":14,"gold_loss":0},{"damage_healed":0,"gold_gain":0,"player_choice":"CARD ","damage_taken":18,"max_hp_gain":0,"max_hp_loss":0,"event_name":"Knowing Skull","floor":21,"potions_obtained":[],"gold_loss":0,"cards_obtained":["Trip"]},{"damage_healed":0,"gold_gain":0,"cards_transformed":["Strike_R"],"player_choice":"Transformed","damage_taken":0,"max_hp_gain":0,"max_hp_loss":0,"event_name":"Transmorgrifier","floor":38,"gold_loss":0,"cards_obtained":["Dropkick"]},{"damage_healed":0,"gold_gain":0,"player_choice":"Ignored","damage_taken":0,"max_hp_gain":0,"max_hp_loss":0,"event_name":"SecretPortal","floor":45,"gold_loss":0}],"is_beta":false,"boss_relics":[{"not_picked":["Fusion Hammer","Snecko Eye"],"picked":"Sozu"},{"not_picked":["Black Star","Calling Bell"],"picked":"Mark of Pain"}],"items_purged_floors":[19,37,47],"is_endless":false,"potions_floor_spawned":[4,6,10,16,20,22,27,30,33,35,42,44,46],"killed_by":"Time Eater","ascension_level":0}