{"gold_per_floor":[17,17,17,17,37,37,53,53,80,109,109,143,143,155,155,155],"floor_reached":16,"playtime":667,"items_purged":[],"score":151,"play_id":"8adfd697-6440-4682-8560-0ddc4e721892","local_time":"20190115104803","is_ascension_mode":true,"campfire_choices":[{"data":"FTL","floor":6,"key":"SMITH"},{"data":"Dualcast","floor":8,"key":"SMITH"},{"data":"Genetic Algorithm","floor":11,"key":"SMITH"},{"data":"Loop","floor":13,"key":"SMITH"},{"data":"Glacier","floor":15,"key":"SMITH"}],"neow_cost":"NO_GOLD","seed_source_timestamp":19607225726917,"circlet_count":0,"master_deck":["Strike_B","Strike_B","Defend_B","Defend_B","Defend_B","Defend_B","Zap+1","Dualcast+1","Leap","FTL+1","Genetic Algorithm+1","Loop+1","Glacier+1"],"relics":["Cracked Core","Pen Nib","Singing Bowl","Happy Flower","Bronze Scales","Juzu Bracelet"],"potions_floor_usage":[10,12,16],"damage_taken":[{"damage":0,"enemies":"Small Slimes","floor":1,"turns":4},{"damage":0,"enemies":"Jaw Worm","floor":5,"turns":5},{"damage":0,"enemies":"Cultist","floor":7,"turns":3},{"damage":25,"enemies":"Gremlin Nob","floor":10,"turns":5},{"damage":8,"enemies":"Lagavulin","floor":12,"turns":7},{"damage":1,"enemies":"Looter","floor":14,"turns":3},{"damage":32,"enemies":"Slime Boss","floor":16,"turns":8}],"seed_played":"-795852540809739063","potions_obtained":[{"floor":1,"key":"SkillPotion"},{"floor":10,"key":"Weak Potion"},{"floor":14,"key":"Ancient Potion"}],"is_trial":false,"path_per_floor":["M","?","T","?","M","R","M","R","T","E","R","E","R","M","R","B"],"character_chosen":"DEFECT","items_purchased":[],"campfire_rested":0,"item_purchase_floors":[],"current_hp_per_floor":[68,61,61,61,61,61,63,63,63,38,38,30,30,29,29,0],"gold":155,"neow_bonus":"REMOVE_TWO","is_prod":false,"is_daily":false,"chose_seed":false,"campfire_upgraded":5,"win_rate":0,"timestamp":1547570883,"path_taken":["M","?","?","?","M","R","M","R","T","E","R","E","R","M","R","BOSS"],"build_version":"2019-01-10","purchased_purges":0,"victory":false,"max_hp_per_floor":[75,75,75,75,75,75,77,77,77,77,77,77,77,77,77,77],"card_choices":[{"not_picked":["Capacitor","Stack"],"picked":"Leap","floor":1},{"not_picked":["Rebound","Hologram"],"picked":"FTL","floor":5},{"not_picked":["Blizzard","Leap","Turbo"],"picked":"Singing Bowl","floor":7},{"not_picked":["Reprogram","BootSequence"],"picked":"Genetic Algorithm","floor":10},{"not_picked":["Hyperbeam","Static Discharge"],"picked":"Loop","floor":12},{"not_picked":["Doom and Gloom","Barrage"],"picked":"Glacier","floor":14}],"player_experience":616994,"relics_obtained":[{"floor":3,"key":"Singing Bowl"},{"floor":9,"key":"Happy Flower"},{"floor":10,"key":"Bronze Scales"},{"floor":12,"key":"Juzu Bracelet"}],"event_choices":[{"damage_healed":0,"gold_gain":0,"player_choice":"Success","damage_taken":7,"relics_obtained":["Pen Nib"],"max_hp_gain":0,"max_hp_loss":0,"event_name":"Scrap Ooze","floor":2,"gold_loss":0},{"damage_healed":0,"gold_gain":0,"player_choice":"Forge","damage_taken":0,"max_hp_gain":0,"max_hp_loss":0,"event_name":"Accursed Blacksmith","floor":4,"gold_loss":0,"cards_upgraded":["Zap"]}],"is_beta":false,"boss_relics":[],"items_purged_floors":[],"is_endless":false,"potions_floor_spawned":[1,10,14],"killed_by":"Slime Boss","ascension_level":8}