{"gold_per_floor":[113,113,38,57,77,77,104,123,146,146,146,42,42,59,59,159,159,170,180,180,190,190,220,220,16,16,29,44,44,44,62,62,62],"floor_reached":33,"playtime":1555,"items_purged":["Defend_G","Strike_G+1"],"score":336,"play_id":"29136ecf-b428-4e93-8763-588359c206e5","local_time":"20181223171118","is_ascension_mode":true,"campfire_choices":[{"data":"Neutralize","floor":6,"key":"SMITH"},{"data":"Noxious Fumes","floor":10,"key":"SMITH"},{"data":"Footwork","floor":13,"key":"SMITH"},{"data":"Backflip","floor":15,"key":"SMITH"},{"floor":24,"key":"REST"},{"floor":29,"key":"REST"},{"floor":32,"key":"REST"}],"neow_cost":"NONE","seed_source_timestamp":29107749043191,"circlet_count":0,"master_deck":["Defend_G+1","Defend_G+1","Defend_G+1","Defend_G+1","Strike_G+1","Strike_G+1","Strike_G+1","Strike_G+1","Survivor","Neutralize+1","Cloak And Dagger","Deadly Poison","Backflip+1","Flying Knee","Noxious Fumes+1","Footwork+1","Dagger Spray","Deflect","Adrenaline","Dodge and Roll+1","Cloak And Dagger","Dodge and Roll+1","Leg Sweep","Well Laid Plans","Bane","Deflect"],"relics":["Ring of the Snake","Pen Nib","Snake Skull","Ancient Tea Set","Black Star","Juzu Bracelet","Shuriken","Ninja Scroll","Enchiridion"],"potions_floor_usage":[7,8,16,20,21,23,28,31],"damage_taken":[{"damage":1,"enemies":"Small Slimes","floor":1,"turns":5},{"damage":0,"enemies":"Cultist","floor":4,"turns":4},{"damage":2,"enemies":"Jaw Worm","floor":5,"turns":4},{"damage":12,"enemies":"3 Sentries","floor":7,"turns":13},{"damage":2,"enemies":"Gremlin Gang","floor":8,"turns":6},{"damage":0,"enemies":"Blue Slaver","floor":14,"turns":2},{"damage":4,"enemies":"Hexaghost","floor":16,"turns":8},{"damage":13,"enemies":"Spheric Guardian","floor":18,"turns":5},{"damage":6,"enemies":"Shell Parasite","floor":19,"turns":8},{"damage":2,"enemies":"Snecko","floor":20,"turns":4},{"damage":17,"enemies":"Snake Plant","floor":21,"turns":6},{"damage":23,"enemies":"Slavers","floor":23,"turns":9},{"damage":3,"enemies":"Centurion and Healer","floor":27,"turns":7},{"damage":14,"enemies":"Sentry and Sphere","floor":28,"turns":6},{"damage":0,"enemies":"Snake Plant","floor":31,"turns":3},{"damage":43,"enemies":"Automaton","floor":33,"turns":6}],"seed_played":"4873758663355410550","potions_obtained":[{"floor":1,"key":"Block Potion"},{"floor":7,"key":"GhostInAJar"},{"floor":11,"key":"Poison Potion"},{"floor":11,"key":"Dexterity Potion"},{"floor":11,"key":"SmokeBomb"},{"floor":21,"key":"Fire Potion"},{"floor":27,"key":"Poison Potion"},{"floor":28,"key":"EssenceOfSteel"}],"is_trial":false,"path_per_floor":["M","?","$","M","M","R","E","M","T","R","?","$","R","M","R","B",null,"M","M","M","M","?","E","R","$","T","M","M","R","?","M","R","B"],"character_chosen":"THE_SILENT","items_purchased":["Footwork","Dagger Spray","Well Laid Plans","Bane"],"campfire_rested":3,"item_purchase_floors":[12,12,25,25],"current_hp_per_floor":[69,69,69,69,67,67,55,53,53,53,53,53,53,53,53,49,65,52,46,44,27,27,4,25,25,25,22,8,29,13,13,34,0],"gold":62,"neow_bonus":"RANDOM_COMMON_RELIC","is_prod":false,"is_daily":false,"chose_seed":false,"campfire_upgraded":4,"win_rate":0,"timestamp":1545581478,"path_taken":["M","?","$","?","M","R","E","M","T","R","?","$","R","M","R","BOSS","M","M","M","?","?","E","R","$","T","M","M","R","?","M","R","BOSS"],"build_version":"2018-12-20","purchased_purges":2,"victory":false,"max_hp_per_floor":[70,70,70,70,70,70,70,70,70,70,70,70,70,70,70,70,70,70,70,70,70,70,70,70,70,70,70,70,70,70,70,70,70],"card_choices":[{"not_picked":["Reflex","Escape Plan"],"picked":"Cloak And Dagger","floor":1},{"not_picked":["Calculated Gamble","Quick Slash"],"picked":"Deadly Poison","floor":4},{"not_picked":["Bouncing Flask","Catalyst"],"picked":"Backflip","floor":5},{"not_picked":["Backflip","Tactician"],"picked":"Flying Knee","floor":7},{"not_picked":["Dodge and Roll","Slice"],"picked":"Noxious Fumes","floor":8},{"not_picked":["Reflex","Heel Hook"],"picked":"Deflect","floor":14},{"not_picked":["Bullet Time","Malaise"],"picked":"Adrenaline","floor":16},{"not_picked":["Slice","Endless Agony+1"],"picked":"Dodge and Roll+1","floor":18},{"not_picked":["Expertise","Finisher"],"picked":"Cloak And Dagger","floor":19},{"not_picked":["Poisoned Stab","Blade Dance"],"picked":"Dodge and Roll+1","floor":21},{"not_picked":["Tools of the Trade","PiercingWail+1"],"picked":"Leg Sweep","floor":23},{"not_picked":["Setup+1","Dagger Throw+1","Deadly Poison"],"picked":"SKIP","floor":27},{"not_picked":["Eviscerate+1","Sucker Punch","Dodge and Roll"],"picked":"SKIP","floor":28},{"not_picked":["Cloak And Dagger","Finisher+1"],"picked":"Deflect","floor":31}],"player_experience":438224,"relics_obtained":[{"floor":7,"key":"Snake Skull"},{"floor":9,"key":"Ancient Tea Set"},{"floor":23,"key":"Juzu Bracelet"},{"floor":23,"key":"Shuriken"},{"floor":26,"key":"Ninja Scroll"},{"floor":30,"key":"Enchiridion"}],"event_choices":[{"damage_healed":0,"gold_gain":0,"player_choice":"Bought 0 Potions","damage_taken":0,"max_hp_gain":0,"max_hp_loss":0,"event_name":"The Woman in Blue","floor":2,"gold_loss":0},{"damage_healed":0,"gold_gain":0,"player_choice":"Got Potions","damage_taken":0,"max_hp_gain":0,"max_hp_loss":0,"event_name":"Lab","floor":11,"gold_loss":0},{"damage_healed":0,"gold_gain":0,"player_choice":"Simplicity","damage_taken":0,"max_hp_gain":0,"max_hp_loss":0,"event_name":"Back to Basics","floor":22,"gold_loss":0,"cards_upgraded":["Defend_G","Defend_G","Defend_G","Defend_G","Strike_G","Strike_G","Strike_G","Strike_G","Strike_G"]},{"damage_healed":0,"gold_gain":0,"player_choice":"Obtained Book","damage_taken":16,"max_hp_gain":0,"max_hp_loss":0,"event_name":"Cursed Tome","floor":30,"gold_loss":0}],"is_beta":false,"boss_relics":[{"not_picked":["Coffee Dripper","Pandora\u0027s Box"],"picked":"Black Star"}],"items_purged_floors":[3,25],"is_endless":false,"potions_floor_spawned":[1,7,14,21,27,28],"killed_by":"Automaton","ascension_level":5}