{"gold_per_floor":[214,229,179,193,47,47,65,95,95,95,109,109,144,144,144,240,240,258,271,128,146,146],"floor_reached":22,"playtime":1245,"items_purged":["Injury"],"score":323,"play_id":"0c5f8b53-3845-4903-a104-77f17380327f","local_time":"20190129222201","is_ascension_mode":true,"campfire_choices":[{"data":"Hemokinesis","floor":6,"key":"SMITH"},{"floor":15,"key":"REST"}],"neow_cost":"NONE","seed_source_timestamp":1660271426881595,"circlet_count":0,"master_deck":["AscendersBane","Strike_R","Strike_R","Strike_R","Strike_R","Defend_R+1","Defend_R","Defend_R","Defend_R+1","Bash","Hemokinesis+1","Cleave","Shrug It Off","Pommel Strike","Fiend Fire","Metallicize","Shrug It Off"],"relics":["Burning Blood","PreservedInsect","War Paint","Sundial","Golden Idol","Pear","Velvet Choker"],"potions_floor_usage":[11,16,16,19],"damage_taken":[{"damage":10,"enemies":"Small Slimes","floor":1,"turns":5},{"damage":10,"enemies":"2 Louse","floor":2,"turns":4},{"damage":5,"enemies":"Jaw Worm","floor":4,"turns":3},{"damage":9,"enemies":"Looter","floor":7,"turns":3},{"damage":18,"enemies":"Gremlin Nob","floor":8,"turns":3},{"damage":15,"enemies":"2 Fungi Beasts","floor":11,"turns":3},{"damage":12,"enemies":"Lagavulin","floor":13,"turns":7},{"damage":73,"enemies":"Slime Boss","floor":16,"turns":16},{"damage":22,"enemies":"2 Thieves","floor":18,"turns":5},{"damage":17,"enemies":"3 Byrds","floor":19,"turns":5},{"damage":30,"enemies":"Centurion and Healer","floor":21,"turns":7},{"damage":27,"enemies":"3 Cultists","floor":22,"turns":5}],"seed_played":"-6170289147155403702","potions_obtained":[{"floor":2,"key":"BloodPotion"},{"floor":8,"key":"Poison Potion"},{"floor":13,"key":"Regen Potion"},{"floor":18,"key":"PowerPotion"}],"is_trial":false,"path_per_floor":["M","M","?","M","$","R","M","E","T","?","M","?","E","?","R","B",null,"M","M","$","M","M"],"character_chosen":"IRONCLAD","items_purchased":["PreservedInsect","Metallicize"],"campfire_rested":1,"item_purchase_floors":[5,20],"current_hp_per_floor":[68,64,64,65,65,65,62,50,50,50,41,41,45,45,72,29,75,59,48,48,24,0],"gold":146,"neow_bonus":"HUNDRED_GOLD","is_prod":false,"is_daily":false,"chose_seed":false,"campfire_upgraded":1,"win_rate":0,"timestamp":1548818521,"path_taken":["M","M","?","M","$","R","M","E","T","?","M","?","E","?","R","BOSS","M","M","$","M","M"],"build_version":"2019-01-23","purchased_purges":1,"victory":false,"max_hp_per_floor":[80,80,80,80,80,80,80,80,80,80,80,80,90,90,90,90,90,90,90,90,90,90],"card_choices":[{"not_picked":["Thunderclap","Warcry","Heavy Blade"],"picked":"SKIP","floor":1},{"not_picked":["Clothesline","Rupture"],"picked":"Hemokinesis","floor":2},{"not_picked":["Reckless Charge","Anger"],"picked":"Cleave","floor":4},{"not_picked":["Sword Boomerang","Clash","Dual Wield"],"picked":"SKIP","floor":7},{"not_picked":["Blood for Blood","Brutality","Power Through"],"picked":"SKIP","floor":8},{"not_picked":["Whirlwind","Havoc"],"picked":"Shrug It Off","floor":11},{"not_picked":["Pummel","Evolve"],"picked":"Pommel Strike","floor":13},{"not_picked":["Bludgeon","Juggernaut"],"picked":"Fiend Fire","floor":16},{"not_picked":["Pommel Strike","Sword Boomerang","Blood for Blood"],"picked":"SKIP","floor":18},{"not_picked":["Warcry+1","Cleave","Pommel Strike"],"picked":"SKIP","floor":19},{"not_picked":["Searing Blow","Entrench"],"picked":"Shrug It Off","floor":21}],"player_experience":514610,"relics_obtained":[{"floor":8,"key":"War Paint"},{"floor":9,"key":"Sundial"},{"floor":13,"key":"Pear"}],"event_choices":[{"cards_removed":["Strike_R"],"damage_healed":0,"gold_gain":0,"player_choice":"Card Removal","damage_taken":0,"max_hp_gain":0,"max_hp_loss":0,"event_name":"The Cleric","floor":3,"gold_loss":50},{"damage_healed":0,"gold_gain":0,"player_choice":"Take Wound","damage_taken":0,"relics_obtained":["Golden Idol"],"max_hp_gain":0,"max_hp_loss":0,"event_name":"Golden Idol","floor":10,"gold_loss":0,"cards_obtained":["Injury"]},{"damage_healed":0,"gold_gain":0,"player_choice":"Ignored","damage_taken":0,"max_hp_gain":0,"max_hp_loss":0,"event_name":"Liars Game","floor":12,"gold_loss":0},{"damage_healed":0,"gold_gain":0,"player_choice":"Searched \u00271\u0027 times","damage_taken":0,"max_hp_gain":0,"max_hp_loss":0,"event_name":"Dead Adventurer","floor":14,"gold_loss":0}],"is_beta":false,"boss_relics":[{"not_picked":["White Beast Statue","Cursed Key"],"picked":"Velvet Choker"}],"items_purged_floors":[20],"is_endless":false,"potions_floor_spawned":[2,8,13,18],"killed_by":"3 Cultists","ascension_level":13}