{"gold_per_floor":[117,135,310,385,127,155,155,115,191,216,235,254,274,284,284,380,380,399,296,296,315,315,315],"floor_reached":23,"playtime":1394,"items_purged":["Doubt"],"score":347,"play_id":"8233a7b5-526f-452c-949b-5a89e486edac","local_time":"20190301175544","is_ascension_mode":true,"campfire_choices":[{"floor":7,"key":"REST"},{"data":"Armaments","floor":15,"key":"SMITH"}],"neow_cost":"PERCENT_DAMAGE","seed_source_timestamp":14432222334488,"circlet_count":0,"master_deck":["AscendersBane","Defend_R","Defend_R","Defend_R","Defend_R","Bash","Clash","Thunderclap","Inflame","Armaments+1","Cleave","Shrug It Off","Feel No Pain","Ghostly Armor","Feel No Pain","Clothesline","Dark Embrace","Havoc","Feel No Pain","Bite","Bite","Bite","Bite","Bite"],"relics":["Burning Blood","Bird Faced Urn","Oddly Smooth Stone","Matryoshka","Paper Frog","Sozu","Gremlin Horn"],"potions_floor_usage":[10,16,23,23],"damage_taken":[{"damage":2,"enemies":"Small Slimes","floor":1,"turns":5},{"damage":3,"enemies":"2 Louse","floor":2,"turns":3},{"damage":29,"enemies":"Gremlin Nob","floor":6,"turns":4},{"damage":6,"enemies":"3 Sentries","floor":10,"turns":7},{"damage":0,"enemies":"Jaw Worm","floor":11,"turns":3},{"damage":5,"enemies":"Gremlin Gang","floor":12,"turns":3},{"damage":0,"enemies":"Large Slime","floor":13,"turns":7},{"damage":2,"enemies":"Looter","floor":14,"turns":4},{"damage":22,"enemies":"Slime Boss","floor":16,"turns":11},{"damage":0,"enemies":"Chosen","floor":18,"turns":8},{"damage":8,"enemies":"Shell Parasite","floor":21,"turns":8},{"damage":81,"enemies":"Book of Stabbing","floor":23,"turns":8}],"seed_played":"-4428211439505471508","potions_obtained":[{"floor":2,"key":"Energy Potion"},{"floor":10,"key":"Poison Potion"},{"floor":12,"key":"Energy Potion"},{"floor":14,"key":"Fire Potion"},{"floor":16,"key":"AttackPotion"}],"is_trial":false,"path_per_floor":["?","?","$","M","?","?"],"character_chosen":"IRONCLAD","items_purchased":["Inflame","Armaments","Cleave","Shrug It Off","Feel No Pain","Havoc","Feel No Pain"],"campfire_rested":1,"item_purchase_floors":[5,5,5,5,8,19,19],"current_hp_per_floor":[55,58,58,47,47,26,50,50,50,52,60,63,73,80,80,66,77,80,80,56,56,56,0],"gold":315,"neow_bonus":"ONE_RARE_RELIC","is_prod":false,"is_daily":false,"chose_seed":false,"campfire_upgraded":1,"win_rate":0,"timestamp":1551459344,"path_taken":["M","M","?","?","$","E","R","?","T","E","M","?","M","M","R","BOSS","M","$","?","M","?","E"],"build_version":"2019-01-23","purchased_purges":1,"victory":false,"max_hp_per_floor":[80,80,80,80,80,80,80,80,80,80,80,80,80,80,80,80,80,80,80,56,56,56,56],"card_choices":[{"not_picked":["Heavy Blade","Second Wind"],"picked":"Clash","floor":1},{"not_picked":["Anger","Twin Strike"],"picked":"Thunderclap","floor":2},{"not_picked":["Searing Blow","Headbutt","Anger"],"picked":"SKIP","floor":6},{"not_picked":["Burning Pact","Hemokinesis"],"picked":"Ghostly Armor","floor":10},{"not_picked":["Clash","Cleave","Thunderclap"],"picked":"SKIP","floor":11},{"not_picked":["Sword Boomerang","Twin Strike"],"picked":"Feel No Pain","floor":12},{"not_picked":["Seeing Red","Berserk"],"picked":"Clothesline","floor":13},{"not_picked":["Infernal Blade","Clash","Seeing Red"],"picked":"SKIP","floor":14},{"not_picked":["Fiend Fire","Impervious"],"picked":"Dark Embrace","floor":16},{"not_picked":["Rupture+1","Twin Strike","Heavy Blade"],"picked":"SKIP","floor":18},{"not_picked":["Power Through","Iron Wave","Anger"],"picked":"SKIP","floor":21}],"player_experience":342076,"relics_obtained":[{"floor":6,"key":"Oddly Smooth Stone"},{"floor":9,"key":"Matryoshka"},{"floor":10,"key":"Paper Frog"}],"event_choices":[{"damage_healed":0,"gold_gain":175,"player_choice":"AGREE","damage_taken":0,"max_hp_gain":0,"max_hp_loss":0,"event_name":"Liars Game","floor":3,"gold_loss":0,"cards_obtained":["Doubt"]},{"damage_healed":0,"gold_gain":75,"player_choice":"Gather Gold","damage_taken":11,"max_hp_gain":0,"max_hp_loss":0,"event_name":"World of Goop","floor":4,"gold_loss":0},{"damage_healed":0,"gold_gain":0,"player_choice":"Became a vampire","damage_taken":0,"max_hp_gain":0,"max_hp_loss":24,"event_name":"Vampires","floor":20,"gold_loss":0,"cards_obtained":["Bite","Bite","Bite","Bite","Bite"]},{"damage_healed":0,"gold_gain":0,"player_choice":"Opened","damage_taken":0,"relics_obtained":["Gremlin Horn"],"max_hp_gain":0,"max_hp_loss":0,"event_name":"The Mausoleum","floor":22,"gold_loss":0}],"is_beta":false,"boss_relics":[{"not_picked":["Calling Bell","Velvet Choker"],"picked":"Sozu"}],"items_purged_floors":[5],"is_endless":false,"potions_floor_spawned":[2,10,12,14,16,21],"killed_by":"Book of Stabbing","ascension_level":12}