{"gold_per_floor":[114,114,124,124,10,37,37,71,71,81,95,113,132,148,148,252,252,177,177,87,87,87,87,87,87,87,87,87,38,38,38,38,38,38,38,38,38,38,38,38,38,38,38,0,0,0,0,0,0,0],"floor_reached":51,"playtime":5571,"items_purged":[],"score":658,"play_id":"e93a4a71-b534-43ac-b7b9-d5b8e42ce4ff","local_time":"20181006042322","is_ascension_mode":false,"campfire_choices":[{"floor":7,"key":"REST"},{"floor":15,"key":"REST"},{"data":"Adrenaline","floor":23,"key":"SMITH"},{"data":"RitualDagger","floor":32,"key":"SMITH"},{"floor":40,"key":"REST"},{"floor":49,"key":"REST"}],"neow_cost":"TEN_PERCENT_HP_LOSS","seed_source_timestamp":40991077682194,"circlet_count":0,"master_deck":["Defend_G+1","Defend_G+1","Defend_G+1","Defend_G+1","Defend_G+1","Strike_G+1","Strike_G+1","Strike_G+1","Strike_G+1","Survivor","Neutralize","Die Die Die","Cloak And Dagger","Accuracy","Leg Sweep","All Out Attack","Footwork","Prepared","Deadly Poison","Backstab","Adrenaline+1","Backstab+1","Cloak And Dagger","Blind","RitualDagger+1","Backflip","Blade Dance","Cloak And Dagger+1","Backflip","Finisher+1","Blade Dance+1","Well Laid Plans+1","Madness","Madness"],"relics":["Ring of the Snake","Ginger","Torii","Paper Crane","Ectoplasm","Gremlin Horn","Matryoshka","Sozu","Dead Branch","Kunai","Smiling Mask","Old Coin","Red Mask"],"potions_floor_usage":[6,6,8,16,16,18,18,24,33,33,33],"damage_taken":[{"damage":0,"enemies":"Jaw Worm","floor":1,"turns":6},{"damage":0,"enemies":"Small Slimes","floor":3,"turns":2},{"damage":5,"enemies":"3 Sentries","floor":6,"turns":8},{"damage":17,"enemies":"Lagavulin","floor":8,"turns":15},{"damage":0,"enemies":"Cultist","floor":10,"turns":5},{"damage":0,"enemies":"3 Louse","floor":11,"turns":2},{"damage":0,"enemies":"Looter","floor":12,"turns":5},{"damage":7,"enemies":"Exordium Wildlife","floor":13,"turns":5},{"damage":0,"enemies":"Large Slime","floor":14,"turns":4},{"damage":13,"enemies":"Hexaghost","floor":16,"turns":15},{"damage":2,"enemies":"2 Thieves","floor":18,"turns":4},{"damage":1,"enemies":"Spheric Guardian","floor":19,"turns":5},{"damage":0,"enemies":"Gremlin Leader","floor":24,"turns":7},{"damage":0,"enemies":"Snecko","floor":27,"turns":5},{"damage":0,"enemies":"Cultist and Chosen","floor":28,"turns":7},{"damage":0,"enemies":"Chosen and Byrds","floor":30,"turns":7},{"damage":1,"enemies":"Snake Plant","floor":31,"turns":4},{"damage":50,"enemies":"Automaton","floor":33,"turns":15},{"damage":2,"enemies":"3 Shapes","floor":35,"turns":4},{"damage":21,"enemies":"Mind Bloom Boss Battle","floor":36,"turns":9},{"damage":10,"enemies":"Orb Walker","floor":38,"turns":3},{"damage":0,"enemies":"Transient","floor":41,"turns":5},{"damage":0,"enemies":"Reptomancer","floor":42,"turns":2},{"damage":0,"enemies":"Maw","floor":45,"turns":5},{"damage":0,"enemies":"3 Darklings","floor":46,"turns":3},{"damage":11,"enemies":"Time Eater","floor":50,"turns":15}],"seed_played":"-3601002193156264443","potions_obtained":[{"floor":1,"key":"LiquidBronze"},{"floor":3,"key":"EntropicBrew"},{"floor":8,"key":"SkillPotion"},{"floor":16,"key":"EntropicBrew"},{"floor":19,"key":"Dexterity Potion"},{"floor":30,"key":"EssenceOfSteel"},{"floor":33,"key":"Swift Potion"}],"is_trial":false,"path_per_floor":["M","?","M","$","$","E","R","E","T","M","M","M","M","M","R","B",null,"M","M","$","?","?","R","E","?","T","M","M","$","M","M","R","B",null,"M","?","?","M","?","R","M","M","T","?","M","M","?","$","R","B"],"character_chosen":"THE_SILENT","items_purchased":["Accuracy","Leg Sweep","Blind","Blade Dance"],"campfire_rested":4,"item_purchase_floors":[5,5,20,29],"current_hp_per_floor":[63,50,50,50,50,45,63,46,46,46,46,46,39,39,57,44,63,61,60,60,60,60,60,60,54,54,54,54,54,54,53,53,3,63,61,40,40,30,30,48,48,48,48,48,48,48,40,40,58,47],"gold":0,"neow_bonus":"THREE_RARE_CARDS","is_prod":false,"is_daily":false,"chose_seed":false,"campfire_upgraded":2,"win_rate":0,"timestamp":1538792602,"path_taken":["M","?","M","?","$","E","R","E","T","M","M","M","M","M","R","BOSS","M","M","$","?","?","R","E","?","T","M","M","$","M","?","R","BOSS","M","?","?","M","?","R","M","?","T","?","M","M","?","$","R","BOSS"],"build_version":"2018-09-20","purchased_purges":0,"victory":true,"max_hp_per_floor":[63,63,63,63,63,63,63,63,63,63,63,63,63,63,63,63,63,63,63,63,63,63,63,63,63,63,63,63,63,63,63,63,63,63,63,63,63,63,63,63,63,63,63,63,63,63,63,63,63,63],"card_choices":[{"not_picked":["Burst","Envenom"],"picked":"Die Die Die","floor":0},{"not_picked":["Skewer","Outmaneuver","Tactician"],"picked":"SKIP","floor":1},{"not_picked":["Outmaneuver","Blade Dance"],"picked":"Cloak And Dagger","floor":3},{"not_picked":["Quick Slash","Caltrops"],"picked":"All Out Attack","floor":6},{"not_picked":["Dodge and Roll","A Thousand Cuts"],"picked":"Footwork","floor":8},{"not_picked":["Acrobatics","Masterful Stab","Predator"],"picked":"SKIP","floor":10},{"not_picked":["Bane","Dodge and Roll"],"picked":"Prepared","floor":11},{"not_picked":["Catalyst","Dash"],"picked":"Deadly Poison","floor":12},{"not_picked":["Dagger Spray","Catalyst"],"picked":"Backstab","floor":13},{"not_picked":["Predator","Footwork","Distraction"],"picked":"SKIP","floor":14},{"not_picked":["Venomology","Wraith Form v2"],"picked":"Adrenaline","floor":16},{"not_picked":["Quick Slash+1","Dodge and Roll"],"picked":"Backstab+1","floor":18},{"not_picked":["Acrobatics","Flying Knee+1"],"picked":"Cloak And Dagger","floor":19},{"not_picked":["After Image","Underhanded Strike","Dodge and Roll"],"picked":"SKIP","floor":24},{"not_picked":["Deadly Poison","Dagger Throw"],"picked":"Backflip","floor":27},{"not_picked":["Flying Knee","Calculated Gamble+1","Poisoned Stab"],"picked":"SKIP","floor":28},{"not_picked":["Deadly Poison","Skewer","Sucker Punch+1"],"picked":"SKIP","floor":30},{"not_picked":["Reflex","Skewer+1","Choke"],"picked":"SKIP","floor":31},{"not_picked":["Dagger Throw","Flying Knee+1"],"picked":"Cloak And Dagger+1","floor":35},{"not_picked":["Quick Slash","Heel Hook"],"picked":"Backflip","floor":36},{"not_picked":["Cloak And Dagger+1","Poisoned Stab+1"],"picked":"Finisher+1","floor":38},{"not_picked":["Night Terror","Dodge and Roll"],"picked":"Blade Dance+1","floor":41},{"not_picked":["Slice+1","Footwork+1","Quick Slash+1"],"picked":"SKIP","floor":42},{"not_picked":["Heel Hook","Underhanded Strike"],"picked":"Well Laid Plans+1","floor":45},{"not_picked":["Predator","Corpse Explosion","Quick Slash"],"picked":"SKIP","floor":46}],"player_experience":107014,"relics_obtained":[{"floor":6,"key":"Ginger"},{"floor":8,"key":"Torii"},{"floor":9,"key":"Paper Crane"},{"floor":24,"key":"Gremlin Horn"},{"floor":26,"key":"Matryoshka"},{"floor":36,"key":"Dead Branch"},{"floor":37,"key":"Kunai"},{"floor":43,"key":"Smiling Mask"},{"floor":43,"key":"Old Coin"}],"event_choices":[{"event_name":"Shining Light","player_choice":"Entered Light","floor":2,"damage_taken":0},{"event_name":"Vampires","player_choice":"Ignored","floor":21,"damage_taken":0},{"event_name":"Back to Basics","player_choice":"Simplicity","floor":22,"damage_taken":0},{"event_name":"Nest","player_choice":"Joined the Cult","floor":25,"damage_taken":0},{"event_name":"MindBloom","player_choice":"Fight","floor":36,"damage_taken":0},{"event_name":"Wheel of Change","player_choice":"Relic","floor":37,"damage_taken":0},{"event_name":"Falling","player_choice":"Removed Attack","floor":39,"damage_taken":0},{"event_name":"Tomb of Lord Red Mask","player_choice":"Paid","floor":44,"damage_taken":0},{"event_name":"Winding Halls","player_choice":"Embrace Madness","floor":47,"damage_taken":0}],"is_beta":false,"boss_relics":[{"not_picked":["Eternal Feather","White Beast Statue"],"picked":"Ectoplasm"},{"not_picked":["Philosopher\u0027s Stone","Runic Pyramid"],"picked":"Sozu"}],"items_purged_floors":[],"is_endless":false,"potions_floor_spawned":[1,3,8,16,19,30,33,35,41,45],"ascension_level":0}