{"gold_per_floor":[118,118,132,144,41,66,66,66,121,121,121,141,66,80,80,80],"floor_reached":16,"playtime":656,"items_purged":["Strike_R"],"score":100,"play_id":"64dce0d6-a5ce-498f-b9d1-3a0f66685656","local_time":"20180731225859","is_ascension_mode":false,"campfire_choices":[{"data":"Body Slam","floor":7,"key":"SMITH"},{"data":"Seeing Red","floor":10,"key":"SMITH"},{"floor":15,"key":"REST"}],"neow_cost":"NONE","seed_source_timestamp":1575730747559248,"circlet_count":0,"master_deck":["Strike_R","Strike_R","Strike_R","Strike_R","Defend_R","Defend_R","Defend_R","Defend_R","Bash","Seeing Red+1","Armaments","Body Slam+1","Flame Barrier","Iron Wave"],"relics":["Burning Blood","Oddly Smooth Stone","Gremlin Horn","Tiny Chest"],"potions_floor_usage":[16,16,16],"damage_taken":[{"damage":6,"enemies":"Jaw Worm","floor":1,"turns":7},{"damage":6,"enemies":"2 Louse","floor":3,"turns":2},{"damage":0,"enemies":"Small Slimes","floor":4,"turns":4},{"damage":24,"enemies":"3 Sentries","floor":6,"turns":9},{"damage":0,"enemies":"3 Louse","floor":12,"turns":5},{"damage":13,"enemies":"Blue Slaver","floor":14,"turns":5},{"damage":87,"enemies":"Slime Boss","floor":16,"turns":11}],"seed_played":"-8977066723941416792","potions_obtained":[{"floor":1,"key":"EssenceOfSteel"}],"is_trial":false,"path_per_floor":["M","?","M","M","$","E","R","$","T","R","?","M","$","M","R"],"character_chosen":"IRONCLAD","items_purchased":["Armaments","Body Slam"],"campfire_rested":1,"item_purchase_floors":[5,5],"current_hp_per_floor":[80,68,68,74,74,56,56,56,56,56,56,62,62,55,79,0],"gold":80,"neow_bonus":"THREE_SMALL_POTIONS","is_prod":false,"is_daily":false,"chose_seed":false,"campfire_upgraded":2,"win_rate":0,"timestamp":1533070739,"path_taken":["M","?","M","M","$","E","R","$","T","R","?","M","$","M","R","BOSS"],"build_version":"2018-07-26","purchased_purges":1,"victory":false,"max_hp_per_floor":[80,80,80,80,80,80,80,80,80,80,80,80,80,80,80,85],"card_choices":[{"not_picked":["Searing Blow","Battle Trance"],"picked":"Seeing Red","floor":1},{"not_picked":["Warcry","Clash","Perfected Strike"],"picked":"SKIP","floor":3},{"not_picked":["Thunderclap","Anger","Warcry"],"picked":"SKIP","floor":4},{"not_picked":["Combust","Burning Pact","Clothesline"],"picked":"SKIP","floor":6},{"not_picked":["Shrug It Off","Uppercut"],"picked":"Flame Barrier","floor":12},{"not_picked":["Clash","Spot Weakness"],"picked":"Iron Wave","floor":14}],"player_experience":94915,"relics_obtained":[{"floor":6,"key":"Gremlin Horn"},{"floor":9,"key":"Tiny Chest"}],"event_choices":[{"event_name":"Scrap Ooze","player_choice":"success","floor":2,"damage_taken":12},{"event_name":"Shining Light","player_choice":"Ignored","floor":11,"damage_taken":0}],"is_beta":false,"boss_relics":[],"items_purged_floors":[13],"is_endless":false,"potions_floor_spawned":[1,14],"killed_by":"Slime Boss","ascension_level":0}