{"gold_per_floor":[111,124,140,140,157,157,186,186,186,186,186,211,230,249,249,377,377,400,400,8,27,70,70],"floor_reached":23,"playtime":1046,"items_purged":[],"score":321,"play_id":"ccde55a7-41a3-4de3-9403-8c81767416db","local_time":"20190121231214","is_ascension_mode":true,"campfire_choices":[{"data":"Creative AI","floor":6.0,"key":"SMITH"},{"floor":8.0,"key":"REST"},{"floor":15,"key":"REST"}],"neow_cost":"PERCENT_DAMAGE","seed_source_timestamp":582176256504463,"circlet_count":0,"master_deck":["AscendersBane","Strike_B","Strike_B","Strike_B","Strike_B","Defend_B","Defend_B","Defend_B","Defend_B","Zap","Dualcast","Creative AI+1","Streamline","Melter","Cold Snap","Compile Driver","Auto Shields","Core Surge","Steam","Go for the Eyes","Go for the Eyes"],"special_seed":0,"relics":["Cracked Core","Mango","Shovel","Unceasing Top","Golden Idol","DataDisk","Philosopher\u0027s Stone","Lantern","Runic Capacitor","Red Mask"],"potions_floor_usage":[14,16,22],"damage_taken":[{"damage":0.0,"enemies":"Cultist","floor":1.0,"turns":3.0},{"damage":12.0,"enemies":"Jaw Worm","floor":2.0,"turns":4.0},{"damage":5.0,"enemies":"Small Slimes","floor":3.0,"turns":3.0},{"damage":1.0,"enemies":"2 Fungi Beasts","floor":5.0,"turns":3.0},{"damage":28.0,"enemies":"Lagavulin","floor":7.0,"turns":7.0},{"damage":7.0,"enemies":"Looter","floor":13.0,"turns":3.0},{"damage":9,"enemies":"Gremlin Gang","floor":14,"turns":4},{"damage":11,"enemies":"Hexaghost","floor":16,"turns":13},{"damage":11,"enemies":"Chosen","floor":18,"turns":4},{"damage":18,"enemies":"2 Thieves","floor":21,"turns":5},{"damage":11,"enemies":"Masked Bandits","floor":22,"turns":4},{"damage":69,"enemies":"Slavers","floor":23,"turns":4}],"seed_played":"4423645601173794700","potions_obtained":[{"floor":1.0,"key":"Ancient Potion"},{"floor":13.0,"key":"SteroidPotion"},{"floor":14,"key":"Energy Potion"},{"floor":16,"key":"AttackPotion"},{"floor":22,"key":"LiquidBronze"}],"is_trial":false,"path_per_floor":["M","M","M","?","M","R","E","R","T","?","?","T","M","M","R","B",null,"M","?","$","M","?","E"],"character_chosen":"DEFECT","items_purchased":["Go for the Eyes","Lantern","Runic Capacitor"],"campfire_rested":2,"item_purchase_floors":[20,20,20],"current_hp_per_floor":[50,38,33,40,39,39,11,37,37,42,19,19,12,3,31,20,76,65,94,94,76,65,0],"gold":70,"neow_bonus":"THREE_RARE_CARDS","is_prod":false,"is_daily":false,"chose_seed":false,"campfire_upgraded":1,"win_rate":0,"timestamp":1548133934,"path_taken":["M","?","M","?","M","R","E","R","T","?","?","?","?","M","R","BOSS","M","?","$","M","?","E"],"build_version":"2019-01-17v2","purchased_purges":0,"victory":false,"max_hp_per_floor":[75,75,75,89,89,89,89,89,89,94,94,94,94,94,94,94,94,94,94,94,94,94,94],"card_choices":[{"not_picked":["Amplify","Multi-Cast"],"picked":"Creative AI","floor":0.0},{"not_picked":["Capacitor","Fusion"],"picked":"Streamline","floor":1.0},{"not_picked":["Steam","Reinforced Body"],"picked":"Melter","floor":2.0},{"not_picked":["Streamline","Hologram","Redo"],"picked":"SKIP","floor":3.0},{"not_picked":["Compile Driver","White Noise"],"picked":"Cold Snap","floor":5.0},{"not_picked":["Fusion","Multi-Cast"],"picked":"Compile Driver","floor":7.0},{"not_picked":["Rebound","Turbo"],"picked":"Auto Shields","floor":13.0},{"not_picked":["Scrape","Rip and Tear","Sweeping Beam"],"picked":"SKIP","floor":14},{"not_picked":["Rainbow","Amplify"],"picked":"Core Surge","floor":16},{"not_picked":["Leap","Conserve Battery+1"],"picked":"Steam","floor":18},{"not_picked":["Turbo","Melter+1"],"picked":"Go for the Eyes","floor":21}],"player_experience":809947,"relics_obtained":[{"floor":7.0,"key":"Shovel"},{"floor":9.0,"key":"Unceasing Top"},{"floor":12.0,"key":"DataDisk"},{"floor":22,"key":"Red Mask"}],"event_choices":[{"damage_healed":0.0,"max_hp_gain":0.0,"max_hp_loss":0.0,"gold_gain":0.0,"event_name":"Scrap Ooze","player_choice":"Success","floor":4.0,"gold_loss":0.0,"damage_taken":7.0,"relics_obtained":["Mango"]},{"damage_healed":0.0,"max_hp_gain":5.0,"max_hp_loss":0.0,"gold_gain":0.0,"event_name":"Big Fish","player_choice":"Donut","floor":10.0,"gold_loss":0.0,"damage_taken":0.0},{"damage_healed":0.0,"max_hp_gain":0.0,"max_hp_loss":0.0,"gold_gain":0.0,"event_name":"Golden Idol","player_choice":"Take Damage","floor":11.0,"gold_loss":0.0,"damage_taken":23.0,"relics_obtained":["Golden Idol"]},{"damage_healed":31,"gold_gain":0,"player_choice":"Heal","damage_taken":0,"max_hp_gain":0,"max_hp_loss":0,"event_name":"The Library","floor":19,"gold_loss":0},{"damage_healed":0,"gold_gain":0,"player_choice":"Fought Bandits","damage_taken":0,"max_hp_gain":0,"max_hp_loss":0,"event_name":"Masked Bandits","floor":22,"gold_loss":0}],"is_beta":false,"boss_relics":[{"not_picked":["White Beast Statue","Nuclear Battery"],"picked":"Philosopher\u0027s Stone"}],"items_purged_floors":[],"is_endless":false,"potions_floor_spawned":[1,13,14,16,22],"killed_by":"Slavers","ascension_level":11}