{"path_per_floor":["M","M","$","?","M","E","R","E","T","E","M","R","E","?","R","B",null,"M","?","?","M","M","E","R","M","T","E","M","R","M","$","R","B",null,"M","M","M","M","$","E","T","?","T","M","R","E","M","M","R"],"character_chosen":"THE_SILENT","items_purchased":["Slice","Shuriken","Secret Weapon","Adrenaline","Potion Belt"],"gold_per_floor":[117,130,32,32,43,68,68,102,102,127,140,140,165,165,165,294,294,310,310,340,364,377,415,415,440,440,484,499,499,513,78,78,208,208,228,247,268,288,8,48,48,48,73,88,88,121,136,156,156,156],"floor_reached":50,"campfire_rested":2,"playtime":5578,"item_purchase_floors":[3,31,31,39,39],"current_hp_per_floor":[66,66,66,66,66,45,45,45,45,33,33,33,33,16,37,19,70,70,70,70,69,68,68,68,57,57,54,54,54,54,54,54,1,70,70,70,70,60,60,48,48,68,68,68,68,49,30,30,54,0],"items_purged":["Strike_G","Defend_G","Normality"],"gold":156,"score":706,"play_id":"311c381e-ff77-4ac8-b158-408ba033818b","local_time":"20180525035719","is_prod":false,"is_daily":false,"chose_seed":false,"is_ascension_mode":true,"campfire_upgraded":6,"win_rate":0,"timestamp":1527235039,"campfire_choices":[{"data":"Sucker Punch","floor":7,"key":"SMITH"},{"data":"Finisher","floor":12,"key":"SMITH"},{"floor":15,"key":"REST"},{"data":"Wraith Form v2","floor":24,"key":"SMITH"},{"data":"Sucker Punch","floor":29,"key":"SMITH"},{"data":"Secret Weapon","floor":32,"key":"SMITH"},{"data":"Adrenaline","floor":45,"key":"SMITH"},{"floor":49,"key":"REST"}],"path_taken":["M","?","?","?","?","E","R","E","T","E","M","R","E","?","R","BOSS","M","?","?","M","?","E","R","M","T","E","M","R","M","$","R","BOSS","M","M","?","M","$","E","?","?","T","?","R","E","M","M","R","BOSS"],"build_version":"2018-05-24","seed_source_timestamp":102175930505220,"purchased_purges":3,"victory":false,"master_deck":["Survivor+1","Neutralize","Sucker Punch+1","Sucker Punch+1","Slice+1","Dagger Throw","Finisher+1","Backflip","Underhanded Strike","Reflex","Heel Hook","Wraith Form v2+1","Underhanded Strike","Blade Dance","Quick Slash","Calculated Gamble","Heel Hook+1","Endless Agony","Secret Weapon+1","Unload","Quick Slash","Slice","Prepared","Deflect","Catalyst","Dagger Throw","Catalyst","Predator","Quick Slash","Terror+1","Sucker Punch+1","Slice+1","Adrenaline+1","Writhe","Masterful Stab","Blade Dance","Escape Plan"],"max_hp_per_floor":[70,70,70,70,70,70,70,70,70,70,70,70,70,70,70,70,70,70,70,70,70,70,70,70,70,70,70,70,70,70,70,70,70,70,70,70,70,70,70,80,80,80,80,80,80,80,80,80,80,80],"relics":["Ring of the Snake","Pen Nib","Ninja Scroll","Whetstone","Mummified Hand","Gambling Chip","Boot","Golden Idol","Runic Dome","Tiny Chest","The Courier","War Paint","Bag of Marbles","Shuriken","Pandora\u0027s Box","Potion Belt","Pear","Bronze Scales","Vajra","Paper Crane"],"card_choices":[{"not_picked":["Outmaneuver","Deadly Poison"],"picked":"Sucker Punch","floor":1},{"not_picked":["Poisoned Stab","Cloak And Dagger"],"picked":"Sucker Punch","floor":2},{"not_picked":["Dagger Spray","Underhanded Strike"],"picked":"Dagger Throw","floor":5},{"not_picked":["Blur","Sucker Punch"],"picked":"Finisher","floor":6},{"not_picked":["Outmaneuver","Quick Slash"],"picked":"Backflip","floor":8},{"not_picked":["Dagger Throw","Bouncing Flask"],"picked":"Underhanded Strike","floor":10},{"not_picked":["PiercingWail","Predator"],"picked":"Reflex","floor":11},{"not_picked":["Bullet Time","Slice"],"picked":"Heel Hook","floor":13},{"not_picked":["Corpse Explosion","Doppelganger"],"picked":"Wraith Form v2","floor":16},{"not_picked":["Bane+1","Accuracy","Dodge and Roll"],"picked":"SKIP","floor":18},{"not_picked":["Escape Plan+1","Poisoned Stab+1"],"picked":"Blade Dance","floor":21},{"not_picked":["Deadly Poison","Flying Knee+1"],"picked":"Quick Slash","floor":22},{"not_picked":["Acrobatics","Dash+1"],"picked":"Calculated Gamble","floor":23},{"not_picked":["Flying Knee","Noxious Fumes"],"picked":"Heel Hook+1","floor":25},{"not_picked":["Quick Slash+1","Expertise"],"picked":"Endless Agony","floor":27},{"not_picked":["Sucker Punch","Footwork","Dodge and Roll+1"],"picked":"SKIP","floor":28},{"not_picked":["Malaise","Poisoned Stab+1","Deflect"],"picked":"SKIP","floor":30},{"not_picked":["Bullet Time","Tactician"],"picked":"Unload","floor":33},{"not_picked":["Backflip","Dash+1"],"picked":"Quick Slash","floor":35},{"not_picked":["Footwork","Escape Plan+1"],"picked":"Terror+1","floor":36},{"not_picked":["Quick Slash","Deadly Poison"],"picked":"Sucker Punch+1","floor":37},{"not_picked":["Acrobatics+1","Dodge and Roll"],"picked":"Slice+1","floor":38},{"not_picked":["Outmaneuver+1","Malaise+1","Deflect"],"picked":"SKIP","floor":40},{"not_picked":["Slice","Calculated Gamble"],"picked":"Masterful Stab","floor":44},{"not_picked":["Cloak And Dagger","Backflip+1"],"picked":"Blade Dance","floor":46},{"not_picked":["PiercingWail","Outmaneuver+1","Crippling Poison+1"],"picked":"SKIP","floor":47},{"not_picked":["Cloak And Dagger+1","Quick Slash"],"picked":"Escape Plan","floor":48}],"player_experience":320639,"potions_floor_usage":[6,16,23,27,27,33,33,40,44,50],"damage_taken":[{"damage":4,"enemies":"Cultist","floor":1,"turns":4},{"damage":0,"enemies":"2 Louse","floor":2,"turns":2},{"damage":0,"enemies":"Small Slimes","floor":5,"turns":3},{"damage":21,"enemies":"Lagavulin","floor":6,"turns":6},{"damage":0,"enemies":"Gremlin Nob","floor":8,"turns":2},{"damage":12,"enemies":"Lagavulin","floor":10,"turns":6},{"damage":0,"enemies":"2 Fungi Beasts","floor":11,"turns":1},{"damage":0,"enemies":"Gremlin Nob","floor":13,"turns":1},{"damage":18,"enemies":"Hexaghost","floor":16,"turns":5},{"damage":0,"enemies":"Chosen","floor":18,"turns":1},{"damage":1,"enemies":"2 Thieves","floor":21,"turns":3},{"damage":1,"enemies":"Centurion and Healer","floor":22,"turns":4},{"damage":0,"enemies":"Slavers","floor":23,"turns":3},{"damage":11,"enemies":"Snecko","floor":25,"turns":4},{"damage":3,"enemies":"Gremlin Leader","floor":27,"turns":8},{"damage":0,"enemies":"Snake Plant","floor":28,"turns":1},{"damage":0,"enemies":"Centurion and Healer","floor":30,"turns":1},{"damage":53,"enemies":"Champ","floor":33,"turns":9},{"damage":0,"enemies":"Orb Walker","floor":35,"turns":1},{"damage":0,"enemies":"3 Darklings","floor":36,"turns":2},{"damage":0,"enemies":"Sphere and 2 Shapes","floor":37,"turns":2},{"damage":10,"enemies":"Maw","floor":38,"turns":3},{"damage":22,"enemies":"Giant Head","floor":40,"turns":5},{"damage":0,"enemies":"4 Shapes","floor":44,"turns":1},{"damage":19,"enemies":"2 Orb Walkers","floor":46,"turns":3},{"damage":19,"enemies":"3 Darklings","floor":47,"turns":4},{"damage":0,"enemies":"Sphere and 2 Shapes","floor":48,"turns":1},{"damage":57,"enemies":"Time Eater","floor":50,"turns":5}],"relics_obtained":[{"floor":6,"key":"Ninja Scroll"},{"floor":8,"key":"Whetstone"},{"floor":9,"key":"Mummified Hand"},{"floor":10,"key":"Gambling Chip"},{"floor":13,"key":"Boot"},{"floor":23,"key":"The Courier"},{"floor":26,"key":"War Paint"},{"floor":27,"key":"Bag of Marbles"},{"floor":40,"key":"Pear"},{"floor":41,"key":"Bronze Scales"},{"floor":43,"key":"Vajra"},{"floor":46,"key":"Paper Crane"}],"event_choices":[{"event_name":"The Cleric","player_choice":"Leave","floor":4,"damage_taken":0},{"event_name":"Golden Idol","player_choice":"Take Damage","floor":14,"damage_taken":0},{"event_name":"The Library","player_choice":"Read","floor":19,"damage_taken":0},{"event_name":"Accursed Blacksmith","player_choice":"Rummage","floor":20,"damage_taken":0},{"event_name":"Winding Halls","player_choice":"Writhe","floor":42,"damage_taken":0}],"boss_relics":[{"not_picked":["Snecko Eye","White Beast Statue"],"picked":"Runic Dome"},{"not_picked":["Astrolabe","Runic Pyramid"],"picked":"Pandora\u0027s Box"}],"items_purged_floors":[3,31,39],"potions_floor_spawned":[2,5,16,18,22,25,28,33,36,47,48],"seed_played":"-9149156212451554707","killed_by":"Time Eater","ascension_level":1,"potions_obtained":[{"floor":2,"key":"GamblersBrew"},{"floor":5,"key":"Explosive Potion"},{"floor":16,"key":"GamblersBrew"},{"floor":18,"key":"EssenceOfSteel"},{"floor":22,"key":"LiquidBronze"},{"floor":25,"key":"AttackPotion"},{"floor":28,"key":"EssenceOfSteel"},{"floor":33,"key":"Energy Potion"},{"floor":36,"key":"Explosive Potion"},{"floor":47,"key":"SteroidPotion"},{"floor":48,"key":"SkillPotion"}],"is_trial":false}