{"gold_per_floor":[111,75,75,87,119,131,478,166,166,192,192,226,246,246,246,342,342,342,342,342,162,162,162,162,162,162,162,162,162,162,162,162,162,162,162,162,162,162,162,162,162,162,162,7,7,7,7,7],"floor_reached":48,"playtime":2577,"items_purged":["Defend_B","Regret"],"score":769,"play_id":"b8682a5f-d60a-4b23-9ba0-bfc1832d3b2d","local_time":"20190207225821","is_ascension_mode":true,"campfire_choices":[{"data":"Defragment","floor":6,"key":"SMITH"},{"data":"Go for the Eyes","floor":11,"key":"SMITH"},{"floor":15,"key":"REST"},{"data":"Defragment","floor":23,"key":"SMITH"},{"data":"Thunder Strike","floor":27,"key":"SMITH"},{"floor":32,"key":"REST"},{"data":"Defragment","floor":40,"key":"SMITH"},{"data":"Echo Form","floor":42,"key":"SMITH"}],"neow_cost":"NONE","seed_source_timestamp":30324763736504,"circlet_count":0,"master_deck":["Strike_B+1","Strike_B+1","Strike_B+1","Strike_B+1","Defend_B+1","Defend_B+1","Defend_B+1","Zap+1","Dualcast","Reinforced Body","Defragment+1","Conserve Battery","Go for the Eyes+1","Defragment+1","Electrodynamics","Thunder Strike+1","Self Repair","Undo","Defragment+1","Conserve Battery","Echo Form+1","Cold Snap+1","Conserve Battery+1","Steam Power+1","Reinforced Body"],"relics":["Cracked Core","NeowsBlessing","MawBank","Old Coin","PreservedInsect","Art of War","Letter Opener","Bottled Lightning","Ectoplasm","Happy Flower","Incense Burner","Ancient Tea Set","Philosopher\u0027s Stone","Omamori","Centennial Puzzle","Anchor","DataDisk"],"potions_floor_usage":[16,19,28,45,48],"damage_taken":[{"damage":0,"enemies":"Cultist","floor":1,"turns":1},{"damage":0,"enemies":"2 Louse","floor":5,"turns":1},{"damage":0,"enemies":"3 Sentries","floor":7,"turns":1},{"damage":21,"enemies":"Lagavulin","floor":10,"turns":7},{"damage":16,"enemies":"3 Sentries","floor":12,"turns":4},{"damage":1,"enemies":"Jaw Worm","floor":13,"turns":3},{"damage":3,"enemies":"Hexaghost","floor":16,"turns":10},{"damage":12,"enemies":"Shell Parasite","floor":18,"turns":6},{"damage":7,"enemies":"3 Byrds","floor":19,"turns":2},{"damage":0,"enemies":"Centurion and Healer","floor":22,"turns":5},{"damage":12,"enemies":"Cultist and Chosen","floor":24,"turns":4},{"damage":6,"enemies":"Snake Plant","floor":25,"turns":3},{"damage":30,"enemies":"Book of Stabbing","floor":28,"turns":5},{"damage":15,"enemies":"3 Cultists","floor":31,"turns":4},{"damage":16,"enemies":"Collector","floor":33,"turns":8},{"damage":0,"enemies":"Orb Walker","floor":35,"turns":5},{"damage":26,"enemies":"3 Darklings","floor":39,"turns":5},{"damage":12,"enemies":"Giant Head","floor":41,"turns":9},{"damage":26,"enemies":"Nemesis","floor":45,"turns":5},{"damage":10,"enemies":"4 Shapes","floor":46,"turns":4},{"damage":10,"enemies":"Maw","floor":48,"turns":4}],"seed_played":"6727575360871593868","potions_obtained":[{"floor":5,"key":"GamblersBrew"},{"floor":12,"key":"Fire Potion"},{"floor":13,"key":"Swift Potion"},{"floor":19,"key":"Regen Potion"},{"floor":22,"key":"Ancient Potion"},{"floor":24,"key":"Strength Potion"},{"floor":33,"key":"Explosive Potion"},{"floor":39,"key":"PowerPotion"},{"floor":45,"key":"Ancient Potion"}],"is_trial":false,"path_per_floor":["$","?","?","M","?","M","T","?","$","?","?","?","?"],"character_chosen":"DEFECT","items_purchased":["Reinforced Body","PreservedInsect","Conserve Battery","Cold Snap","Undo","Anchor"],"campfire_rested":2,"item_purchase_floors":[2,8,8,8,21,44],"current_hp_per_floor":[68,68,68,68,68,68,68,68,68,47,47,31,30,30,52,49,69,57,50,50,50,57,57,52,53,53,53,42,42,42,34,56,47,68,75,75,71,71,52,52,40,40,40,40,14,4,4,0],"gold":7,"neow_bonus":"THREE_ENEMY_KILL","is_prod":false,"is_daily":false,"chose_seed":false,"campfire_upgraded":6,"win_rate":0,"timestamp":1549576701,"path_taken":["M","?","?","?","M","R","E","$","T","E","R","E","?","?","R","BOSS","M","?","?","$","M","R","M","M","T","R","E","?","?","M","R","BOSS","M","?","?","?","M","R","E","R","T","$","E","M","?","M"],"build_version":"2019-01-23","purchased_purges":2,"victory":false,"max_hp_per_floor":[75,75,75,75,75,75,75,75,75,75,75,75,75,75,75,75,75,75,75,75,75,75,75,75,75,75,75,75,75,75,75,75,75,75,75,75,71,71,71,71,71,71,71,71,71,71,71,71],"card_choices":[{"not_picked":["Stack","Blizzard","Turbo"],"picked":"SKIP","floor":1},{"not_picked":["Sweeping Beam","Gash"],"picked":"Defragment","floor":5},{"not_picked":["Reprogram","Gash","Streamline"],"picked":"SKIP","floor":7},{"not_picked":["Rebound","Static Discharge"],"picked":"Go for the Eyes","floor":10},{"not_picked":["Stack","Gash","Consume"],"picked":"SKIP","floor":12},{"not_picked":["Chill","Gash"],"picked":"Defragment","floor":13},{"not_picked":["All For One","Rainbow"],"picked":"Thunder Strike","floor":16},{"not_picked":["Auto Shields","Beam Cell","Steam"],"picked":"SKIP","floor":18},{"not_picked":["Barrage","Steam"],"picked":"Self Repair","floor":19},{"not_picked":["Hello World+1","Reprogram+1","Barrage"],"picked":"SKIP","floor":22},{"not_picked":["Beam Cell","Thunder Strike","Leap"],"picked":"SKIP","floor":24},{"not_picked":["Rebound","Go for the Eyes","Steam+1"],"picked":"SKIP","floor":25},{"not_picked":["Reinforced Body","Sweeping Beam"],"picked":"Defragment","floor":28},{"not_picked":["Compile Driver","Redo"],"picked":"Conserve Battery","floor":31},{"not_picked":["Fission","Amplify"],"picked":"Echo Form","floor":33},{"not_picked":["Streamline","Ball Lightning"],"picked":"Cold Snap+1","floor":35},{"not_picked":["Loop","Lockon+1","Beam Cell"],"picked":"SKIP","floor":39},{"not_picked":["Recycle","Barrage"],"picked":"Conserve Battery+1","floor":41},{"not_picked":["Meteor Strike","Melter+1"],"picked":"Steam Power+1","floor":45},{"not_picked":["Aggregate","Steam+1"],"picked":"Reinforced Body","floor":46}],"player_experience":307206,"relics_obtained":[{"floor":7,"key":"Old Coin"},{"floor":9,"key":"Art of War"},{"floor":10,"key":"Letter Opener"},{"floor":12,"key":"Bottled Lightning"},{"floor":20,"key":"Happy Flower"},{"floor":26,"key":"Incense Burner"},{"floor":28,"key":"Ancient Tea Set"},{"floor":41,"key":"Omamori"},{"floor":43,"key":"Centennial Puzzle"},{"floor":45,"key":"DataDisk"}],"event_choices":[{"damage_healed":0,"gold_gain":0,"player_choice":"Box","damage_taken":0,"relics_obtained":["MawBank"],"max_hp_gain":0,"max_hp_loss":0,"event_name":"Big Fish","floor":3,"gold_loss":0,"cards_obtained":["Regret"]},{"damage_healed":0,"gold_gain":0,"player_choice":"Grow","damage_taken":0,"max_hp_gain":0,"max_hp_loss":0,"event_name":"Living Wall","floor":4,"gold_loss":0,"cards_upgraded":["Zap"]},{"damage_healed":0,"gold_gain":0,"player_choice":"1 cards matched","damage_taken":0,"max_hp_gain":0,"max_hp_loss":0,"event_name":"Match and Keep!","floor":14,"gold_loss":0,"cards_obtained":["Electrodynamics"]},{"damage_healed":0,"gold_gain":0,"player_choice":"Simplicity","damage_taken":0,"max_hp_gain":0,"max_hp_loss":0,"event_name":"Back to Basics","floor":29,"gold_loss":0,"cards_upgraded":["Strike_B","Strike_B","Strike_B","Strike_B","Defend_B","Defend_B","Defend_B"]},{"damage_healed":0,"gold_gain":0,"player_choice":"Ignored","damage_taken":0,"max_hp_gain":0,"max_hp_loss":0,"event_name":"Tomb of Lord Red Mask","floor":36,"gold_loss":0},{"damage_healed":0,"gold_gain":0,"player_choice":"Max HP","damage_taken":0,"max_hp_gain":0,"max_hp_loss":4,"event_name":"Winding Halls","floor":37,"gold_loss":0},{"cards_removed":["Cold Snap"],"damage_healed":0,"gold_gain":0,"player_choice":"Removed Attack","damage_taken":0,"max_hp_gain":0,"max_hp_loss":0,"event_name":"Falling","floor":38,"gold_loss":0},{"damage_healed":0,"gold_gain":0,"player_choice":"Ignored","damage_taken":0,"max_hp_gain":0,"max_hp_loss":0,"event_name":"Transmorgrifier","floor":47,"gold_loss":0}],"is_beta":false,"boss_relics":[{"not_picked":["Astrolabe","FrozenCore"],"picked":"Ectoplasm"},{"not_picked":["Busted Crown","Empty Cage"],"picked":"Philosopher\u0027s Stone"}],"items_purged_floors":[8,21],"is_endless":false,"potions_floor_spawned":[5,12,13,19,22,24,33,39,45,46],"killed_by":"Maw","ascension_level":8}