{"gold_per_floor":[112,126,25,25,37,37,37,37,61,88,0,10,28,28,28,128,128,141,56,56,41],"floor_reached":21,"playtime":694,"items_purged":["Strike_R","Defend_R"],"score":186,"play_id":"db62daf2-984b-4f25-97b1-f46a5272cce9","local_time":"20181215231552","is_ascension_mode":true,"campfire_choices":[{"data":"Body Slam","floor":6,"key":"SMITH"},{"data":"Flex","floor":8,"key":"SMITH"},{"data":"Demon Form","floor":15,"key":"SMITH"}],"neow_cost":"NONE","seed_source_timestamp":112371628831200,"circlet_count":0,"master_deck":["Strike_R","Strike_R","Strike_R","Strike_R+1","Defend_R","Defend_R","Defend_R","Bash+1","Ghostly Armor","Body Slam+1","Flex+1","Seeing Red+1","Ghostly Armor","Shrug It Off","Demon Form+1","Double Tap","Armaments","Writhe"],"relics":["Burning Blood","NeowsBlessing","MawBank","Cursed Key","Ornamental Fan"],"potions_floor_usage":[12,12,18],"damage_taken":[{"damage":0,"enemies":"Jaw Worm","floor":1,"turns":1},{"damage":0,"enemies":"2 Louse","floor":2,"turns":1},{"damage":0,"enemies":"Cultist","floor":5,"turns":1},{"damage":4,"enemies":"3 Louse","floor":10,"turns":5},{"damage":2,"enemies":"Exordium Wildlife","floor":12,"turns":6},{"damage":0,"enemies":"Gremlin Gang","floor":13,"turns":5},{"damage":27,"enemies":"The Guardian","floor":16,"turns":9},{"damage":36,"enemies":"3 Byrds","floor":18,"turns":9},{"damage":2,"enemies":"2 Thieves","floor":21,"turns":1}],"seed_played":"-3613335850963090109","potions_obtained":[{"floor":2,"key":"PowerPotion"},{"floor":5,"key":"SneckoOil"},{"floor":10,"key":"SteroidPotion"},{"floor":13,"key":"SteroidPotion"},{"floor":16,"key":"Energy Potion"}],"is_trial":false,"path_per_floor":["M","M","$","?","M","R","?","R","T","M","$","M","M","?","R","B",null,"M","?","T","M"],"character_chosen":"IRONCLAD","items_purchased":["Flex"],"campfire_rested":0,"item_purchase_floors":[3],"current_hp_per_floor":[80,80,80,64,70,70,70,70,70,72,72,76,80,80,80,59,80,50,50,50,48],"gold":41,"neow_bonus":"THREE_ENEMY_KILL","is_prod":false,"is_daily":false,"chose_seed":false,"campfire_upgraded":3,"win_rate":0,"timestamp":1544912152,"path_taken":["M","M","$","?","M","R","?","R","T","M","$","?","M","?","R","BOSS","M","?","?","M"],"build_version":"2018-12-13","purchased_purges":2,"victory":false,"max_hp_per_floor":[80,80,80,80,80,80,80,80,80,80,80,80,80,80,80,80,80,80,80,80,80],"card_choices":[{"not_picked":["Perfected Strike","Blood for Blood"],"picked":"Ghostly Armor","floor":1},{"not_picked":["Havoc","Pommel Strike"],"picked":"Body Slam","floor":2},{"not_picked":["Warcry","Body Slam"],"picked":"Seeing Red","floor":5},{"not_picked":["Clothesline","Fire Breathing"],"picked":"Ghostly Armor","floor":10},{"not_picked":["Blood for Blood","Havoc"],"picked":"Shrug It Off","floor":12},{"not_picked":["Headbutt","Burning Pact"],"picked":"Demon Form","floor":13},{"not_picked":["Exhume","Immolate"],"picked":"Double Tap","floor":16},{"not_picked":["Fire Breathing","Anger"],"picked":"Armaments","floor":18}],"player_experience":400381,"relics_obtained":[{"floor":9,"key":"MawBank"}],"event_choices":[{"damage_healed":0,"gold_gain":0,"player_choice":"Entered Light","damage_taken":16,"max_hp_gain":0,"max_hp_loss":0,"event_name":"Shining Light","floor":4,"gold_loss":0,"cards_upgraded":["Bash","Strike_R"]},{"damage_healed":0,"gold_gain":0,"player_choice":"Upgraded","damage_taken":0,"max_hp_gain":0,"max_hp_loss":0,"event_name":"Upgrade Shrine","floor":7,"gold_loss":0,"cards_upgraded":["Seeing Red"]},{"damage_healed":0,"gold_gain":0,"player_choice":"Ignored","damage_taken":0,"max_hp_gain":0,"max_hp_loss":0,"event_name":"Liars Game","floor":14,"gold_loss":0},{"damage_healed":0,"gold_gain":0,"player_choice":"Obtained Relic","damage_taken":0,"relics_obtained":["Ornamental Fan"],"max_hp_gain":0,"max_hp_loss":0,"event_name":"Addict","floor":19,"gold_loss":85}],"is_beta":false,"boss_relics":[{"not_picked":["Snecko Eye","Runic Pyramid"],"picked":"Cursed Key"}],"items_purged_floors":[3,11],"is_endless":false,"potions_floor_spawned":[2,5,10,13,16],"killed_by":"2 Thieves","ascension_level":2}