{"gold_per_floor":[114,128,146,146,165,198,198,232,259,259,259,27,37,49,49,123,123,134,7,21,40,50,78,78,98,123,135,153,153,172,25,25,25],"floor_reached":33,"playtime":1971,"items_purged":["Strike_R"],"score":495,"play_id":"f228adf6-600f-4eb6-97bf-2f696d6e7ec3","local_time":"20190303233206","is_ascension_mode":true,"campfire_choices":[{"data":"Uppercut","floor":7,"key":"SMITH"},{"data":"Feel No Pain","floor":11,"key":"SMITH"},{"floor":15,"key":"REST"},{"floor":29,"key":"REST"},{"floor":32,"key":"REST"}],"neow_cost":"NONE","seed_source_timestamp":161745056700086,"circlet_count":0,"master_deck":["AscendersBane","Strike_R","Strike_R","Defend_R","Defend_R","Defend_R","Defend_R","Bash","Intimidate","Metallicize","Pommel Strike","Feel No Pain+1","Uppercut+1","Iron Wave","Ghostly Armor","Apotheosis+1","Shrug It Off","Inflame","Reaper","Fiend Fire","Cleave","Combust+1","Exhume","Corruption","Double Tap"],"relics":["Burning Blood","Question Card","Blood Vial","Omamori","Velvet Choker","Regal Pillow","Bag of Preparation"],"potions_floor_usage":[6,13,16,23,23,28,28,33],"damage_taken":[{"damage":0,"enemies":"2 Louse","floor":1,"turns":4},{"damage":0,"enemies":"Cultist","floor":2,"turns":4},{"damage":3,"enemies":"Jaw Worm","floor":3,"turns":6},{"damage":16,"enemies":"Red Slaver","floor":5,"turns":7},{"damage":20,"enemies":"Lagavulin","floor":6,"turns":8},{"damage":18,"enemies":"Gremlin Nob","floor":8,"turns":5},{"damage":12,"enemies":"Lots of Slimes","floor":13,"turns":6},{"damage":20,"enemies":"Exordium Wildlife","floor":14,"turns":7},{"damage":14,"enemies":"Slime Boss","floor":16,"turns":14},{"damage":37,"enemies":"3 Byrds","floor":18,"turns":9},{"damage":11,"enemies":"2 Thieves","floor":20,"turns":5},{"damage":10,"enemies":"Snecko","floor":21,"turns":6},{"damage":20,"enemies":"3 Cultists","floor":22,"turns":6},{"damage":22,"enemies":"Book of Stabbing","floor":23,"turns":6},{"damage":12,"enemies":"Chosen and Byrds","floor":25,"turns":11},{"damage":10,"enemies":"Snecko","floor":27,"turns":6},{"damage":60,"enemies":"3 Cultists","floor":28,"turns":7},{"damage":4,"enemies":"Snake Plant","floor":30,"turns":4},{"damage":86,"enemies":"Automaton","floor":33,"turns":12}],"seed_played":"6587393902339719719","potions_obtained":[{"floor":3,"key":"LiquidBronze"},{"floor":6,"key":"SpeedPotion"},{"floor":8,"key":"Dexterity Potion"},{"floor":10,"key":"Energy Potion"},{"floor":21,"key":"GamblersBrew"},{"floor":22,"key":"Dexterity Potion"},{"floor":25,"key":"Strength Potion"},{"floor":27,"key":"SpeedPotion"},{"floor":30,"key":"SpeedPotion"}],"is_trial":false,"path_per_floor":["M","M","M","?","M","E","R","E","T","?","R","$","M","M","R","B",null,"M","$","M","M","M","E","?","M","T","M","M","R","M","$","R","B"],"character_chosen":"IRONCLAD","items_purchased":["Apotheosis","Shrug It Off","PowerPotion","Corruption","Double Tap"],"campfire_rested":3,"item_purchase_floors":[12,12,19,31,31],"current_hp_per_floor":[74,75,75,75,65,51,51,39,39,39,39,39,35,23,45,51,69,46,46,53,51,51,37,37,37,37,44,10,47,51,51,75,0],"gold":25,"neow_bonus":"TRANSFORM_CARD","is_prod":false,"is_daily":false,"chose_seed":false,"campfire_upgraded":2,"win_rate":0,"timestamp":1551652326,"path_taken":["M","M","M","?","?","E","R","E","T","?","R","$","M","M","R","BOSS","M","$","M","M","M","E","?","M","T","M","?","R","M","$","R","BOSS"],"build_version":"2019-01-23","purchased_purges":1,"victory":false,"max_hp_per_floor":[75,75,75,75,75,75,75,75,75,75,75,75,75,75,75,75,75,75,75,75,75,75,75,75,75,75,75,75,75,75,75,75,75],"card_choices":[{"not_picked":["Armaments","Clothesline"],"picked":"Metallicize","floor":1},{"not_picked":["Shrug It Off","Pummel"],"picked":"Pommel Strike","floor":2},{"not_picked":["Warcry","Flex"],"picked":"Feel No Pain","floor":3},{"not_picked":["Wild Strike","Armaments"],"picked":"Iron Wave","floor":5},{"not_picked":["Searing Blow","Intimidate","Rage"],"picked":"SKIP","floor":6},{"not_picked":["Rupture","Seeing Red","Second Wind"],"picked":"Ghostly Armor","floor":8},{"not_picked":["Havoc","Thunderclap","Clash"],"picked":"Inflame","floor":13},{"not_picked":["Power Through","Fire Breathing","Second Wind"],"picked":"Reaper","floor":14},{"not_picked":["Dark Embrace","Berserk","Exhume"],"picked":"Fiend Fire","floor":16},{"not_picked":["Armaments","Pommel Strike","Iron Wave","Reckless Charge"],"picked":"SKIP","floor":18},{"not_picked":["Pommel Strike","Body Slam","Clash"],"picked":"Cleave","floor":20},{"not_picked":["Headbutt","Sever Soul+1","Intimidate"],"picked":"Combust+1","floor":21},{"not_picked":["Rage","Uppercut","Wild Strike","Twin Strike"],"picked":"SKIP","floor":22},{"not_picked":["Combust","Intimidate","Headbutt+1","Evolve"],"picked":"SKIP","floor":23},{"not_picked":["Heavy Blade","Sentinel","Pommel Strike+1","Cleave"],"picked":"SKIP","floor":25},{"not_picked":["Burning Pact","Cleave","Body Slam"],"picked":"Exhume","floor":27},{"not_picked":["Iron Wave","Fire Breathing","Armaments","Clash"],"picked":"SKIP","floor":28},{"not_picked":["Sword Boomerang","Body Slam","Clash","Hemokinesis+1"],"picked":"SKIP","floor":30}],"player_experience":809504,"relics_obtained":[{"floor":6,"key":"Question Card"},{"floor":8,"key":"Blood Vial"},{"floor":9,"key":"Omamori"},{"floor":23,"key":"Regal Pillow"},{"floor":26,"key":"Bag of Preparation"}],"event_choices":[{"damage_healed":0,"gold_gain":0,"cards_transformed":["Strike_R"],"player_choice":"Transformed","damage_taken":0,"max_hp_gain":0,"max_hp_loss":0,"event_name":"Transmorgrifier","floor":4,"gold_loss":0,"cards_obtained":["Uppercut"]},{"damage_healed":0,"gold_gain":0,"player_choice":"Got Potions","damage_taken":0,"max_hp_gain":0,"max_hp_loss":0,"event_name":"Lab","floor":10,"gold_loss":0},{"damage_healed":0,"gold_gain":0,"player_choice":"Forge","damage_taken":0,"max_hp_gain":0,"max_hp_loss":0,"event_name":"Accursed Blacksmith","floor":24,"gold_loss":0,"cards_upgraded":["Apotheosis"]}],"is_beta":false,"boss_relics":[{"not_picked":["Black Star","Busted Crown"],"picked":"Velvet Choker"}],"items_purged_floors":[19],"is_endless":false,"potions_floor_spawned":[3,6,8,21,22,25,27,30],"killed_by":"Automaton","ascension_level":15}