{"gold_per_floor":[115,115,115,125,141,141,174,174,201,229,240,258,258,273,273,375,375,387,398,497,517,517,542,542,542],"floor_reached":25,"playtime":4076,"items_purged":[],"score":293,"play_id":"f1543b68-3f13-460b-9b7b-7cfb35a5ce62","local_time":"20181218062702","is_ascension_mode":true,"campfire_choices":[{"data":"Defragment","floor":6,"key":"SMITH"},{"data":"Zap","floor":8,"key":"SMITH"},{"data":"Coolheaded","floor":15,"key":"SMITH"},{"data":"Creative AI","floor":24,"key":"SMITH"}],"neow_cost":"PERCENT_DAMAGE","seed_source_timestamp":474080877436193,"circlet_count":0,"master_deck":["Strike_B","Strike_B","Defend_B","Defend_B","Defend_B","Defend_B","Zap+1","Dualcast","Defragment+1","Coolheaded+1","Conserve Battery","Coolheaded","Go for the Eyes","Auto Shields","Hologram","Creative AI+1","Storm"],"relics":["Cracked Core","Mango","Strawberry","Vajra","Blood Vial","Nuclear Battery","Nilry\u0027s Codex"],"potions_floor_usage":[21,23,23,25],"damage_taken":[{"damage":4,"enemies":"Jaw Worm","floor":1,"turns":4},{"damage":2,"enemies":"2 Louse","floor":4,"turns":3},{"damage":5,"enemies":"Cultist","floor":5,"turns":4},{"damage":27,"enemies":"Gremlin Nob","floor":7,"turns":4},{"damage":5,"enemies":"Lagavulin","floor":10,"turns":8},{"damage":5,"enemies":"Lots of Slimes","floor":11,"turns":5},{"damage":0,"enemies":"2 Fungi Beasts","floor":12,"turns":4},{"damage":0,"enemies":"Blue Slaver","floor":14,"turns":3},{"damage":19,"enemies":"Hexaghost","floor":16,"turns":17},{"damage":7,"enemies":"3 Byrds","floor":18,"turns":3},{"damage":5,"enemies":"Shell Parasite","floor":19,"turns":7},{"damage":66,"enemies":"Cultist and Chosen","floor":21,"turns":9},{"damage":6,"enemies":"Gremlin Leader","floor":23,"turns":8},{"damage":19,"enemies":"Book of Stabbing","floor":25,"turns":7}],"seed_played":"-8853423562099872642","potions_obtained":[{"floor":1,"key":"GamblersBrew"},{"floor":5,"key":"Strength Potion"},{"floor":7,"key":"PowerPotion"},{"floor":12,"key":"Block Potion"},{"floor":14,"key":"Regen Potion"},{"floor":21,"key":"Swift Potion"},{"floor":23,"key":"Strength Potion"}],"is_trial":false,"path_per_floor":["M","?","?","M","M","R","E","R","T","E","M","M","?","M","R","B",null,"M","M","?","M","?","E","R","E"],"character_chosen":"DEFECT","items_purchased":[],"campfire_rested":0,"item_purchase_floors":[],"current_hp_per_floor":[64,64,64,62,57,57,37,37,37,32,29,31,31,33,33,16,96,89,86,86,36,20,16,16,0],"gold":542,"neow_bonus":"ONE_RARE_RELIC","is_prod":false,"is_daily":false,"chose_seed":false,"campfire_upgraded":4,"win_rate":0,"timestamp":1545136022,"path_taken":["M","?","?","?","M","R","E","R","T","E","?","M","?","M","R","BOSS","M","M","?","M","?","E","R","E"],"build_version":"2018-12-13","purchased_purges":0,"victory":false,"max_hp_per_floor":[89,89,89,89,89,89,96,96,96,96,96,96,96,96,96,96,96,96,96,96,96,96,96,96,96],"card_choices":[{"not_picked":["Rebound","Hologram"],"picked":"Defragment","floor":1},{"not_picked":["Hello World","Stack"],"picked":"Coolheaded","floor":4},{"not_picked":["Leap","Heatsinks"],"picked":"Conserve Battery","floor":5},{"not_picked":["Hologram","Static Discharge"],"picked":"Coolheaded","floor":7},{"not_picked":["Hyperbeam","Turbo"],"picked":"Go for the Eyes","floor":10},{"not_picked":["Go for the Eyes","Redo"],"picked":"Auto Shields","floor":11},{"not_picked":["Rip and Tear","Leap"],"picked":"Hologram","floor":12},{"not_picked":["Compile Driver","Undo","Sweeping Beam"],"picked":"SKIP","floor":14},{"not_picked":["Hyperbeam","Multi-Cast"],"picked":"Creative AI","floor":16},{"not_picked":["Go for the Eyes","White Noise","Melter"],"picked":"SKIP","floor":18},{"not_picked":["Cold Snap","Conserve Battery","Reprogram"],"picked":"SKIP","floor":19},{"not_picked":["Chaos","Doom and Gloom"],"picked":"Storm","floor":21},{"not_picked":["Hologram","Melter+1","Reboot"],"picked":"SKIP","floor":23}],"player_experience":281569,"relics_obtained":[{"floor":7,"key":"Strawberry"},{"floor":9,"key":"Vajra"},{"floor":10,"key":"Blood Vial"},{"floor":22,"key":"Nilry\u0027s Codex"}],"event_choices":[{"damage_healed":0,"gold_gain":0,"player_choice":"Ignored","damage_taken":0,"max_hp_gain":0,"max_hp_loss":0,"event_name":"Liars Game","floor":2,"gold_loss":0},{"cards_removed":["Strike_B"],"damage_healed":0,"gold_gain":0,"player_choice":"Offered Basic","damage_taken":0,"max_hp_gain":0,"max_hp_loss":0,"event_name":"Bonfire Elementals","floor":3,"gold_loss":0},{"cards_removed":["Strike_B"],"damage_healed":0,"gold_gain":0,"player_choice":"Forget","damage_taken":0,"max_hp_gain":0,"max_hp_loss":0,"event_name":"Living Wall","floor":13,"gold_loss":0},{"damage_healed":0,"gold_gain":99,"player_choice":"Stole From Cult","damage_taken":0,"max_hp_gain":0,"max_hp_loss":0,"event_name":"Nest","floor":20,"gold_loss":0},{"damage_healed":0,"gold_gain":0,"player_choice":"Obtained Book","damage_taken":16,"max_hp_gain":0,"max_hp_loss":0,"event_name":"Cursed Tome","floor":22,"gold_loss":0}],"is_beta":false,"boss_relics":[{"not_picked":["FrozenCore","Astrolabe"],"picked":"Nuclear Battery"}],"items_purged_floors":[],"is_endless":false,"potions_floor_spawned":[1,5,7,12,14,21,23],"killed_by":"Book of Stabbing","ascension_level":3}