{"gold_per_floor":[114,114,133,152,102,130,130,163,188,188,215,215,215,228,228,228],"floor_reached":16,"playtime":773,"items_purged":[],"score":136,"play_id":"46154c51-e2aa-4470-89a7-3a1cf6a61352","local_time":"20181219044906","is_ascension_mode":true,"campfire_choices":[{"data":"Zap","floor":7,"key":"SMITH"},{"data":"Ball Lightning","floor":10,"key":"SMITH"},{"data":"Auto Shields","floor":12,"key":"SMITH"},{"data":"Coolheaded","floor":15,"key":"SMITH"}],"neow_cost":"NONE","seed_source_timestamp":557911532750854,"circlet_count":0,"master_deck":["Strike_B","Strike_B","Defend_B","Defend_B","Defend_B","Defend_B","Zap+1","Dualcast+1","Leap+1","Auto Shields+1","BootSequence+1","Ball Lightning+1","Coolheaded+1"],"relics":["Cracked Core","Strawberry","Bag of Marbles","War Paint","Ginger"],"potions_floor_usage":[16],"damage_taken":[{"damage":0,"enemies":"2 Louse","floor":1,"turns":3},{"damage":0,"enemies":"Cultist","floor":3,"turns":4},{"damage":2,"enemies":"Jaw Worm","floor":4,"turns":4},{"damage":25,"enemies":"3 Sentries","floor":6,"turns":11},{"damage":17,"enemies":"Lagavulin","floor":8,"turns":10},{"damage":16,"enemies":"Gremlin Nob","floor":11,"turns":4},{"damage":3,"enemies":"Blue Slaver","floor":14,"turns":3},{"damage":24,"enemies":"Hexaghost","floor":16,"turns":11}],"seed_played":"7188166462805331496","potions_obtained":[{"floor":6,"key":"FearPotion"},{"floor":8,"key":"Regen Potion"}],"is_trial":false,"path_per_floor":["M","?","M","M","?","E","R","E","T","R","E","R","?","M","R","B"],"character_chosen":"DEFECT","items_purchased":[],"campfire_rested":0,"item_purchase_floors":[],"current_hp_per_floor":[82,75,75,73,73,55,55,38,38,38,22,22,22,19,19,0],"gold":228,"neow_bonus":"TEN_PERCENT_HP_BONUS","is_prod":false,"is_daily":false,"chose_seed":false,"campfire_upgraded":4,"win_rate":0,"timestamp":1545216546,"path_taken":["M","?","M","M","?","E","R","E","T","R","E","R","?","?","R","BOSS"],"build_version":"2018-12-13","purchased_purges":0,"victory":false,"max_hp_per_floor":[82,82,82,82,82,89,89,89,89,89,89,89,89,89,89,89],"card_choices":[{"not_picked":["Turbo","Compile Driver"],"picked":"Leap","floor":1},{"not_picked":["Stack","Sweeping Beam","Beam Cell"],"picked":"SKIP","floor":3},{"not_picked":["Hyperbeam","Streamline"],"picked":"Auto Shields","floor":4},{"not_picked":["Steam Power","Barrage"],"picked":"BootSequence","floor":6},{"not_picked":["Rebound","Machine Learning"],"picked":"Ball Lightning","floor":8},{"not_picked":["Biased Cognition","Hello World","Recycle"],"picked":"SKIP","floor":11},{"not_picked":["Sweeping Beam","Barrage"],"picked":"Coolheaded","floor":14}],"player_experience":314835,"relics_obtained":[{"floor":6,"key":"Strawberry"},{"floor":8,"key":"Bag of Marbles"},{"floor":9,"key":"War Paint"},{"floor":11,"key":"Ginger"}],"event_choices":[{"cards_removed":["Strike_B"],"damage_healed":0,"gold_gain":0,"player_choice":"Card Removal","damage_taken":7,"max_hp_gain":0,"max_hp_loss":0,"event_name":"Golden Wing","floor":2,"gold_loss":0},{"cards_removed":["Strike_B"],"damage_healed":0,"gold_gain":0,"player_choice":"Card Removal","damage_taken":0,"max_hp_gain":0,"max_hp_loss":0,"event_name":"The Cleric","floor":5,"gold_loss":50},{"damage_healed":0,"gold_gain":0,"player_choice":"Upgraded","damage_taken":0,"max_hp_gain":0,"max_hp_loss":0,"event_name":"Upgrade Shrine","floor":13,"gold_loss":0,"cards_upgraded":["BootSequence"]}],"is_beta":false,"boss_relics":[],"items_purged_floors":[],"is_endless":false,"potions_floor_spawned":[6,8],"killed_by":"Hexaghost","ascension_level":3}