{"gold_per_floor":[116,134,150,168,186,214,10,10,10,10,23,23,57,57,57,134,134,154,1,21,21,21,21,54,71,98,98,98,116,141,153,153,230,230,241,241,241,255,355,355,355,355,355,374,8,23,23,37,37,37],"floor_reached":51,"playtime":2335,"items_purged":["Strike_B","Strike_B"],"score":1182,"play_id":"a1db93a9-dc94-465f-84c8-9269a27c4bb0","local_time":"20190304012044","is_ascension_mode":true,"campfire_choices":[{"floor":8,"key":"REST"},{"data":"Defragment","floor":10,"key":"SMITH"},{"floor":12,"key":"REST"},{"data":"Defragment","floor":15,"key":"SMITH"},{"data":"White Noise","floor":23,"key":"SMITH"},{"data":"Chill","floor":27,"key":"SMITH"},{"floor":32,"key":"REST"},{"data":"Seek","floor":40,"key":"SMITH"},{"data":"Rainbow","floor":42,"key":"SMITH"},{"data":"Apotheosis","floor":47,"key":"SMITH"},{"floor":49,"key":"REST"}],"neow_cost":"NONE","seed_source_timestamp":167889475899936,"circlet_count":0,"master_deck":["AscendersBane","Strike_B","Defend_B","Defend_B","Defend_B","Defend_B","Zap+1","Dualcast","Rainbow+1","Sweeping Beam","Glacier","Cold Snap","Chill+1","Defragment+1","Defragment+1","Electrodynamics","Self Repair","White Noise+1","Conserve Battery+1","Blizzard","Seek+1","Static Discharge","Apotheosis+1","Ball Lightning"],"relics":["Cracked Core","Orichalcum","Kunai","Centennial Puzzle","Velvet Choker","NlothsMask","Calipers","Boot","Eternal Feather","StoneCalendar","Bird Faced Urn"],"potions_floor_usage":[13,16,16,24,30,33,33,39,48,50],"damage_taken":[{"damage":7,"enemies":"Small Slimes","floor":1,"turns":5},{"damage":0,"enemies":"2 Louse","floor":2,"turns":2},{"damage":0,"enemies":"Cultist","floor":3,"turns":3},{"damage":8,"enemies":"3 Louse","floor":4,"turns":3},{"damage":8,"enemies":"Gremlin Gang","floor":5,"turns":6},{"damage":29,"enemies":"3 Sentries","floor":6,"turns":8},{"damage":5,"enemies":"Exordium Wildlife","floor":11,"turns":5},{"damage":7,"enemies":"Gremlin Nob","floor":13,"turns":4},{"damage":12,"enemies":"Slime Boss","floor":16,"turns":11},{"damage":0,"enemies":"Chosen","floor":18,"turns":4},{"damage":0,"enemies":"Shell Parasite","floor":20,"turns":7},{"damage":23,"enemies":"Book of Stabbing","floor":24,"turns":6},{"damage":9,"enemies":"Shelled Parasite and Fungi","floor":25,"turns":11},{"damage":1,"enemies":"Cultist and Chosen","floor":29,"turns":6},{"damage":5,"enemies":"Slavers","floor":30,"turns":4},{"damage":8,"enemies":"Snecko","floor":31,"turns":5},{"damage":5,"enemies":"Automaton","floor":33,"turns":11},{"damage":1,"enemies":"Orb Walker","floor":35,"turns":5},{"damage":15,"enemies":"3 Shapes","floor":38,"turns":2},{"damage":26,"enemies":"Mind Bloom Boss Battle","floor":39,"turns":8},{"damage":18,"enemies":"Maw","floor":44,"turns":8},{"damage":0,"enemies":"4 Shapes","floor":46,"turns":5},{"damage":28,"enemies":"Jaw Worm Horde","floor":48,"turns":5},{"damage":60,"enemies":"Awakened One","floor":50,"turns":13}],"seed_played":"-4798410623967887062","potions_obtained":[{"floor":6,"key":"PowerPotion"},{"floor":13,"key":"FearPotion"},{"floor":16,"key":"SteroidPotion"},{"floor":20,"key":"Poison Potion"},{"floor":24,"key":"Block Potion"},{"floor":25,"key":"Energy Potion"},{"floor":30,"key":"FocusPotion"},{"floor":38,"key":"Strength Potion"},{"floor":44,"key":"Energy Potion"}],"is_trial":false,"path_per_floor":["M","M","M","M","M","E","$","R","T","R","M","R","E","?","R","B",null,"M","$","M","?","?","R","E","M","T","R","?","M","E","M","R","B",null,"M","?","$","M","?","R","?","R","T","M","$","M","R","M","R","B",null],"character_chosen":"DEFECT","items_purchased":["Defragment","SpeedPotion","Self Repair","White Noise","Apotheosis","Regen Potion"],"campfire_rested":4,"item_purchase_floors":[7,7,19,19,45,45],"current_hp_per_floor":[57,57,57,49,41,12,12,33,33,33,28,49,42,42,42,30,61,61,61,68,68,68,68,52,50,50,50,50,56,58,50,71,71,71,71,71,71,63,44,56,56,68,68,60,60,71,71,56,71,49],"gold":37,"neow_bonus":"TRANSFORM_CARD","is_prod":false,"is_daily":false,"chose_seed":false,"campfire_upgraded":7,"win_rate":0,"timestamp":1551658844,"path_taken":["M","M","M","M","M","E","$","R","T","R","M","R","E","?","R","BOSS","M","$","M","?","?","R","E","?","T","R","?","M","E","?","R","BOSS","M","?","?","M","?","R","?","R","T","M","$","M","R","M","R","BOSS"],"build_version":"2019-01-23","purchased_purges":2,"victory":true,"max_hp_per_floor":[71,71,71,71,71,71,71,71,71,71,71,71,71,71,71,71,71,71,71,71,71,71,71,71,71,71,71,71,71,71,71,71,71,71,71,71,71,71,71,71,71,71,71,71,71,71,71,71,71,71],"card_choices":[{"not_picked":["Steam","Barrage"],"picked":"Sweeping Beam","floor":1},{"not_picked":["Beam Cell","Stack"],"picked":"Glacier","floor":2},{"not_picked":["Sweeping Beam","Conserve Battery"],"picked":"Cold Snap","floor":3},{"not_picked":["Lockon","Gash"],"picked":"Chill","floor":4},{"not_picked":["Reprogram","Rip and Tear","Amplify"],"picked":"SKIP","floor":5},{"not_picked":["Sweeping Beam","Scrape"],"picked":"Conserve Battery","floor":6},{"not_picked":["Stack","Skim","Leap"],"picked":"SKIP","floor":11},{"not_picked":["Aggregate","Cold Snap"],"picked":"Defragment","floor":13},{"not_picked":["Echo Form","Seek"],"picked":"Electrodynamics","floor":16},{"not_picked":["Streamline","Double Energy","Conserve Battery"],"picked":"SKIP","floor":18},{"not_picked":["Cold Snap","Streamline"],"picked":"Conserve Battery+1","floor":20},{"not_picked":["Cold Snap","Barrage","Steam Power"],"picked":"SKIP","floor":24},{"not_picked":["Tempest","Compile Driver","Aggregate"],"picked":"SKIP","floor":25},{"not_picked":["Double Energy","Recycle"],"picked":"Blizzard","floor":29},{"not_picked":["Hello World","Consume","Compile Driver"],"picked":"SKIP","floor":30},{"not_picked":["Gash","Beam Cell","Sunder"],"picked":"SKIP","floor":31},{"not_picked":["Electrodynamics","Fission"],"picked":"Seek","floor":33},{"not_picked":["Reprogram","Skim","Blizzard"],"picked":"SKIP","floor":35},{"not_picked":["Go for the Eyes","Rebound","Turbo+1"],"picked":"SKIP","floor":38},{"not_picked":["Hologram","Steam Power"],"picked":"Static Discharge","floor":39},{"not_picked":["Steam","Ball Lightning","Gash"],"picked":"SKIP","floor":44},{"not_picked":["Undo","Hologram"],"picked":"Ball Lightning","floor":46},{"not_picked":["Stack","Go for the Eyes","Ball Lightning"],"picked":"SKIP","floor":48}],"player_experience":815480,"relics_obtained":[{"floor":6,"key":"Orichalcum"},{"floor":9,"key":"Kunai"},{"floor":13,"key":"Centennial Puzzle"},{"floor":24,"key":"Calipers"},{"floor":30,"key":"Boot"},{"floor":39,"key":"StoneCalendar"},{"floor":43,"key":"Bird Faced Urn"}],"event_choices":[{"damage_healed":0,"gold_gain":0,"player_choice":"Ignored","damage_taken":0,"max_hp_gain":0,"max_hp_loss":0,"event_name":"Liars Game","floor":14,"gold_loss":0},{"damage_healed":0,"gold_gain":0,"player_choice":"Ignored","damage_taken":0,"max_hp_gain":0,"max_hp_loss":0,"event_name":"Ghosts","floor":21,"gold_loss":0},{"damage_healed":0,"gold_gain":0,"player_choice":"Trade","damage_taken":0,"relics_obtained":["NlothsMask"],"max_hp_gain":0,"max_hp_loss":0,"event_name":"FaceTrader","floor":22,"gold_loss":0},{"damage_healed":0,"gold_gain":0,"player_choice":"Upgraded","damage_taken":0,"max_hp_gain":0,"max_hp_loss":0,"event_name":"Upgrade Shrine","floor":28,"gold_loss":0,"cards_upgraded":["Zap"]},{"damage_healed":0,"gold_gain":0,"player_choice":"Ignored","damage_taken":0,"max_hp_gain":0,"max_hp_loss":0,"event_name":"Tomb of Lord Red Mask","floor":36,"gold_loss":0},{"damage_healed":0,"gold_gain":0,"player_choice":"Fight","damage_taken":0,"max_hp_gain":0,"max_hp_loss":0,"event_name":"MindBloom","floor":39,"gold_loss":0},{"cards_removed":["Conserve Battery"],"damage_healed":0,"gold_gain":0,"player_choice":"Removed Skill","damage_taken":0,"max_hp_gain":0,"max_hp_loss":0,"event_name":"Falling","floor":41,"gold_loss":0}],"is_beta":false,"boss_relics":[{"not_picked":["Astrolabe","Lizard Tail"],"picked":"Velvet Choker"},{"not_picked":["Cursed Key","Runic Pyramid"],"picked":"Eternal Feather"}],"items_purged_floors":[7,45],"is_endless":false,"potions_floor_spawned":[6,13,16,20,24,25,30,38,44],"ascension_level":15}