{"gold_per_floor":[114,114,132,307,307,381,10,10,33,66,146,185,212,228,228,347,347,347,302,302,302,302,302,302,302,302,302,302,302,302,302,302,302,302,302,302,302,302,302,302,302,302,302,302,302,45,45,45,45,45],"floor_reached":51,"playtime":3790,"items_purged":["Doubt","Strike_G"],"score":1282,"play_id":"fea4d3e7-4a9f-4fe9-a00d-411374432b93","local_time":"20190208032905","is_ascension_mode":true,"campfire_choices":[{"data":"Footwork","floor":15,"key":"SMITH"},{"data":"Footwork","floor":24,"key":"SMITH"},{"data":"Caltrops","floor":27,"key":"SMITH"},{"data":"A Thousand Cuts","floor":30,"key":"SMITH"},{"floor":32,"key":"REST"},{"data":"Adrenaline","floor":40,"key":"SMITH"},{"data":"Neutralize","floor":42,"key":"SMITH"},{"data":"Backflip","floor":49,"key":"SMITH"}],"neow_cost":"NONE","seed_source_timestamp":45351039364437,"circlet_count":0,"master_deck":["Defend_G+1","Defend_G+1","Defend_G","Defend_G","Defend_G","Strike_G","Strike_G","Strike_G","Strike_G","Neutralize+1","Dagger Throw","Flying Knee","Caltrops+1","Footwork+1","Footwork+1","Flying Knee+1","Cloak And Dagger","A Thousand Cuts+1","Quick Slash+1","Sucker Punch+1","Acrobatics+1","Deflect+1","Acrobatics","Bouncing Flask+1","Adrenaline+1","Finisher+1","Dodge and Roll+1","Blade Dance+1","Dagger Throw+1","Predator+1","Backflip+1"],"relics":["Ring of the Snake","NeowsBlessing","Golden Idol","Tiny Chest","Molten Egg 2","Gambling Chip","Regal Pillow","Vajra","Mummified Hand","Dream Catcher","Anchor","Ectoplasm","Gremlin Horn","The Courier","Thread and Needle","Oddly Smooth Stone","Snake Skull","Runic Pyramid","Mango","Bag of Preparation","Lantern","Ninja Scroll","Strawberry"],"potions_floor_usage":[10,12,21,50,50,50],"damage_taken":[{"damage":0,"enemies":"Small Slimes","floor":1,"turns":1},{"damage":0,"enemies":"2 Louse","floor":3,"turns":1},{"damage":0,"enemies":"Lagavulin","floor":6,"turns":1},{"damage":10,"enemies":"3 Sentries","floor":10,"turns":10},{"damage":13,"enemies":"Lagavulin","floor":12,"turns":10},{"damage":0,"enemies":"Jaw Worm","floor":14,"turns":2},{"damage":3,"enemies":"Hexaghost","floor":16,"turns":12},{"damage":0,"enemies":"3 Byrds","floor":18,"turns":3},{"damage":2,"enemies":"2 Thieves","floor":19,"turns":4},{"damage":2,"enemies":"Cultist and Chosen","floor":21,"turns":5},{"damage":13,"enemies":"Gremlin Leader","floor":23,"turns":8},{"damage":5,"enemies":"Book of Stabbing","floor":25,"turns":6},{"damage":0,"enemies":"Snecko","floor":28,"turns":5},{"damage":0,"enemies":"Centurion and Healer","floor":31,"turns":5},{"damage":0,"enemies":"Automaton","floor":33,"turns":9},{"damage":0,"enemies":"Orb Walker","floor":35,"turns":3},{"damage":0,"enemies":"Mind Bloom Boss Battle","floor":36,"turns":4},{"damage":0,"enemies":"3 Darklings","floor":39,"turns":3},{"damage":0,"enemies":"Giant Head","floor":41,"turns":7},{"damage":0,"enemies":"Reptomancer","floor":44,"turns":4},{"damage":0,"enemies":"Sphere and 2 Shapes","floor":47,"turns":3},{"damage":0,"enemies":"4 Shapes","floor":48,"turns":4},{"damage":0,"enemies":"Donu and Deca","floor":50,"turns":8}],"seed_played":"-4154428388659547994","potions_obtained":[{"floor":1,"key":"FearPotion"},{"floor":6,"key":"Dexterity Potion"},{"floor":10,"key":"Regen Potion"},{"floor":14,"key":"AttackPotion"},{"floor":23,"key":"PowerPotion"},{"floor":25,"key":"GhostInAJar"}],"is_trial":false,"path_per_floor":["?","?","?","T","T","T","?","M","T","T","?","?","?","?"],"character_chosen":"THE_SILENT","items_purchased":["Footwork","Molten Egg 2","Predator+1","Strawberry"],"campfire_rested":1,"item_purchase_floors":[7,7,46,46],"current_hp_per_floor":[63,63,63,63,50,50,50,50,50,40,40,41,41,41,41,38,58,58,56,56,54,54,41,41,36,36,36,36,36,36,36,65,65,65,65,79,79,75,75,75,75,75,75,75,75,82,82,82,82,82],"gold":45,"neow_bonus":"THREE_ENEMY_KILL","is_prod":false,"is_daily":false,"chose_seed":false,"campfire_upgraded":7,"win_rate":0,"timestamp":1549592945,"path_taken":["M","?","M","?","?","E","$","?","T","E","?","E","?","M","R","BOSS","M","M","?","?","?","E","R","E","T","R","M","?","R","M","R","BOSS","M","?","?","?","M","R","E","R","T","E","?","$","M","M","R","BOSS"],"build_version":"2019-01-23","purchased_purges":2,"victory":true,"max_hp_per_floor":[70,65,65,65,65,65,65,65,65,65,65,65,65,65,65,65,65,65,65,65,65,65,65,65,65,65,65,65,65,65,65,65,65,65,65,79,79,75,75,75,75,75,75,75,75,82,82,82,82,82],"card_choices":[{"not_picked":["Flechettes","Deflect"],"picked":"Dagger Throw","floor":1},{"not_picked":["Outmaneuver","Concentrate"],"picked":"Flying Knee","floor":3},{"not_picked":["Deadly Poison","Expertise"],"picked":"Caltrops","floor":6},{"not_picked":["Deadly Poison","Doppelganger"],"picked":"Footwork","floor":10},{"not_picked":["Underhanded Strike+1","Poisoned Stab+1"],"picked":"Flying Knee+1","floor":12},{"not_picked":["Poisoned Stab+1","Calculated Gamble"],"picked":"Cloak And Dagger","floor":14},{"not_picked":["Burst","Wraith Form v2"],"picked":"A Thousand Cuts","floor":16},{"not_picked":["Blade Dance","Poisoned Stab+1"],"picked":"Quick Slash+1","floor":18},{"not_picked":["Eviscerate+1","Dodge and Roll"],"picked":"Sucker Punch+1","floor":19},{"not_picked":["Deflect","Flying Knee+1"],"picked":"Acrobatics+1","floor":21},{"not_picked":["Slice+1","Flying Knee+1"],"picked":"Deflect+1","floor":23},{"not_picked":["Reflex","Prepared"],"picked":"Acrobatics","floor":25},{"not_picked":["Dagger Spray+1","Deadly Poison+1"],"picked":"Bouncing Flask+1","floor":28},{"not_picked":["Night Terror","Dagger Spray+1","Catalyst"],"picked":"SKIP","floor":31},{"not_picked":["Envenom","Die Die Die+1"],"picked":"Adrenaline","floor":33},{"not_picked":["Underhanded Strike+1","Dagger Throw+1"],"picked":"Finisher+1","floor":35},{"not_picked":["Outmaneuver","Prepared"],"picked":"Dodge and Roll+1","floor":36},{"not_picked":["Acrobatics","Dagger Spray+1"],"picked":"Blade Dance+1","floor":39},{"not_picked":["Riddle With Holes+1","Underhanded Strike+1","Blade Dance+1"],"picked":"SKIP","floor":41},{"not_picked":["Tools of the Trade","Tactician"],"picked":"Dagger Throw+1","floor":44},{"not_picked":["Outmaneuver+1","Backstab+1"],"picked":"Backflip","floor":47},{"not_picked":["Tactician+1","Noxious Fumes","Cloak And Dagger"],"picked":"SKIP","floor":48}],"player_experience":309783,"relics_obtained":[{"floor":6,"key":"Tiny Chest"},{"floor":8,"key":"Gambling Chip"},{"floor":9,"key":"Regal Pillow"},{"floor":10,"key":"Vajra"},{"floor":11,"key":"Mummified Hand"},{"floor":12,"key":"Dream Catcher"},{"floor":13,"key":"Anchor"},{"floor":22,"key":"Gremlin Horn"},{"floor":23,"key":"The Courier"},{"floor":25,"key":"Thread and Needle"},{"floor":26,"key":"Oddly Smooth Stone"},{"floor":29,"key":"Snake Skull"},{"floor":36,"key":"Mango"},{"floor":41,"key":"Bag of Preparation"},{"floor":43,"key":"Lantern"},{"floor":44,"key":"Ninja Scroll"}],"event_choices":[{"damage_healed":0,"gold_gain":0,"player_choice":"Lose Max HP","damage_taken":0,"relics_obtained":["Golden Idol"],"max_hp_gain":0,"max_hp_loss":5,"event_name":"Golden Idol","floor":2,"gold_loss":0},{"damage_healed":0,"gold_gain":175,"player_choice":"AGREE","damage_taken":0,"max_hp_gain":0,"max_hp_loss":0,"event_name":"Liars Game","floor":4,"gold_loss":0,"cards_obtained":["Doubt"]},{"damage_healed":0,"gold_gain":0,"player_choice":"Entered Light","damage_taken":13,"max_hp_gain":0,"max_hp_loss":0,"event_name":"Shining Light","floor":5,"gold_loss":0,"cards_upgraded":["Defend_G","Defend_G"]},{"damage_healed":0,"gold_gain":0,"player_choice":"Ignored","damage_taken":0,"max_hp_gain":0,"max_hp_loss":0,"event_name":"Transmorgrifier","floor":20,"gold_loss":0},{"damage_healed":0,"gold_gain":0,"player_choice":"Fight","damage_taken":0,"max_hp_gain":0,"max_hp_loss":0,"event_name":"MindBloom","floor":36,"gold_loss":0},{"cards_removed":["Survivor"],"damage_healed":0,"gold_gain":0,"player_choice":"Removed Skill","damage_taken":0,"max_hp_gain":0,"max_hp_loss":0,"event_name":"Falling","floor":37,"gold_loss":0},{"damage_healed":0,"gold_gain":0,"player_choice":"Max HP","damage_taken":0,"max_hp_gain":0,"max_hp_loss":4,"event_name":"Winding Halls","floor":38,"gold_loss":0},{"damage_healed":0,"gold_gain":0,"player_choice":"Ignored","damage_taken":0,"max_hp_gain":0,"max_hp_loss":0,"event_name":"Tomb of Lord Red Mask","floor":45,"gold_loss":0}],"is_beta":false,"boss_relics":[{"not_picked":["Philosopher\u0027s Stone","Snecko Eye"],"picked":"Ectoplasm"},{"not_picked":["Lizard Tail","Astrolabe"],"picked":"Runic Pyramid"}],"items_purged_floors":[7,46],"is_endless":false,"potions_floor_spawned":[1,6,10,14,23,25,28,33,39,44,48],"ascension_level":9}