{"gold_per_floor":[109,129,204,14,14,46,46,79,106,29,29,45,60,34,34,34],"floor_reached":16,"playtime":571,"items_purged":[],"score":157,"play_id":"e902ce17-eb3c-45b7-8149-9d969b5fb6e4","local_time":"20190302141247","is_ascension_mode":true,"campfire_choices":[{"floor":7,"key":"REST"},{"floor":11,"key":"REST"},{"data":"Zap","floor":15,"key":"SMITH"}],"neow_cost":"NONE","seed_source_timestamp":184566165618,"circlet_count":0,"master_deck":["Strike_B","Strike_B","Strike_B","Strike_B+1","Defend_B","Defend_B","Defend_B","Defend_B","Zap+1","Dualcast","Auto Shields","Streamline","Rip and Tear","Cold Snap+1","Turbo","Seek","Self Repair","Go for the Eyes","Ball Lightning","Defragment","Gash"],"relics":["White Beast Statue","Ancient Tea Set","Whetstone","Dream Catcher"],"potions_floor_usage":[2,6,6,8,12,16,16],"damage_taken":[{"damage":9,"enemies":"Small Slimes","floor":1,"turns":4},{"damage":0,"enemies":"2 Louse","floor":2,"turns":3},{"damage":39,"enemies":"3 Sentries","floor":6,"turns":6},{"damage":26,"enemies":"Gremlin Nob","floor":8,"turns":4},{"damage":1,"enemies":"Jaw Worm","floor":12,"turns":6},{"damage":8,"enemies":"Blue Slaver","floor":13,"turns":3},{"damage":50,"enemies":"Slime Boss","floor":16,"turns":8}],"seed_played":"-5836324771725637420","potions_obtained":[{"floor":1,"key":"EssenceOfSteel"},{"floor":2,"key":"LiquidBronze"},{"floor":6,"key":"Swift Potion"},{"floor":8,"key":"Regen Potion"},{"floor":12,"key":"LiquidBronze"},{"floor":13,"key":"Explosive Potion"}],"is_trial":false,"path_per_floor":["M","M","?","$","?","E","R","E","T","$","R","M","M","$","R","B"],"character_chosen":"DEFECT","items_purchased":["Rip and Tear","Cold Snap","Turbo","Fire Potion","Self Repair","Gash"],"campfire_rested":2,"item_purchase_floors":[4,4,4,4,10,14],"current_hp_per_floor":[59,59,48,48,48,9,31,5,5,5,27,48,47,47,47,0],"gold":34,"neow_bonus":"BOSS_RELIC","is_prod":false,"is_daily":false,"chose_seed":false,"campfire_upgraded":1,"win_rate":0,"timestamp":1551532367,"path_taken":["M","M","?","$","?","E","R","E","T","$","R","M","M","$","R","BOSS"],"build_version":"2019-01-23","purchased_purges":0,"victory":false,"max_hp_per_floor":[75,75,75,75,75,75,75,75,75,75,75,75,75,75,75,75],"card_choices":[{"not_picked":["Hologram","Reprogram"],"picked":"Auto Shields","floor":1},{"not_picked":["Lockon","Reinforced Body"],"picked":"Streamline","floor":2},{"not_picked":["Lockon","Fusion","Streamline"],"picked":"SKIP","floor":6},{"not_picked":["Sunder","Turbo"],"picked":"Seek","floor":8},{"not_picked":["Streamline","Gash"],"picked":"Go for the Eyes","floor":11},{"not_picked":["Self Repair","Loop"],"picked":"Ball Lightning","floor":12},{"not_picked":["Compile Driver","Glacier"],"picked":"Defragment","floor":13}],"player_experience":817956,"relics_obtained":[{"floor":6,"key":"Ancient Tea Set"},{"floor":8,"key":"Whetstone"},{"floor":9,"key":"Dream Catcher"}],"event_choices":[{"damage_healed":0,"gold_gain":75,"player_choice":"Gather Gold","damage_taken":11,"max_hp_gain":0,"max_hp_loss":0,"event_name":"World of Goop","floor":3,"gold_loss":0},{"damage_healed":0,"gold_gain":0,"player_choice":"Leave","damage_taken":0,"max_hp_gain":0,"max_hp_loss":0,"event_name":"The Cleric","floor":5,"gold_loss":0}],"is_beta":false,"boss_relics":[],"items_purged_floors":[],"is_endless":false,"potions_floor_spawned":[1,2,6,8,12,13],"killed_by":"Slime Boss","ascension_level":9}