{"gold_per_floor":[117,117,133,133,144,179,16,16,16,32,95,125,125,139,139,239,239,250,250,250,266,283,301,301],"floor_reached":24,"playtime":1433,"items_purged":["Strike_G"],"score":208,"play_id":"eeb3254f-51d0-4346-a1ed-170a3146ea21","local_time":"20180918184111","is_ascension_mode":false,"campfire_choices":[{"floor":8.0,"key":"REST"},{"data":"Noxious Fumes","floor":13.0,"key":"SMITH"},{"data":"Blur","floor":15.0,"key":"SMITH"}],"neow_cost":"","seed_source_timestamp":0,"circlet_count":0,"master_deck":["Survivor","Neutralize+1","Deflect","Dagger Spray","Cloak And Dagger","Blur+1","Cloak And Dagger","Infinite Blades","Blur","Noxious Fumes+1","Cloak And Dagger","Envenom","Catalyst","Accuracy","Leg Sweep","Dagger Spray","Blur","Concentrate","Reflex","Concentrate","Backflip","Deadly Poison","Writhe","PiercingWail+1"],"special_seed":0,"relics":["Ring of the Snake","Mercury Hourglass","Anchor","Bag of Preparation","Blue Candle","Pandora\u0027s Box","Dodecahedron"],"potions_floor_usage":[24,24,24],"damage_taken":[{"damage":1.0,"enemies":"Jaw Worm","floor":1.0,"turns":7.0},{"damage":2.0,"enemies":"Cultist","floor":3.0,"turns":5.0},{"damage":0.0,"enemies":"2 Louse","floor":5.0,"turns":3.0},{"damage":38.0,"enemies":"Gremlin Nob","floor":6.0,"turns":5.0},{"damage":0.0,"enemies":"Lots of Slimes","floor":10.0,"turns":3.0},{"damage":0.0,"enemies":"3 Sentries","floor":11.0,"turns":5.0},{"damage":4.0,"enemies":"3 Sentries","floor":12.0,"turns":7.0},{"damage":0.0,"enemies":"Looter","floor":14.0,"turns":4.0},{"damage":7.0,"enemies":"Slime Boss","floor":16.0,"turns":10.0},{"damage":0.0,"enemies":"Shell Parasite","floor":18.0,"turns":8.0},{"damage":7.0,"enemies":"2 Thieves","floor":21.0,"turns":4.0},{"damage":19,"enemies":"Cultist and Chosen","floor":22,"turns":8},{"damage":18,"enemies":"3 Cultists","floor":23,"turns":5},{"damage":26,"enemies":"Slavers","floor":24,"turns":4}],"seed_played":"3298514909884287188","potions_obtained":[{"floor":5.0,"key":"FearPotion"},{"floor":10.0,"key":"Explosive Potion"},{"floor":11.0,"key":"Strength Potion"},{"floor":14.0,"key":"SpeedPotion"},{"floor":16.0,"key":"Ancient Potion"},{"floor":23,"key":"SpeedPotion"}],"is_trial":false,"path_per_floor":["M","?","M","?","M","E","$","R","T","M","?","E","R","M","R","B",null,"M","?","?","M","M","M"],"character_chosen":"THE_SILENT","items_purchased":["Cloak And Dagger","Infinite Blades"],"campfire_rested":1,"item_purchase_floors":[7,7],"current_hp_per_floor":[69,69,67,67,67,29,29,50,50,50,50,46,46,46,46,39,70,70,70,70,63,44,26,0],"gold":301,"neow_bonus":"","is_prod":false,"is_daily":false,"chose_seed":false,"campfire_upgraded":2,"win_rate":0,"timestamp":1537288871,"path_taken":["M","?","?","?","M","E","$","R","T","M","?","E","R","M","R","BOSS","M","?","?","?","M","M","E"],"build_version":"2018-09-06","purchased_purges":1,"victory":false,"max_hp_per_floor":[70,70,70,70,70,70,70,70,70,70,70,70,70,70,70,70,70,70,70,70,70,70,70,70],"card_choices":[{"not_picked":["Bane","Dodge and Roll"],"picked":"Deflect","floor":1.0},{"not_picked":["Caltrops","Setup"],"picked":"Dagger Spray","floor":3.0},{"not_picked":["Setup","Catalyst"],"picked":"Cloak And Dagger","floor":5.0},{"not_picked":["Blade Dance","Quick Slash"],"picked":"Blur","floor":6.0},{"not_picked":["Crippling Poison","Bane"],"picked":"Blur","floor":10.0},{"not_picked":["Prepared","Endless Agony"],"picked":"Noxious Fumes","floor":11.0},{"not_picked":["Quick Slash","Expertise","Prepared"],"picked":"SKIP","floor":12.0},{"not_picked":["Dash","Underhanded Strike"],"picked":"Cloak And Dagger","floor":14.0},{"not_picked":["Doppelganger","Grand Finale"],"picked":"Envenom","floor":16.0},{"not_picked":["Outmaneuver+1","Acrobatics"],"picked":"Deadly Poison","floor":18.0},{"not_picked":["Deadly Poison","Bane"],"picked":"PiercingWail+1","floor":21},{"not_picked":["Endless Agony","Riddle With Holes","Choke+1"],"picked":"SKIP","floor":22},{"not_picked":["Dagger Spray+1","Underhanded Strike+1","Dagger Throw"],"picked":"SKIP","floor":23}],"player_experience":163918,"relics_obtained":[{"floor":6.0,"key":"Mercury Hourglass"},{"floor":9.0,"key":"Anchor"},{"floor":11.0,"key":"Bag of Preparation"},{"floor":12.0,"key":"Blue Candle"}],"event_choices":[{"event_name":"The Woman in Blue","player_choice":"Bought 0 Potions","floor":2.0,"damage_taken":0.0},{"event_name":"Living Wall","player_choice":"Grow","floor":4.0,"damage_taken":0.0},{"event_name":"Dead Adventurer","player_choice":"Searched \u00271\u0027 times","floor":11.0,"damage_taken":0.0},{"event_name":"Ghosts","player_choice":"Ignored","floor":19.0,"damage_taken":0.0},{"event_name":"The Mausoleum","player_choice":"Yes","floor":20.0,"damage_taken":0.0}],"is_beta":false,"boss_relics":[{"not_picked":["Busted Crown","Runic Pyramid"],"picked":"Pandora\u0027s Box"}],"items_purged_floors":[7],"is_endless":false,"potions_floor_spawned":[5,10,11,14,16,23],"killed_by":"Slavers","ascension_level":0}