{"gold_per_floor":[113,113,12,29,43,43,63,63,112,112,138,138,155,230,230,333,333,288,288,288,288,288,288,288,288,288,288,288,288],"floor_reached":29,"playtime":860,"items_purged":["Strike_R"],"score":275,"play_id":"ea2021b5-c34a-4ef3-ad92-e7db9965aaac","local_time":"20190202210419","is_ascension_mode":true,"campfire_choices":[{"data":"Body Slam","floor":6,"key":"SMITH"},{"data":"Body Slam","floor":8,"key":"SMITH"},{"data":"Flex","floor":10,"key":"SMITH"},{"data":"True Grit","floor":12,"key":"SMITH"},{"data":"Whirlwind","floor":15,"key":"SMITH"},{"data":"Limit Break","floor":23,"key":"SMITH"},{"floor":25,"key":"REST"}],"neow_cost":"NONE","seed_source_timestamp":1119873883939843,"circlet_count":0,"master_deck":["Strike_R","Strike_R","Strike_R","Strike_R","Defend_R","Defend_R","Defend_R","Defend_R","Bash+1","Pommel Strike","Flex+1","Whirlwind+1","Body Slam+1","Body Slam+1","True Grit+1","Dropkick","Offering","Dropkick","Limit Break+1","Flex+1","Infernal Blade+1"],"relics":["Burning Blood","Lantern","Ancient Tea Set","Ectoplasm","Red Mask","Molten Egg 2"],"potions_floor_usage":[16,16,20,29,29],"damage_taken":[{"damage":1,"enemies":"Cultist","floor":1,"turns":3},{"damage":0,"enemies":"Small Slimes","floor":4,"turns":4},{"damage":4,"enemies":"Jaw Worm","floor":5,"turns":3},{"damage":13,"enemies":"Blue Slaver","floor":7,"turns":3},{"damage":0,"enemies":"Gremlin Nob","floor":11,"turns":3},{"damage":0,"enemies":"Exordium Thugs","floor":13,"turns":4},{"damage":73,"enemies":"Hexaghost","floor":16,"turns":11},{"damage":14,"enemies":"2 Thieves","floor":18,"turns":3},{"damage":0,"enemies":"Masked Bandits","floor":20,"turns":2},{"damage":9,"enemies":"Chosen","floor":21,"turns":3},{"damage":39,"enemies":"Snake Plant","floor":22,"turns":5},{"damage":29,"enemies":"Shelled Parasite and Fungi","floor":24,"turns":4},{"damage":19,"enemies":"Snecko","floor":27,"turns":3},{"damage":35,"enemies":"Book of Stabbing","floor":29,"turns":3}],"seed_played":"-6397762631236232420","potions_obtained":[{"floor":2,"key":"GamblersBrew"},{"floor":2,"key":"Ancient Potion"},{"floor":2,"key":"FairyPotion"},{"floor":7,"key":"Strength Potion"},{"floor":13,"key":"PowerPotion"},{"floor":16,"key":"Explosive Potion"},{"floor":24,"key":"Fire Potion"},{"floor":27,"key":"LiquidBronze"}],"is_trial":false,"path_per_floor":["M","?","$","M","M","R","M","R","T","R","E","R","M","?","R","B",null,"M","?","?","M","M","R","M","R","T","M","?","E"],"character_chosen":"IRONCLAD","items_purchased":["Flex"],"campfire_rested":1,"item_purchase_floors":[3],"current_hp_per_floor":[80,80,80,80,80,80,73,73,73,73,79,79,80,69,69,14,80,72,72,78,75,42,42,19,43,43,30,30,0],"gold":288,"neow_bonus":"UPGRADE_CARD","is_prod":false,"is_daily":false,"chose_seed":false,"campfire_upgraded":6,"win_rate":0,"timestamp":1549137859,"path_taken":["M","?","$","M","M","R","M","R","T","R","E","R","?","?","R","BOSS","M","?","?","M","?","R","M","R","T","M","?","E"],"build_version":"2019-01-23","purchased_purges":1,"victory":false,"max_hp_per_floor":[80,80,80,80,80,80,80,80,80,80,80,80,80,80,80,80,80,80,80,80,80,80,80,80,80,80,80,80,80],"card_choices":[{"not_picked":["Havoc","Heavy Blade"],"picked":"Pommel Strike","floor":1},{"not_picked":["Combust","Intimidate"],"picked":"Whirlwind","floor":4},{"not_picked":["Thunderclap","Heavy Blade"],"picked":"Body Slam","floor":5},{"not_picked":["Blood for Blood","Uppercut"],"picked":"Body Slam","floor":7},{"not_picked":["Ghostly Armor","Sentinel"],"picked":"True Grit","floor":11},{"not_picked":["Twin Strike","Immolate"],"picked":"Dropkick","floor":13},{"not_picked":["Exhume","Fiend Fire"],"picked":"Offering","floor":16},{"not_picked":["Cleave","Warcry"],"picked":"Dropkick","floor":18},{"not_picked":["Clothesline","Perfected Strike","Combust"],"picked":"SKIP","floor":21},{"not_picked":["Combust","Armaments"],"picked":"Limit Break","floor":22},{"not_picked":["Feel No Pain","Anger"],"picked":"Flex+1","floor":24},{"not_picked":["Reckless Charge+1","Wild Strike+1"],"picked":"Infernal Blade+1","floor":27}],"player_experience":576878,"relics_obtained":[{"floor":9,"key":"Lantern"},{"floor":11,"key":"Ancient Tea Set"},{"floor":20,"key":"Red Mask"},{"floor":26,"key":"Molten Egg 2"}],"event_choices":[{"damage_healed":0,"gold_gain":0,"player_choice":"Got Potions","damage_taken":0,"max_hp_gain":0,"max_hp_loss":0,"event_name":"Lab","floor":2,"gold_loss":0},{"damage_healed":0,"gold_gain":75,"player_choice":"Gather Gold","damage_taken":11,"max_hp_gain":0,"max_hp_loss":0,"event_name":"World of Goop","floor":14,"gold_loss":0},{"damage_healed":0,"gold_gain":0,"player_choice":"Ignored","damage_taken":0,"max_hp_gain":0,"max_hp_loss":0,"event_name":"Ghosts","floor":19,"gold_loss":0},{"damage_healed":0,"gold_gain":0,"player_choice":"Fought Bandits","damage_taken":0,"max_hp_gain":0,"max_hp_loss":0,"event_name":"Masked Bandits","floor":20,"gold_loss":0},{"damage_healed":0,"gold_gain":99,"player_choice":"Stole From Cult","damage_taken":0,"max_hp_gain":0,"max_hp_loss":0,"event_name":"Nest","floor":28,"gold_loss":0}],"is_beta":false,"boss_relics":[{"not_picked":["Orrery","White Beast Statue"],"picked":"Ectoplasm"}],"items_purged_floors":[3],"is_endless":false,"potions_floor_spawned":[4,7,13,16,24,27],"killed_by":"Book of Stabbing","ascension_level":2}