{"gold_per_floor":[369,369,369,387,89,89,102,112,112,126,126,151,151,182,182,280,280,290,94,94,105,5,5,30,30,30,48,61,61,81,98,98,98],"floor_reached":33,"playtime":2367,"items_purged":["Strike_B","Pain"],"score":468,"play_id":"ce409b82-5e76-4860-b2a2-289fe3ee0e3d","local_time":"20190303171921","is_ascension_mode":true,"campfire_choices":[{"data":"Zap","floor":6,"key":"SMITH"},{"data":"Beam Cell","floor":13,"key":"SMITH"},{"data":"Reboot","floor":15,"key":"SMITH"},{"floor":23,"key":"REST"},{"data":"Hologram","floor":25,"key":"SMITH"},{"floor":29,"key":"REST"},{"floor":32,"key":"REST"}],"neow_cost":"TEN_PERCENT_HP_LOSS","seed_source_timestamp":1602271598869192,"circlet_count":0,"master_deck":["AscendersBane","Strike_B","Strike_B+1","Defend_B","Defend_B+1","Defend_B","Defend_B","Zap+1","Dualcast","Beam Cell+1","Self Repair","Streamline","Gash","Reboot+1","Seek","Regret","Rebound+1","Gash","Rip and Tear","Hologram+1","Undo","Consume","Go for the Eyes"],"relics":["Cracked Core","Bag of Preparation","Blue Candle","Vajra","Calling Bell","Strawberry","Pantograph","Ice Cream","DollysMirror","Pear","Symbiotic Virus"],"potions_floor_usage":[12,12,16,18,24,24],"damage_taken":[{"damage":3,"enemies":"2 Louse","floor":1,"turns":3},{"damage":2,"enemies":"Jaw Worm","floor":4,"turns":3},{"damage":0,"enemies":"Small Slimes","floor":7,"turns":3},{"damage":17,"enemies":"Gremlin Gang","floor":8,"turns":5},{"damage":0,"enemies":"3 Louse","floor":10,"turns":4},{"damage":1,"enemies":"3 Sentries","floor":12,"turns":6},{"damage":8,"enemies":"Gremlin Nob","floor":14,"turns":3},{"damage":33,"enemies":"Hexaghost","floor":16,"turns":6},{"damage":40,"enemies":"3 Byrds","floor":18,"turns":6},{"damage":12,"enemies":"Shell Parasite","floor":21,"turns":3},{"damage":21,"enemies":"Book of Stabbing","floor":24,"turns":3},{"damage":30,"enemies":"Snecko","floor":27,"turns":4},{"damage":1,"enemies":"Centurion and Healer","floor":28,"turns":3},{"damage":16,"enemies":"Sentry and Sphere","floor":30,"turns":5},{"damage":31,"enemies":"Snake Plant","floor":31,"turns":3},{"damage":85,"enemies":"Champ","floor":33,"turns":10}],"seed_played":"-6141257340615602040","potions_obtained":[{"floor":1,"key":"Poison Potion"},{"floor":10,"key":"EssenceOfSteel"},{"floor":12,"key":"PowerPotion"},{"floor":14,"key":"Energy Potion"},{"floor":18,"key":"Energy Potion"},{"floor":21,"key":"LiquidBronze"}],"is_trial":false,"path_per_floor":["M","?","?","M","$","R","M","M","T","M","?","E","R","E","R","B",null,"M","$","?","M","$","R","E","R","T","M","M","R","M","M","R","B"],"character_chosen":"DEFECT","items_purchased":["Bag of Preparation","Self Repair","DollysMirror"],"campfire_rested":3,"item_purchase_floors":[5,5,19],"current_hp_per_floor":[65,51,56,54,54,54,61,51,51,58,51,57,57,56,56,30,69,36,36,36,31,31,55,44,44,44,21,27,54,45,21,48,0],"gold":98,"neow_bonus":"TWO_FIFTY_GOLD","is_prod":false,"is_daily":false,"chose_seed":false,"campfire_upgraded":4,"win_rate":0,"timestamp":1551651561,"path_taken":["M","?","?","M","$","R","M","M","T","M","?","E","R","E","R","BOSS","M","$","?","M","$","R","E","R","T","M","M","R","M","M","R","BOSS"],"build_version":"2019-01-23","purchased_purges":2,"victory":false,"max_hp_per_floor":[68,68,73,73,73,73,73,73,73,73,73,73,73,73,73,73,80,80,80,80,80,80,80,90,90,90,90,90,90,90,90,90,90],"card_choices":[{"not_picked":["Blizzard","Turbo","Stack"],"picked":"SKIP","floor":1},{"not_picked":["Stack","Hologram"],"picked":"Beam Cell","floor":4},{"not_picked":["Steam","Meteor Strike","Stack"],"picked":"SKIP","floor":7},{"not_picked":["Steam","Meteor Strike","Stack"],"picked":"SKIP","floor":7},{"not_picked":["Self Repair","Tempest","White Noise"],"picked":"SKIP","floor":8},{"not_picked":["Steam Power","Static Discharge"],"picked":"Streamline","floor":10},{"not_picked":["Stack","Conserve Battery"],"picked":"Gash","floor":12},{"not_picked":["Undo","Defragment"],"picked":"Reboot","floor":14},{"not_picked":["Echo Form","Multi-Cast"],"picked":"Seek","floor":16},{"not_picked":["Barrage","Coolheaded"],"picked":"Rebound+1","floor":18},{"not_picked":["Redo","Recycle+1"],"picked":"Rip and Tear","floor":21},{"not_picked":["Turbo","Biased Cognition"],"picked":"Hologram","floor":24},{"not_picked":["Gash","Darkness"],"picked":"Undo","floor":27},{"not_picked":["Force Field","Streamline","Hello World"],"picked":"SKIP","floor":28},{"not_picked":["Compile Driver","Lockon"],"picked":"Consume","floor":30},{"not_picked":["Hologram","Beam Cell+1"],"picked":"Go for the Eyes","floor":31}],"player_experience":637895,"relics_obtained":[{"floor":12,"key":"Blue Candle"},{"floor":14,"key":"Vajra"},{"floor":17,"key":"Strawberry"},{"floor":17,"key":"Pantograph"},{"floor":17,"key":"Ice Cream"},{"floor":24,"key":"Pear"},{"floor":26,"key":"Symbiotic Virus"}],"event_choices":[{"damage_healed":0,"gold_gain":0,"player_choice":"Entered Light","damage_taken":14,"max_hp_gain":0,"max_hp_loss":0,"event_name":"Shining Light","floor":2,"gold_loss":0,"cards_upgraded":["Strike_B","Defend_B"]},{"damage_healed":0,"gold_gain":0,"player_choice":"Donut","damage_taken":0,"max_hp_gain":5,"max_hp_loss":0,"event_name":"Big Fish","floor":3,"gold_loss":0},{"cards_removed":["Strike_B"],"damage_healed":0,"gold_gain":0,"player_choice":"Card Removal","damage_taken":7,"max_hp_gain":0,"max_hp_loss":0,"event_name":"Golden Wing","floor":11,"gold_loss":0},{"cards_removed":["Normality"],"damage_healed":0,"gold_gain":0,"player_choice":"Purged","damage_taken":0,"max_hp_gain":0,"max_hp_loss":0,"event_name":"Purifier","floor":20,"gold_loss":0}],"is_beta":false,"boss_relics":[{"not_picked":["Busted Crown","Sozu"],"picked":"Calling Bell"}],"items_purged_floors":[5,22],"is_endless":false,"potions_floor_spawned":[1,10,12,14,18,21],"killed_by":"Champ","ascension_level":12}