{"gold_per_floor":[117,117,67,83,96,96,126,126,126,161,172,172,188,198,198,293,293,309,234,244,294,294,294,354,354,381,416,416,443,453,463,463,566,566,578,588,600,612,312,312,312,312,338,376,403,426,472,500,512,524],"floor_reached":51,"playtime":3589,"items_purged":["Strike_B","Strike_B"],"score":749,"play_id":"7ea51f72-3c8c-4fd5-8f7a-c5c6193fdb3a","local_time":"20181025212546","is_ascension_mode":false,"campfire_choices":[{"data":"Glacier","floor":6.0,"key":"SMITH"},{"data":"Dualcast","floor":8.0,"key":"SMITH"},{"data":"Chill","floor":12.0,"key":"SMITH"},{"data":"Turbo","floor":15.0,"key":"SMITH"},{"data":"Self Repair","floor":23,"key":"SMITH"},{"data":"Sunder","floor":25,"key":"SMITH"},{"data":"Defragment","floor":32,"key":"SMITH"},{"data":"Creative AI","floor":40,"key":"SMITH"},{"data":"Deep Breath","floor":42,"key":"SMITH"},{"data":"Coolheaded","floor":49,"key":"SMITH"}],"neow_cost":"NONE","seed_source_timestamp":0,"circlet_count":0,"master_deck":["Defend_B+1","Defend_B","Defend_B","Zap+1","Dualcast+1","Chill+1","Sunder+1","Glacier+1","Self Repair+1","Go for the Eyes","Capacitor","Fusion+1","Turbo+1","Electrodynamics","Sweeping Beam","BootSequence+1","Coolheaded+1","Defragment+1","Coolheaded+1","Stack","Creative AI+1","Gash","Redo+1","Conserve Battery","Sweeping Beam","Deep Breath+1","Go for the Eyes","Melter","BootSequence"],"special_seed":0,"relics":["Cracked Core","Meat on the Bone","Sundial","Omamori","Busted Crown","Tiny Chest","War Paint","Mummified Hand","Necronomicon","Bird Faced Urn","Empty Cage","Art of War","MawBank","Boot","Darkstone Periapt"],"potions_floor_usage":[18,20,24,27,50,50,50],"damage_taken":[{"damage":1.0,"enemies":"Cultist","floor":1.0,"turns":3.0},{"damage":1.0,"enemies":"Small Slimes","floor":4.0,"turns":2.0},{"damage":0.0,"enemies":"Jaw Worm","floor":5.0,"turns":3.0},{"damage":21.0,"enemies":"3 Sentries","floor":7.0,"turns":10.0},{"damage":39.0,"enemies":"Gremlin Nob","floor":10.0,"turns":6.0},{"damage":6.0,"enemies":"Exordium Wildlife","floor":11.0,"turns":2.0},{"damage":9.0,"enemies":"Exordium Thugs","floor":13.0,"turns":7.0},{"damage":0.0,"enemies":"3 Louse","floor":14.0,"turns":5.0},{"damage":61.0,"enemies":"The Guardian","floor":16.0,"turns":19.0},{"damage":0,"enemies":"Chosen","floor":18,"turns":5},{"damage":7,"enemies":"2 Thieves","floor":20,"turns":4},{"damage":23,"enemies":"Slavers","floor":24,"turns":6},{"damage":7,"enemies":"Gremlin Leader","floor":27,"turns":13},{"damage":47,"enemies":"Slavers","floor":29,"turns":6},{"damage":0,"enemies":"Snake Plant","floor":30,"turns":4},{"damage":0,"enemies":"3 Cultists","floor":31,"turns":3},{"damage":4,"enemies":"Champ","floor":33,"turns":13},{"damage":0,"enemies":"3 Darklings","floor":35,"turns":8},{"damage":0,"enemies":"Orb Walker","floor":36,"turns":5},{"damage":9,"enemies":"Spire Growth","floor":37,"turns":5},{"damage":14,"enemies":"Sphere and 2 Shapes","floor":38,"turns":9},{"damage":0,"enemies":"Maw","floor":45,"turns":9},{"damage":5,"enemies":"Spire Growth","floor":46,"turns":5},{"damage":18,"enemies":"Giant Head","floor":47,"turns":9},{"damage":5,"enemies":"Sphere and 2 Shapes","floor":48,"turns":5},{"damage":71,"enemies":"Awakened One","floor":50,"turns":10}],"seed_played":"-2167711671380028526","potions_obtained":[{"floor":1.0,"key":"Swift Potion"},{"floor":10.0,"key":"Block Potion"},{"floor":13.0,"key":"Energy Potion"},{"floor":18,"key":"Explosive Potion"},{"floor":24,"key":"PowerPotion"},{"floor":29,"key":"FocusPotion"},{"floor":31,"key":"Energy Potion"},{"floor":46,"key":"Regen Potion"}],"is_trial":false,"path_per_floor":["M","?","?","M","M","R","E","R","T","E","M","R","M","M","R","B",null,"M","$","M","?","?","R","E","R","T","E","?","E","M","M","R","B",null,"M","M","M","M","$","R","?","R","T","T","M","M","E","M","R","B"],"character_chosen":"DEFECT","items_purchased":["Art of War","Sweeping Beam"],"campfire_rested":0,"item_purchase_floors":[39,39],"current_hp_per_floor":[74,74,74,73,73,73,52,52,52,32,45,45,55,62,62,20,75,75,75,75,75,75,75,62,62,62,65,49,24,54,60,60,74,75,75,75,75,75,75,75,75,75,75,75,75,75,75,74,74,69],"gold":536,"neow_bonus":"UPGRADE_CARD","is_prod":false,"is_daily":false,"chose_seed":false,"campfire_upgraded":10,"win_rate":0,"timestamp":1540495546,"path_taken":["M","?","?","?","M","R","E","R","T","E","M","R","M","M","R","BOSS","M","$","M","?","?","R","E","R","T","E","?","E","?","M","R","BOSS","M","M","M","M","$","R","?","R","T","?","M","M","E","M","R","BOSS"],"build_version":"2018-10-18","purchased_purges":2,"victory":true,"max_hp_per_floor":[75,75,75,75,75,75,75,75,75,75,75,75,75,75,75,75,75,75,75,75,75,75,75,75,75,75,75,75,75,75,75,75,75,75,75,75,75,75,75,75,75,75,75,75,75,75,75,75,75,75],"card_choices":[{"not_picked":["Leap","Hologram"],"picked":"Chill","floor":1.0},{"not_picked":["Redo","Steam"],"picked":"Sunder","floor":4.0},{"not_picked":["Go for the Eyes","Conserve Battery"],"picked":"Glacier","floor":5.0},{"not_picked":["All For One","Chill"],"picked":"Self Repair","floor":7.0},{"not_picked":["Hologram","Rebound"],"picked":"Go for the Eyes","floor":10.0},{"not_picked":["Steam","Streamline"],"picked":"Capacitor","floor":11.0},{"not_picked":["Chaos","Rip and Tear"],"picked":"Fusion","floor":13.0},{"not_picked":["Consume","Capacitor"],"picked":"Turbo","floor":14.0},{"not_picked":["All For One","Hyperbeam"],"picked":"Electrodynamics","floor":16.0},{"not_picked":[],"picked":"Sweeping Beam","floor":18},{"not_picked":[],"picked":"BootSequence","floor":20},{"not_picked":[],"picked":"Coolheaded+1","floor":24},{"not_picked":[],"picked":"Defragment","floor":27},{"not_picked":[],"picked":"Coolheaded","floor":29},{"not_picked":[],"picked":"Stack","floor":30},{"not_picked":["Ball Lightning"],"picked":"SKIP","floor":31},{"not_picked":[],"picked":"Creative AI","floor":33},{"not_picked":[],"picked":"Gash","floor":35},{"not_picked":[],"picked":"Redo+1","floor":36},{"not_picked":[],"picked":"Conserve Battery","floor":37},{"not_picked":["Rebound"],"picked":"SKIP","floor":38},{"not_picked":[],"picked":"Deep Breath","floor":41},{"not_picked":[],"picked":"Go for the Eyes","floor":45},{"not_picked":[],"picked":"Melter","floor":46},{"not_picked":["All For One"],"picked":"SKIP","floor":47},{"not_picked":[],"picked":"BootSequence","floor":48}],"player_experience":234403,"relics_obtained":[{"floor":7.0,"key":"Meat on the Bone"},{"floor":9.0,"key":"Sundial"},{"floor":10.0,"key":"Omamori"},{"floor":24,"key":"Tiny Chest"},{"floor":26,"key":"War Paint"},{"floor":27,"key":"Mummified Hand"},{"floor":28,"key":"Necronomicon"},{"floor":29,"key":"Bird Faced Urn"},{"floor":43,"key":"MawBank"},{"floor":44,"key":"Boot"},{"floor":47,"key":"Darkstone Periapt"}],"event_choices":[{"damage_healed":0.0,"max_hp_gain":0.0,"max_hp_loss":0.0,"gold_gain":0.0,"event_name":"Liars Game","player_choice":"Ignored","floor":2.0,"gold_loss":0.0,"damage_taken":0.0},{"cards_removed":["Defend_B"],"damage_healed":0.0,"max_hp_gain":0.0,"max_hp_loss":0.0,"gold_gain":0.0,"event_name":"The Cleric","player_choice":"Card Removal","floor":3.0,"gold_loss":50.0,"damage_taken":0.0},{"damage_healed":0,"gold_gain":100,"player_choice":"Bet on Murderer","damage_taken":0,"max_hp_gain":0,"max_hp_loss":0,"event_name":"The Joust","floor":21,"gold_loss":50},{"damage_healed":0,"gold_gain":0,"player_choice":"Upgraded","damage_taken":0,"max_hp_gain":0,"max_hp_loss":0,"event_name":"Upgrade Shrine","floor":22,"gold_loss":0,"cards_upgraded":["Fusion"]},{"damage_healed":0,"gold_gain":0,"player_choice":"Obtained Book","damage_taken":16,"max_hp_gain":0,"max_hp_loss":0,"event_name":"Cursed Tome","floor":28,"gold_loss":0},{"damage_healed":0,"gold_gain":0,"player_choice":"Memory 1","damage_taken":0,"max_hp_gain":0,"max_hp_loss":0,"event_name":"SensoryStone","floor":41,"gold_loss":0}],"is_beta":false,"boss_relics":[{"not_picked":["Pandora\u0027s Box","Tiny House"],"picked":"Busted Crown"},{"not_picked":["Runic Dome","Philosopher\u0027s Stone"],"picked":"Empty Cage"}],"items_purged_floors":[19,39],"is_endless":false,"potions_floor_spawned":[1,10,13,14,16,18,24,29,31,36,46,47,48],"ascension_level":0}