{"gold_per_floor":[13,28,78,39,57,57,86,104,104,115,115,115,146,91,91,167,167,186,202,202,214,214,214,214,14,14,14],"floor_reached":27,"playtime":1708,"items_purged":["Strike_R"],"score":442,"play_id":"89ac4125-1798-448c-9da7-ef56a7046b0b","local_time":"20190302142552","is_ascension_mode":true,"campfire_choices":[{"data":"Bash","floor":6.0,"key":"SMITH"},{"floor":12.0,"key":"REST"},{"floor":15.0,"key":"REST"},{"floor":23,"key":"REST"}],"neow_cost":"NO_GOLD","seed_source_timestamp":0,"circlet_count":0,"master_deck":["AscendersBane","Strike_R+1","Strike_R","Strike_R","Strike_R","Defend_R","Defend_R","Defend_R","Defend_R","Bash+1","Twin Strike","Anger+1","Corruption","Battle Trance","Headbutt","Armaments","Reaper","Shrug It Off","Thunderclap","Decay","Reaper","Feel No Pain","Rampage"],"special_seed":0,"relics":["Burning Blood","StoneCalendar","Mercury Hourglass","Paper Frog","Juzu Bracelet","Sozu","Whetstone"],"potions_floor_usage":[21],"damage_taken":[{"damage":3.0,"enemies":"2 Louse","floor":1.0,"turns":4.0},{"damage":2.0,"enemies":"Cultist","floor":2.0,"turns":4.0},{"damage":26.0,"enemies":"Jaw Worm","floor":5.0,"turns":5.0},{"damage":30.0,"enemies":"3 Sentries","floor":7.0,"turns":7.0},{"damage":8.0,"enemies":"Red Slaver","floor":8.0,"turns":3.0},{"damage":18.0,"enemies":"Exordium Thugs","floor":10.0,"turns":3.0},{"damage":12.0,"enemies":"Lagavulin","floor":13.0,"turns":5.0},{"damage":28.0,"enemies":"The Guardian","floor":16.0,"turns":12.0},{"damage":43,"enemies":"3 Byrds","floor":18,"turns":6},{"damage":20,"enemies":"Spheric Guardian","floor":19,"turns":4},{"damage":29,"enemies":"Cultist and Chosen","floor":21,"turns":7},{"damage":52,"enemies":"Snecko","floor":27,"turns":5}],"seed_played":"76017194451507243","potions_obtained":[{"floor":2.0,"key":"PowerPotion"},{"floor":8.0,"key":"Weak Potion"},{"floor":10.0,"key":"GamblersBrew"},{"floor":11.0,"key":"PowerPotion"},{"floor":13.0,"key":"SpeedPotion"}],"is_trial":false,"path_per_floor":["M","M","?","$","M","R","E","M","T","M","?","R","E","?","R","B",null,"M","M","?","M","?","R","?","$","T","M"],"character_chosen":"IRONCLAD","items_purchased":["Corruption","Feel No Pain","Rampage"],"campfire_rested":3,"item_purchase_floors":[4,25,25],"current_hp_per_floor":[71,75,68,68,48,48,24,22,22,10,10,32,26,26,48,26,63,32,18,18,9,9,31,31,31,31,0],"gold":14,"neow_bonus":"ONE_RARE_RELIC","is_prod":false,"is_daily":false,"chose_seed":false,"campfire_upgraded":1,"win_rate":0,"timestamp":1551497152,"path_taken":["M","M","?","?","M","R","E","M","T","M","?","R","E","?","R","BOSS","M","M","?","M","?","R","?","$","T","M"],"build_version":"2019-01-23","purchased_purges":1,"victory":false,"max_hp_per_floor":[75,75,75,75,75,75,75,75,75,75,75,75,75,75,75,75,75,75,75,75,75,75,75,75,75,75,75],"card_choices":[{"not_picked":["Havoc","Shrug It Off"],"picked":"Twin Strike","floor":1.0},{"not_picked":["Sentinel","Perfected Strike"],"picked":"Anger","floor":2.0},{"not_picked":["Infernal Blade","Exhume"],"picked":"Battle Trance","floor":5.0},{"not_picked":["Warcry","Flex"],"picked":"Headbutt","floor":7.0},{"not_picked":["Bloodletting","Evolve"],"picked":"Armaments","floor":8.0},{"not_picked":["True Grit","Body Slam","Havoc"],"picked":"SKIP","floor":10.0},{"not_picked":["Warcry","Body Slam","Dual Wield"],"picked":"SKIP","floor":13.0},{"not_picked":["Bludgeon","Berserk"],"picked":"Reaper","floor":16.0},{"not_picked":["Havoc+1","Twin Strike"],"picked":"Shrug It Off","floor":18},{"not_picked":["Fire Breathing","Shrug It Off"],"picked":"Thunderclap","floor":19},{"not_picked":["Body Slam","Wild Strike","Flex"],"picked":"SKIP","floor":21}],"player_experience":768051,"relics_obtained":[{"floor":7.0,"key":"Mercury Hourglass"},{"floor":9.0,"key":"Paper Frog"},{"floor":13.0,"key":"Juzu Bracelet"},{"floor":26,"key":"Whetstone"}],"event_choices":[{"damage_healed":0.0,"max_hp_gain":0.0,"max_hp_loss":0.0,"gold_gain":50.0,"event_name":"FaceTrader","player_choice":"Touch","floor":3.0,"gold_loss":0.0,"damage_taken":7.0},{"damage_healed":0.0,"max_hp_gain":0.0,"max_hp_loss":0.0,"gold_gain":0.0,"event_name":"Lab","player_choice":"Got Potions","floor":11.0,"gold_loss":0.0,"damage_taken":0.0},{"damage_healed":0.0,"max_hp_gain":0.0,"max_hp_loss":0.0,"gold_gain":0.0,"event_name":"World of Goop","player_choice":"Left Gold","floor":14.0,"gold_loss":55.0,"damage_taken":0.0},{"damage_healed":0,"gold_gain":0,"player_choice":"Smashed Altar","damage_taken":0,"max_hp_gain":0,"max_hp_loss":0,"event_name":"Forgotten Altar","floor":20,"gold_loss":0,"cards_obtained":["Decay"]},{"damage_healed":0,"gold_gain":0,"player_choice":"Ignored","damage_taken":0,"max_hp_gain":0,"max_hp_loss":0,"event_name":"Beggar","floor":22,"gold_loss":0},{"damage_healed":0,"gold_gain":0,"player_choice":"Copied","damage_taken":0,"max_hp_gain":0,"max_hp_loss":0,"event_name":"Duplicator","floor":24,"gold_loss":0,"cards_obtained":["Reaper"]}],"is_beta":false,"boss_relics":[{"not_picked":["Black Star","Empty Cage"],"picked":"Sozu"}],"items_purged_floors":[25],"is_endless":false,"potions_floor_spawned":[2,8,10,13,18],"killed_by":"Snecko","ascension_level":20}