{"gold_per_floor":[118,68,85,10,20,48,48,48,48,78,50,81,81,95,95,199,199,216,236,159,159],"floor_reached":21,"playtime":1272,"items_purged":["Defend_G"],"score":197,"play_id":"a4bdf403-38c7-47af-8494-f1e2a9a6467d","local_time":"20180810154325","is_ascension_mode":false,"campfire_choices":[{"floor":15,"key":"REST"}],"neow_cost":"NONE","seed_source_timestamp":542460907152278,"circlet_count":0,"master_deck":["Defend_G","Defend_G","Defend_G","Defend_G","Strike_G","Strike_G","Strike_G","Strike_G","Survivor","Neutralize","Backflip","Deadly Poison","Well Laid Plans","Burst","Catalyst","J.A.X."],"relics":["Ring of the Snake","Pen Nib","StoneCalendar","Paper Crane","Meat on the Bone","Molten Egg 2","Bottled Tornado","Eternal Feather"],"potions_floor_usage":[6,12,18],"damage_taken":[{"damage":4,"enemies":"Jaw Worm","floor":1,"turns":7},{"damage":0,"enemies":"2 Louse","floor":3,"turns":3},{"damage":2,"enemies":"Small Slimes","floor":5,"turns":3},{"damage":3,"enemies":"Lagavulin","floor":6,"turns":8},{"damage":30,"enemies":"3 Sentries","floor":10,"turns":7},{"damage":43,"enemies":"Gremlin Nob","floor":12,"turns":6},{"damage":3,"enemies":"Red Slaver","floor":14,"turns":4},{"damage":13,"enemies":"The Guardian","floor":16,"turns":12},{"damage":19,"enemies":"Spheric Guardian","floor":18,"turns":6},{"damage":19,"enemies":"Chosen","floor":19,"turns":7},{"damage":48,"enemies":"Centurion and Healer","floor":21,"turns":6}],"seed_played":"6023504883825737442","potions_obtained":[{"floor":3,"key":"Block Potion"},{"floor":10,"key":"Regen Potion"},{"floor":12,"key":"Poison Potion"},{"floor":18,"key":"GhostInAJar"},{"floor":19,"key":"EssenceOfSteel"}],"is_trial":false,"path_per_floor":["M","?","M","$","M","E","T","?","T","E","?","E","$","M","R","B",null,"M","M","?"],"character_chosen":"THE_SILENT","items_purchased":[],"campfire_rested":1,"item_purchase_floors":[],"current_hp_per_floor":[66,66,66,66,64,61,61,61,61,43,43,27,27,36,57,44,70,51,44,44,0],"gold":159,"neow_bonus":"RANDOM_COMMON_RELIC","is_prod":false,"is_daily":false,"chose_seed":false,"campfire_upgraded":0,"win_rate":0,"timestamp":1533908605,"path_taken":["M","?","?","$","M","E","?","?","T","E","?","E","$","M","R","BOSS","M","M","?","?"],"build_version":"2018-08-09","purchased_purges":1,"victory":false,"max_hp_per_floor":[70,70,70,70,70,70,70,70,70,70,70,70,70,70,70,70,70,70,70,70,70],"card_choices":[{"not_picked":["Slice","Setup"],"picked":"Backflip","floor":1},{"not_picked":["Flying Knee","Dagger Throw"],"picked":"Deadly Poison","floor":3},{"not_picked":["Cloak And Dagger","Dodge and Roll"],"picked":"Well Laid Plans","floor":5},{"not_picked":["Deadly Poison","Bullet Time"],"picked":"Burst","floor":6},{"not_picked":["Slice","Finisher","Backflip"],"picked":"SKIP","floor":10},{"not_picked":["Flying Knee+1","Underhanded Strike+1"],"picked":"Catalyst","floor":12},{"not_picked":["Dagger Throw+1","Outmaneuver","Accuracy"],"picked":"SKIP","floor":14},{"not_picked":["Reflex","Heel Hook+1","Underhanded Strike+1"],"picked":"SKIP","floor":18},{"not_picked":["Blade Dance","Dagger Throw+1","Setup"],"picked":"SKIP","floor":19}],"player_experience":125708,"relics_obtained":[{"floor":6,"key":"StoneCalendar"},{"floor":7,"key":"Paper Crane"},{"floor":9,"key":"Meat on the Bone"},{"floor":10,"key":"Molten Egg 2"},{"floor":12,"key":"Bottled Tornado"}],"event_choices":[{"event_name":"The Cleric","player_choice":"Card Removal","floor":2,"damage_taken":0},{"event_name":"Liars Game","player_choice":"disagreed","floor":8,"damage_taken":0},{"event_name":"World of Goop","player_choice":"Left","floor":11,"damage_taken":0},{"event_name":"Drug Dealer","player_choice":"Got JAXXED","floor":20,"damage_taken":0}],"is_beta":false,"boss_relics":[{"not_picked":["Calling Bell","Busted Crown"],"picked":"Eternal Feather"}],"items_purged_floors":[4],"is_endless":false,"potions_floor_spawned":[3,10,12,18,19],"killed_by":"Centurion and Healer","ascension_level":0}