{"gold_per_floor":[110,110,123,10,10,10,21,32,114,142,142,142,157,200,200,323,323,342,342,358,273,328,368,387,423,503,534,549,582,605,605,605,731,731,752,662,29,53,0,0,0,34,34,54,69,89,114,153,153,153,153,153,79,79],"floor_reached":54,"playtime":7221,"items_purged":["Strike_B","Defend_B"],"score":1014,"play_id":"5db8193e-ea61-44ac-a310-627627e2be51","local_time":"20190102015106","is_ascension_mode":true,"campfire_choices":[{"data":"Zap","floor":6.0,"key":"SMITH"},{"data":"Buffer","floor":15,"key":"SMITH"},{"floor":32,"key":"RECALL"},{"floor":40,"key":"REST"},{"floor":49,"key":"REST"},{"floor":52,"key":"REST"}],"neow_cost":"NONE","seed_source_timestamp":876149187795932,"circlet_count":0,"master_deck":["Strike_B","Strike_B","Defend_B","Defend_B","Defend_B","Zap+1","Dualcast","Ball Lightning","FTL","Genetic Algorithm+1","Buffer+1","Self Repair","Leap","FTL","Machine Learning+1","Rainbow","Go for the Eyes","Capacitor+1","Auto Shields","Coolheaded","Redo+1","Cold Snap","Doom and Gloom+1","Seek","Hologram","Flash of Steel","Glacier+1","Blind","Dramatic Entrance","Madness","Redo+1","Redo+1","Sweeping Beam+1","Redo+1","Echo Form+1"],"special_seed":0,"relics":["Cracked Core","Bag of Marbles","NlothsMask","Dream Catcher","Golden Idol","Blue Candle","Fusion Hammer","Shuriken","Strawberry","Frozen Egg 2","Matryoshka","Juzu Bracelet","Ornamental Fan","Pocketwatch","Gremlin Horn","Inserter","ClockworkSouvenir","Kunai","Red Mask","Orichalcum","Toxic Egg 2","Bottled Flame"],"potions_floor_usage":[14,25,27,50,54,54,54],"damage_taken":[{"damage":0.0,"enemies":"Small Slimes","floor":1.0,"turns":2.0},{"damage":0.0,"enemies":"Cultist","floor":3.0,"turns":2.0},{"damage":0.0,"enemies":"2 Louse","floor":7.0,"turns":2.0},{"damage":5,"enemies":"Gremlin Gang","floor":8,"turns":6},{"damage":25,"enemies":"3 Sentries","floor":10,"turns":6},{"damage":9,"enemies":"3 Louse","floor":13,"turns":3},{"damage":8,"enemies":"Lagavulin","floor":14,"turns":6},{"damage":8,"enemies":"The Guardian","floor":16,"turns":12},{"damage":7,"enemies":"2 Thieves","floor":18,"turns":5},{"damage":0,"enemies":"Spheric Guardian","floor":20,"turns":4},{"damage":38,"enemies":"Slavers","floor":23,"turns":6},{"damage":9,"enemies":"Centurion and Healer","floor":24,"turns":9},{"damage":14,"enemies":"Gremlin Leader","floor":25,"turns":8},{"damage":13,"enemies":"Book of Stabbing","floor":27,"turns":7},{"damage":0,"enemies":"3 Cultists","floor":28,"turns":7},{"damage":2,"enemies":"Gremlin Leader","floor":29,"turns":7},{"damage":7,"enemies":"Sentry and Sphere","floor":30,"turns":6},{"damage":34,"enemies":"Collector","floor":33,"turns":11},{"damage":8,"enemies":"3 Shapes","floor":35,"turns":5},{"damage":1,"enemies":"Orb Walker","floor":38,"turns":5},{"damage":13,"enemies":"Giant Head","floor":42,"turns":12},{"damage":15,"enemies":"3 Darklings","floor":44,"turns":5},{"damage":0,"enemies":"Transient","floor":45,"turns":5},{"damage":12,"enemies":"Sphere and 2 Shapes","floor":46,"turns":7},{"damage":9,"enemies":"4 Shapes","floor":47,"turns":3},{"damage":3,"enemies":"Nemesis","floor":48,"turns":7},{"damage":59,"enemies":"Time Eater","floor":50,"turns":14},{"damage":108,"enemies":"Shield and Spear","floor":54,"turns":8}],"seed_played":"7611549416465800044","potions_obtained":[{"floor":7.0,"key":"FocusPotion"},{"floor":14,"key":"EntropicBrew"},{"floor":16,"key":"FearPotion"},{"floor":24,"key":"FocusPotion"},{"floor":25,"key":"SkillPotion"},{"floor":28,"key":"Energy Potion"},{"floor":29,"key":"SkillPotion"},{"floor":30,"key":"Dexterity Potion"}],"is_trial":false,"path_per_floor":["M","?","M","$","?","R","M","M","T","E","?","?","M","E","R","B",null,"M","?","M","?","T","E","M","E","T","E","M","E","M","?","R","B",null,"M","?","$","M","?","R","?","E","T","M","M","M","M","E","R","B",null,"R","$","E"],"character_chosen":"DEFECT","items_purchased":["Genetic Algorithm","ClockworkSouvenir","Kunai","Flash of Steel","LiquidBronze"],"campfire_rested":3,"item_purchase_floors":[4,37,37,37,53],"current_hp_per_floor":[75,75,75,75,75,75,75,70,70,52,34,39,37,36,36,35,80,80,80,80,80,87,56,54,47,47,41,48,53,53,53,53,26,87,86,86,86,87,87,87,77,71,71,63,70,65,63,67,87,35,87,87,87,0],"gold":79,"neow_bonus":"RANDOM_COMMON_RELIC","is_prod":false,"is_daily":false,"chose_seed":false,"campfire_upgraded":2,"win_rate":0,"timestamp":1546415466,"path_taken":["M","?","?","?","?","R","?","M","T","E","?","?","M","E","R","BOSS","M","?","M","?","?","E","M","E","T","E","M","E","M","?","R","BOSS","M","?","?","M","?","R","?","E","T","M","M","M","M","E","R","BOSS","R","$","E"],"build_version":"2018-12-20","purchased_purges":2,"victory":false,"max_hp_per_floor":[75,75,75,75,75,75,75,75,75,75,75,80,80,80,80,80,80,80,80,80,80,87,87,87,87,87,87,87,87,87,87,87,87,87,87,87,87,87,87,87,87,87,87,87,87,87,87,87,87,87,87,87,87,87],"card_choices":[{"not_picked":["Rip and Tear","Streamline"],"picked":"Ball Lightning","floor":1.0},{"not_picked":["Stack","Redo"],"picked":"FTL","floor":3.0},{"not_picked":["Turbo","Leap"],"picked":"Buffer","floor":7.0},{"not_picked":["Reprogram","Loop"],"picked":"Self Repair","floor":8},{"not_picked":["Streamline","Skim"],"picked":"Leap","floor":10},{"not_picked":["Scrape","Heatsinks"],"picked":"FTL","floor":13},{"not_picked":["Aggregate","Storm"],"picked":"Machine Learning","floor":14},{"not_picked":["Hyperbeam","All For One"],"picked":"Rainbow","floor":16},{"not_picked":["Redo","Streamline"],"picked":"Go for the Eyes","floor":18},{"not_picked":["Reprogram","Chaos"],"picked":"Capacitor+1","floor":20},{"not_picked":["Sunder+1","Lockon"],"picked":"Auto Shields","floor":23},{"not_picked":["Double Energy","Chaos","Undo"],"picked":"SKIP","floor":24},{"not_picked":["Cold Snap","Go for the Eyes"],"picked":"Coolheaded","floor":25},{"not_picked":["Go for the Eyes","Doom and Gloom"],"picked":"Redo+1","floor":27},{"not_picked":["Steam+1","Streamline"],"picked":"Cold Snap","floor":28},{"not_picked":["Double Energy","Streamline+1","Fission"],"picked":"SKIP","floor":29},{"not_picked":["Conserve Battery+1","Barrage"],"picked":"Doom and Gloom+1","floor":30},{"not_picked":["Thunder Strike","Rainbow"],"picked":"Seek","floor":33},{"not_picked":["Recycle+1","Fusion"],"picked":"Hologram","floor":35},{"not_picked":["Cold Snap+1","Sweeping Beam"],"picked":"Glacier+1","floor":38},{"not_picked":["Dark Shackles","Purity"],"picked":"Blind","floor":41},{"not_picked":["Panacea","Purity"],"picked":"Dramatic Entrance","floor":41},{"not_picked":["Blind","Dark Shackles"],"picked":"Madness","floor":41},{"not_picked":["Rebound+1","Auto Shields","Streamline"],"picked":"SKIP","floor":42},{"not_picked":["Capacitor+1","Static Discharge+1","Coolheaded+1"],"picked":"SKIP","floor":44},{"not_picked":["Self Repair+1","Reboot+1"],"picked":"Redo+1","floor":45},{"not_picked":["Ball Lightning+1","Melter+1"],"picked":"Redo+1","floor":46},{"not_picked":["BootSequence+1","Leap+1"],"picked":"Sweeping Beam+1","floor":47},{"not_picked":["Barrage+1","Lockon"],"picked":"Redo+1","floor":48},{"not_picked":["FTL","Streamline"],"picked":"Echo Form+1","floor":52}],"player_experience":413938,"relics_obtained":[{"floor":10,"key":"Dream Catcher"},{"floor":14,"key":"Blue Candle"},{"floor":22,"key":"Strawberry"},{"floor":23,"key":"Frozen Egg 2"},{"floor":25,"key":"Matryoshka"},{"floor":26,"key":"Juzu Bracelet"},{"floor":26,"key":"Ornamental Fan"},{"floor":27,"key":"Pocketwatch"},{"floor":29,"key":"Gremlin Horn"},{"floor":42,"key":"Orichalcum"},{"floor":43,"key":"Toxic Egg 2"},{"floor":48,"key":"Bottled Flame"}],"event_choices":[{"damage_healed":0.0,"max_hp_gain":0.0,"max_hp_loss":0.0,"gold_gain":0.0,"event_name":"FaceTrader","player_choice":"Trade","floor":2.0,"gold_loss":0.0,"damage_taken":0.0,"relics_obtained":["NlothsMask"]},{"damage_healed":0.0,"max_hp_gain":0.0,"max_hp_loss":0.0,"gold_gain":0.0,"event_name":"Upgrade Shrine","player_choice":"Upgraded","floor":5.0,"gold_loss":0.0,"damage_taken":0.0,"cards_upgraded":["Genetic Algorithm"]},{"damage_healed":0,"gold_gain":0,"player_choice":"Take Damage","damage_taken":18,"relics_obtained":["Golden Idol"],"max_hp_gain":0,"max_hp_loss":0,"event_name":"Golden Idol","floor":11,"gold_loss":0},{"damage_healed":0,"gold_gain":0,"player_choice":"Donut","damage_taken":0,"max_hp_gain":5,"max_hp_loss":0,"event_name":"Big Fish","floor":12,"gold_loss":0},{"damage_healed":0,"gold_gain":0,"player_choice":"Ignored","damage_taken":0,"max_hp_gain":0,"max_hp_loss":0,"event_name":"Ghosts","floor":19,"gold_loss":0},{"damage_healed":0,"gold_gain":0,"player_choice":"Obtained Relic","damage_taken":0,"relics_obtained":["Shuriken"],"max_hp_gain":0,"max_hp_loss":0,"event_name":"Addict","floor":21,"gold_loss":85},{"damage_healed":0,"gold_gain":0,"player_choice":"Ignored","damage_taken":0,"max_hp_gain":0,"max_hp_loss":0,"event_name":"Vampires","floor":31,"gold_loss":0},{"cards_removed":["Strike_B"],"damage_healed":0,"gold_gain":0,"player_choice":"Upgrade and Remove","damage_taken":0,"max_hp_gain":0,"max_hp_loss":0,"event_name":"Designer","floor":36,"gold_loss":90,"cards_upgraded":["Machine Learning"]},{"damage_healed":0,"gold_gain":0,"player_choice":"Paid","damage_taken":0,"relics_obtained":["Red Mask"],"max_hp_gain":0,"max_hp_loss":0,"event_name":"Tomb of Lord Red Mask","floor":39,"gold_loss":53},{"damage_healed":0,"gold_gain":0,"player_choice":"Memory 3","damage_taken":10,"max_hp_gain":0,"max_hp_loss":0,"event_name":"SensoryStone","floor":41,"gold_loss":0}],"is_beta":false,"boss_relics":[{"not_picked":["Snecko Eye","FrozenCore"],"picked":"Fusion Hammer"},{"not_picked":["Tiny House","Calling Bell"],"picked":"Inserter"}],"items_purged_floors":[4,37],"is_endless":false,"potions_floor_spawned":[7,14,16,24,25,28,29,30,33,35,44,45,47],"killed_by":"Shield and Spear","ascension_level":4}