{"gold_per_floor":[119,46,46,60,60,60,78,28,28,28,28,46,46,46,46,141,141,152,152,152,167,167,167,167],"floor_reached":24,"playtime":889,"items_purged":[],"score":246,"play_id":"e887c78b-af6d-4cab-b97f-9bd899ccdbb9","local_time":"20190113221124","is_ascension_mode":true,"campfire_choices":[{"data":"Footwork","floor":6.0,"key":"SMITH"},{"data":"Bouncing Flask","floor":11.0,"key":"SMITH"},{"data":"Neutralize","floor":13.0,"key":"SMITH"},{"data":"Dodge and Roll","floor":15.0,"key":"SMITH"},{"floor":23,"key":"REST"}],"neow_cost":"NONE","seed_source_timestamp":0,"circlet_count":0,"master_deck":["Defend_G+1","Defend_G+1","Defend_G+1","Defend_G+1","Defend_G+1","Strike_G+1","Strike_G+1","Strike_G+1","Strike_G+1","Survivor","Neutralize+1","Dodge and Roll+1","Footwork+1","Bouncing Flask+1","Sucker Punch","Dagger Spray","Wraith Form v2","Cloak And Dagger+1","Backflip"],"special_seed":0,"relics":["Ring of the Snake","Bag of Marbles","Du-Vu Doll","Eternal Feather","FossilizedHelix"],"potions_floor_usage":[19],"damage_taken":[{"damage":11.0,"enemies":"Cultist","floor":1.0,"turns":5.0},{"damage":0.0,"enemies":"Jaw Worm","floor":4.0,"turns":5.0},{"damage":0.0,"enemies":"Small Slimes","floor":7.0,"turns":4.0},{"damage":0.0,"enemies":"Blue Slaver","floor":12.0,"turns":4.0},{"damage":32.0,"enemies":"Slime Boss","floor":16.0,"turns":18.0},{"damage":0,"enemies":"Spheric Guardian","floor":18,"turns":3},{"damage":25,"enemies":"Colosseum Slavers","floor":19,"turns":7},{"damage":14,"enemies":"3 Byrds","floor":21,"turns":7},{"damage":65,"enemies":"Book of Stabbing","floor":24,"turns":11}],"seed_played":"-3596451502562558247","potions_obtained":[{"floor":0.0,"key":"Energy Potion"},{"floor":0.0,"key":"Regen Potion"},{"floor":0.0,"key":"EntropicBrew"},{"floor":7.0,"key":"FearPotion"},{"floor":12.0,"key":"GhostInAJar"},{"floor":18,"key":"Regen Potion"}],"is_trial":false,"path_per_floor":["M","$","?","M","?","R","M","?","T","$","R","M","R","$","R","B",null,"M","?","?","M","T","R","E"],"character_chosen":"THE_SILENT","items_purchased":["Footwork"],"campfire_rested":1,"item_purchase_floors":[2],"current_hp_per_floor":[61,61,61,61,49,49,49,49,49,49,49,49,49,49,49,17,57,57,47,47,33,33,63,0],"gold":167,"neow_bonus":"THREE_SMALL_POTIONS","is_prod":false,"is_daily":false,"chose_seed":false,"campfire_upgraded":4,"win_rate":0,"timestamp":1547413884,"path_taken":["M","$","?","M","?","R","M","?","T","?","R","M","R","$","R","BOSS","M","?","?","M","?","R","E"],"build_version":"2019-01-10","purchased_purges":0,"victory":false,"max_hp_per_floor":[70,70,70,70,70,70,70,70,70,70,70,70,70,70,70,70,70,70,70,70,70,70,70,70],"card_choices":[{"not_picked":["Acrobatics","Calculated Gamble"],"picked":"Dodge and Roll","floor":1.0},{"not_picked":["Underhanded Strike","Outmaneuver"],"picked":"Bouncing Flask","floor":4.0},{"not_picked":["Slice","Heel Hook"],"picked":"Sucker Punch","floor":7.0},{"not_picked":["Underhanded Strike","Expertise"],"picked":"Dagger Spray","floor":12.0},{"not_picked":["Die Die Die","Corpse Explosion"],"picked":"Wraith Form v2","floor":16.0},{"not_picked":["Blade Dance","Infinite Blades+1"],"picked":"Cloak And Dagger+1","floor":18},{"not_picked":["Dodge and Roll+1","Flying Knee+1"],"picked":"Backflip","floor":21}],"player_experience":510814,"relics_obtained":[{"floor":9.0,"key":"Du-Vu Doll"},{"floor":22,"key":"FossilizedHelix"}],"event_choices":[{"damage_healed":0.0,"max_hp_gain":0.0,"max_hp_loss":0.0,"gold_gain":0.0,"event_name":"Shining Light","player_choice":"Ignored","floor":3.0,"gold_loss":0.0,"damage_taken":0.0},{"damage_healed":0.0,"max_hp_gain":0.0,"max_hp_loss":0.0,"gold_gain":0.0,"event_name":"Scrap Ooze","player_choice":"Success","floor":5.0,"gold_loss":0.0,"damage_taken":12.0,"relics_obtained":["Bag of Marbles"]},{"cards_removed":["Strike_G"],"damage_healed":0.0,"max_hp_gain":0.0,"max_hp_loss":0.0,"gold_gain":0.0,"event_name":"The Cleric","player_choice":"Card Removal","floor":8.0,"gold_loss":50.0,"damage_taken":0.0},{"damage_healed":0,"gold_gain":0,"player_choice":"Fight","damage_taken":0,"max_hp_gain":0,"max_hp_loss":0,"event_name":"Colosseum","floor":19,"gold_loss":0},{"damage_healed":0,"gold_gain":0,"player_choice":"Fled From Nobs","damage_taken":0,"max_hp_gain":0,"max_hp_loss":0,"event_name":"Colosseum","floor":19,"gold_loss":0},{"damage_healed":0,"gold_gain":0,"player_choice":"Simplicity","damage_taken":0,"max_hp_gain":0,"max_hp_loss":0,"event_name":"Back to Basics","floor":20,"gold_loss":0,"cards_upgraded":["Defend_G","Defend_G","Defend_G","Defend_G","Defend_G","Strike_G","Strike_G","Strike_G","Strike_G"]}],"is_beta":false,"boss_relics":[{"not_picked":["Empty Cage","Coffee Dripper"],"picked":"Eternal Feather"}],"items_purged_floors":[],"is_endless":false,"potions_floor_spawned":[7,12,18],"killed_by":"Book of Stabbing","ascension_level":7}