{"path_per_floor":["M","M","?","M","M","E","$","M","T","M","M","M","R","M","R"],"character_chosen":"THE_SILENT","items_purchased":["Underhanded Strike","Terror","Panacea"],"gold_per_floor":[111,124,124,135,155,187,5,23,103,113,128,144,144,164,164],"floor_reached":16,"campfire_rested":2,"playtime":2642,"current_hp_per_floor":[63,62,62,62,40,21,21,14,14,1,1,5,26,26,47],"items_purged":[],"gold":164,"score":108,"play_id":"1b121dc2-9fe9-428a-9467-52bebc77f42c","local_time":"20180304045648","is_prod":false,"is_daily":false,"is_ascension_mode":false,"campfire_upgraded":0,"timestamp":1520157408,"path_taken":["M","M","?","?","M","E","$","M","T","M","M","M","R","M","R","BOSS"],"build_version":"2018-03-01-PROD1","purchased_purges":0,"victory":false,"master_deck":["Defend_G","Defend_G","Defend_G","Defend_G","Defend_G","Strike_G","Strike_G","Strike_G","Strike_G","Strike_G","Survivor","Neutralize","Acrobatics","Flying Knee","Dagger Spray","Prepared","Flying Knee","Underhanded Strike","Terror","Panacea","Prepared","PiercingWail","Flechettes","Eviscerate","PiercingWail"],"max_hp_per_floor":[70,70,70,70,70,70,70,70,70,70,70,70,70,70,70],"relics":["White Beast Statue","Ancient Tea Set","Darkstone Periapt"],"card_choices":[{"not_picked":["PiercingWail","Deadly Poison"],"picked":"Acrobatics"},{"not_picked":["Bane","Quick Slash"],"picked":"Flying Knee"},{"not_picked":["Catalyst","Night Terror"],"picked":"Dagger Spray"},{"not_picked":["Acrobatics","Dagger Throw"],"picked":"Prepared"},{"not_picked":["Accuracy","Night Terror"],"picked":"Flying Knee"},{"not_picked":["Expertise","Endless Agony"],"picked":"Prepared"},{"not_picked":["Flying Knee","Sucker Punch"],"picked":"PiercingWail"},{"not_picked":["Caltrops","Cloak And Dagger"],"picked":"Flechettes"},{"not_picked":["Poisoned Stab","Malaise"],"picked":"Eviscerate"},{"not_picked":["Poisoned Stab","Dodge and Roll"],"picked":"PiercingWail"}],"player_experience":75349,"potions_floor_usage":[5,5,6,8,10,10,11,12,14,16],"damage_taken":[{"damage":7,"enemies":"Small Slimes","floor":1,"turns":4},{"damage":1,"enemies":"Cultist","floor":2,"turns":4},{"damage":0,"enemies":"2 Louse","floor":4,"turns":3},{"damage":22,"enemies":"Gremlin Gang","floor":5,"turns":6},{"damage":19,"enemies":"3 Sentries","floor":6,"turns":7},{"damage":7,"enemies":"Looter","floor":8,"turns":3},{"damage":13,"enemies":"Lots of Slimes","floor":10,"turns":4},{"damage":0,"enemies":"2 Fungi Beasts","floor":11,"turns":3},{"damage":2,"enemies":"Looter","floor":12,"turns":3},{"damage":0,"enemies":"Blue Slaver","floor":14,"turns":3},{"damage":60,"enemies":"Slime Boss","floor":16,"turns":9}],"event_choices":[{"event_name":"The Lab","player_choice":"Got Potions","floor":3,"damage_taken":0}],"boss_relics":[],"potions_floor_spawned":[1,2,4,5,6,8,10,11,12,14],"seed_played":"-7815843461226411710","killed_by":"Slime Boss","ascension_level":0,"is_trial":false}