{"gold_per_floor":[111,14,31,49,59,59,59,59,59,75,92,103,134,150,150,247,247,258,278,297,309,309],"floor_reached":22,"playtime":1735,"items_purged":["Decay"],"score":194,"play_id":"c209a11f-e889-4085-b17b-b229a13e5b5c","local_time":"20181004013816","is_ascension_mode":false,"campfire_choices":[{"data":"Die Die Die","floor":6,"key":"SMITH"},{"data":"Neutralize","floor":8,"key":"SMITH"},{"data":"Catalyst","floor":15,"key":"SMITH"}],"neow_cost":"CURSE","seed_source_timestamp":35933273810464,"circlet_count":0,"master_deck":["Defend_G","Defend_G","Defend_G","Defend_G","Defend_G","Strike_G","Strike_G","Strike_G","Strike_G","Strike_G","Survivor","Neutralize+1","Die Die Die+1","Poisoned Stab","Dagger Throw","Catalyst+1","Dagger Spray","Regret","Acrobatics","Blade Dance","Backstab","Backflip","Deadly Poison","Corpse Explosion","Blur","PiercingWail","PiercingWail+1"],"relics":["Ring of the Serpent","Ornamental Fan","Mummified Hand","Centennial Puzzle"],"potions_floor_usage":[13,20],"damage_taken":[{"damage":1,"enemies":"Cultist","floor":1,"turns":5},{"damage":0,"enemies":"Small Slimes","floor":3,"turns":2},{"damage":0,"enemies":"2 Louse","floor":4,"turns":1},{"damage":0,"enemies":"Looter","floor":5,"turns":3},{"damage":0,"enemies":"Exordium Wildlife","floor":10,"turns":1},{"damage":8,"enemies":"Large Slime","floor":11,"turns":7},{"damage":2,"enemies":"Blue Slaver","floor":12,"turns":4},{"damage":5,"enemies":"Gremlin Nob","floor":13,"turns":3},{"damage":0,"enemies":"Looter","floor":14,"turns":2},{"damage":23,"enemies":"Hexaghost","floor":16,"turns":7},{"damage":14,"enemies":"Shell Parasite","floor":18,"turns":6},{"damage":2,"enemies":"3 Byrds","floor":19,"turns":6},{"damage":29,"enemies":"Snake Plant","floor":20,"turns":5},{"damage":5,"enemies":"3 Cultists","floor":21,"turns":2},{"damage":9,"enemies":"Snecko","floor":22,"turns":5}],"seed_played":"982704495367187961","potions_obtained":[{"floor":3,"key":"Fire Potion"},{"floor":4,"key":"SkillPotion"},{"floor":5,"key":"PowerPotion"},{"floor":12,"key":"Fire Potion"},{"floor":19,"key":"Swift Potion"}],"is_trial":false,"path_per_floor":["M","$","M","M","M","R","?","R","T","M","M","M","E","M","R","B",null,"M","M","M","M"],"character_chosen":"THE_SILENT","items_purchased":["Dagger Throw"],"campfire_rested":0,"item_purchase_floors":[2],"current_hp_per_floor":[69,69,69,69,69,69,69,69,69,69,61,59,54,54,54,31,70,56,54,25,20,11],"gold":309,"neow_bonus":"THREE_RARE_CARDS","is_prod":false,"is_daily":false,"chose_seed":false,"campfire_upgraded":3,"win_rate":0.0,"timestamp":1538609896,"path_taken":["M","$","M","?","M","R","?","R","T","M","M","M","E","M","R","BOSS","M","M","M","M","M"],"build_version":"2018-09-20","purchased_purges":1,"victory":false,"max_hp_per_floor":[70,70,70,70,70,70,70,70,70,70,70,70,70,70,70,70,70,70,70,70,70,70],"card_choices":[{"not_picked":["Doppelganger","Venomology"],"picked":"Die Die Die","floor":0},{"not_picked":["Blade Dance","Quick Slash"],"picked":"Poisoned Stab","floor":1},{"not_picked":["Calculated Gamble","Blade Dance"],"picked":"Catalyst","floor":3},{"not_picked":["Slice","Distraction"],"picked":"Dagger Spray","floor":4},{"not_picked":["Caltrops","Endless Agony","Bane"],"picked":"SKIP","floor":5},{"not_picked":["Outmaneuver","Sucker Punch"],"picked":"Acrobatics","floor":10},{"not_picked":["Slice","Prepared"],"picked":"Blade Dance","floor":11},{"not_picked":["Eviscerate","Blade Dance"],"picked":"Backstab","floor":12},{"not_picked":["Dash","Endless Agony"],"picked":"Backflip","floor":13},{"not_picked":["Calculated Gamble","Bane"],"picked":"Deadly Poison","floor":14},{"not_picked":["Malaise","Night Terror"],"picked":"Corpse Explosion","floor":16},{"not_picked":["Riddle With Holes","Dagger Throw+1"],"picked":"Blur","floor":18},{"not_picked":["Slice","Blade Dance"],"picked":"PiercingWail","floor":19},{"not_picked":["Dodge and Roll","Dagger Throw"],"picked":"PiercingWail+1","floor":20},{"not_picked":["Calculated Gamble+1","Flechettes","Choke"],"picked":"SKIP","floor":21}],"player_experience":68624,"relics_obtained":[{"floor":9,"key":"Mummified Hand"},{"floor":13,"key":"Centennial Puzzle"}],"event_choices":[{"event_name":"Big Fish","player_choice":"Box","floor":7,"damage_taken":0}],"is_beta":false,"boss_relics":[{"not_picked":["Empty Cage","Ectoplasm"],"picked":"Ring of the Serpent"}],"items_purged_floors":[2],"is_endless":false,"potions_floor_spawned":[3,4,5,12,19],"killed_by":"Snecko","ascension_level":0}