{"gold_per_floor":[112,112,112,124,27,27,56,56,80,110,110,126,57,57,57,158,158,168,168,181,128,141,176,136,136,187,142,174,194,210,225,225,323,323,337,337,357,371,387,387,403,436,461,68,68,68,86,86,86,86],"floor_reached":51,"playtime":3315,"items_purged":["Regret","Double Energy"],"score":793,"play_id":"0bd9e28e-ee46-4c9a-951e-651a6734a194","local_time":"20181109112909","is_ascension_mode":true,"campfire_choices":[{"data":"Go for the Eyes","floor":6,"key":"SMITH"},{"data":"Zap","floor":8,"key":"SMITH"},{"data":"Self Repair","floor":15,"key":"SMITH"},{"data":"Defragment","floor":25,"key":"SMITH"},{"data":"Capacitor","floor":32,"key":"SMITH"},{"data":"Thunder Strike","floor":40,"key":"SMITH"},{"floor":49,"key":"REST"}],"neow_cost":"NONE","seed_source_timestamp":23653447363481,"circlet_count":0,"master_deck":["Zap+1","Dualcast+1","Go for the Eyes+1","Self Repair+1","Sweeping Beam+1","Chill+1","Zap+1","Melter+1","All For One+1","Barrage+1","Sweeping Beam+1","Beam Cell+1","Cold Snap+1","Ball Lightning+1","Chill+1","Rip and Tear+1","Hologram+1","Steam+1","Defragment+1","Go for the Eyes+1","Loop+1","Conserve Battery+1","Capacitor+1","Thunder Strike+1","Leap+1","Leap+1","FTL+1","Glacier+1","Echo Form+1","Hologram+1","Madness+1","Madness+1","Hologram+1"],"relics":["Cracked Core","Gambling Chip","Lantern","Happy Flower","War Paint","Nloth\u0027s Gift","Sundial","Centennial Puzzle","Ancient Tea Set","Inserter","Mummified Hand","Whetstone","Oddly Smooth Stone","Mark of the Bloom"],"potions_floor_usage":[33,39,39,50],"damage_taken":[{"damage":0,"enemies":"Small Slimes","floor":1,"turns":3},{"damage":0,"enemies":"2 Louse","floor":4,"turns":2},{"damage":19,"enemies":"Gremlin Nob","floor":7,"turns":5},{"damage":16,"enemies":"3 Sentries","floor":10,"turns":7},{"damage":0,"enemies":"Cultist","floor":12,"turns":3},{"damage":17,"enemies":"The Guardian","floor":16,"turns":13},{"damage":0,"enemies":"Spheric Guardian","floor":18,"turns":2},{"damage":6,"enemies":"2 Thieves","floor":20,"turns":3},{"damage":10,"enemies":"Cultist and Chosen","floor":22,"turns":5},{"damage":8,"enemies":"Gremlin Leader","floor":23,"turns":5},{"damage":8,"enemies":"Book of Stabbing","floor":28,"turns":3},{"damage":7,"enemies":"Centurion and Healer","floor":29,"turns":4},{"damage":11,"enemies":"Snecko","floor":30,"turns":4},{"damage":5,"enemies":"Shelled Parasite and Fungi","floor":31,"turns":2},{"damage":10,"enemies":"Automaton","floor":33,"turns":10},{"damage":13,"enemies":"Orb Walker","floor":35,"turns":4},{"damage":24,"enemies":"3 Darklings","floor":37,"turns":5},{"damage":11,"enemies":"Maw","floor":38,"turns":7},{"damage":0,"enemies":"Transient","floor":39,"turns":5},{"damage":20,"enemies":"4 Shapes","floor":41,"turns":7},{"damage":16,"enemies":"Reptomancer","floor":42,"turns":7},{"damage":8,"enemies":"Jaw Worm Horde","floor":47,"turns":4},{"damage":18,"enemies":"Awakened One","floor":50,"turns":11}],"seed_played":"-8568797921079707487","potions_obtained":[{"floor":7,"key":"Energy Potion"},{"floor":23,"key":"Energy Potion"},{"floor":28,"key":"Weak Potion"},{"floor":31,"key":"SkillPotion"},{"floor":35,"key":"SteroidPotion"},{"floor":37,"key":"Fire Potion"},{"floor":42,"key":"Weak Potion"}],"is_trial":false,"path_per_floor":["M","?","?","M","$","R","E","R","T","E","?","M","$","?","R","B",null,"M","?","M","$","M","E","?","R","T","$","E","M","M","M","R","B",null,"M","?","M","M","M","R","M","E","T","$","?","?","M","?","R","B",null],"character_chosen":"DEFECT","items_purchased":["Leap","Melter","Steam","Go for the Eyes","Oddly Smooth Stone","Hologram","Block Potion","Ancient Potion"],"campfire_rested":1,"item_purchase_floors":[5,13,21,27,44,44,44,44],"current_hp_per_floor":[75,75,75,75,75,75,63,63,63,54,54,61,61,61,61,54,75,75,75,75,75,75,75,75,75,75,75,75,75,74,75,75,75,75,72,72,58,57,67,67,57,41,41,41,32,66,58,58,58,40],"gold":86,"neow_bonus":"UPGRADE_CARD","is_prod":false,"is_daily":false,"chose_seed":false,"campfire_upgraded":6,"win_rate":0,"timestamp":1541759349,"path_taken":["M","?","?","M","$","R","E","R","T","E","?","?","?","?","R","BOSS","M","?","?","$","M","E","?","R","T","$","E","M","?","M","R","BOSS","M","?","M","?","M","R","M","E","T","$","?","?","M","?","R","BOSS"],"build_version":"2018-11-01","purchased_purges":2,"victory":true,"max_hp_per_floor":[75,75,75,75,75,75,75,75,75,75,75,75,75,75,75,75,75,75,75,75,75,75,75,75,75,75,75,75,75,75,75,75,75,75,75,75,75,75,75,75,75,75,75,75,75,66,66,66,66,66],"card_choices":[{"not_picked":["Conserve Battery","Storm"],"picked":"Go for the Eyes","floor":1},{"not_picked":["Steam","Scrape"],"picked":"Self Repair","floor":4},{"not_picked":["Stack","Gash"],"picked":"Sweeping Beam","floor":7},{"not_picked":["Cold Snap","Turbo"],"picked":"Chill","floor":10},{"not_picked":["Tempest","Storm","Streamline"],"picked":"SKIP","floor":12},{"not_picked":["Fission","Seek"],"picked":"All For One","floor":16},{"not_picked":["Stack","Reprogram+1","Sweeping Beam"],"picked":"SKIP","floor":18},{"not_picked":["Ball Lightning","Recycle","Stack+1"],"picked":"SKIP","floor":20},{"not_picked":["Cold Snap","Darkness"],"picked":"Defragment","floor":22},{"not_picked":["Rainbow","Barrage+1","Steam"],"picked":"SKIP","floor":23},{"not_picked":["Conserve Battery","Leap"],"picked":"Loop","floor":28},{"not_picked":["Ball Lightning","Redo"],"picked":"Conserve Battery","floor":29},{"not_picked":["Steam","Ball Lightning"],"picked":"Capacitor","floor":30},{"not_picked":["Rebound","Leap+1","Tempest"],"picked":"SKIP","floor":31},{"not_picked":["Fission","Biased Cognition"],"picked":"Thunder Strike","floor":33},{"not_picked":["Sunder+1","Rainbow"],"picked":"Leap+1","floor":35},{"not_picked":["Rip and Tear+1","Skim"],"picked":"Leap+1","floor":37},{"not_picked":["Compile Driver","Turbo","Sweeping Beam+1"],"picked":"SKIP","floor":38},{"not_picked":["Go for the Eyes","Rebound"],"picked":"FTL+1","floor":39},{"not_picked":["Chill+1","Aggregate+1"],"picked":"Glacier+1","floor":41},{"not_picked":["Steam+1","Stack"],"picked":"Echo Form","floor":42},{"not_picked":["Stack+1","Ball Lightning"],"picked":"Hologram+1","floor":47}],"player_experience":248455,"relics_obtained":[{"floor":7,"key":"Lantern"},{"floor":9,"key":"Happy Flower"},{"floor":10,"key":"War Paint"},{"floor":23,"key":"Sundial"},{"floor":26,"key":"Centennial Puzzle"},{"floor":28,"key":"Ancient Tea Set"},{"floor":42,"key":"Mummified Hand"},{"floor":43,"key":"Whetstone"}],"event_choices":[{"damage_healed":0,"gold_gain":0,"player_choice":"Box","damage_taken":0,"relics_obtained":["Gambling Chip"],"max_hp_gain":0,"max_hp_loss":0,"event_name":"Big Fish","floor":2,"gold_loss":0,"cards_obtained":["Regret"]},{"damage_healed":0,"gold_gain":0,"player_choice":"Leave","damage_taken":0,"max_hp_gain":0,"max_hp_loss":0,"event_name":"The Cleric","floor":3,"gold_loss":0},{"damage_healed":0,"gold_gain":0,"player_choice":"1 cards matched","damage_taken":0,"max_hp_gain":0,"max_hp_loss":0,"event_name":"Match and Keep!","floor":11,"gold_loss":0,"cards_obtained":["Zap"]},{"damage_healed":0,"gold_gain":0,"player_choice":"Grow","damage_taken":0,"max_hp_gain":0,"max_hp_loss":0,"event_name":"Living Wall","floor":14,"gold_loss":0,"cards_upgraded":["Zap"]},{"damage_healed":0,"gold_gain":0,"player_choice":"Traded Relic","damage_taken":0,"relics_obtained":["Nloth\u0027s Gift"],"max_hp_gain":0,"max_hp_loss":0,"event_name":"N\u0027loth","floor":19,"relics_lost":["Pandora\u0027s Box"],"gold_loss":0},{"damage_healed":0,"gold_gain":0,"player_choice":"Upgraded Two","damage_taken":0,"max_hp_gain":0,"max_hp_loss":0,"event_name":"Designer","floor":24,"gold_loss":40,"cards_upgraded":["Sweeping Beam","Rip and Tear"]},{"damage_healed":0,"gold_gain":0,"cards_transformed":["Leap"],"player_choice":"Transformed","damage_taken":0,"max_hp_gain":0,"max_hp_loss":0,"event_name":"Transmorgrifier","floor":36,"gold_loss":0,"cards_obtained":["Double Energy"]},{"damage_healed":0,"gold_gain":0,"player_choice":"Embrace Madness","damage_taken":9,"max_hp_gain":0,"max_hp_loss":0,"event_name":"Winding Halls","floor":45,"gold_loss":0,"cards_obtained":["Madness","Madness"]},{"damage_healed":66,"gold_gain":0,"player_choice":"Heal","damage_taken":0,"max_hp_gain":0,"max_hp_loss":9,"event_name":"The Moai Head","floor":46,"gold_loss":0},{"damage_healed":0,"gold_gain":0,"player_choice":"Upgrade","damage_taken":0,"relics_obtained":["Mark of the Bloom"],"max_hp_gain":0,"max_hp_loss":0,"event_name":"MindBloom","floor":48,"gold_loss":0,"cards_upgraded":["Chill","Melter","All For One","Barrage","Beam Cell","Ball Lightning","Chill","Hologram","Steam","Go for the Eyes","Loop","Conserve Battery","Echo Form","Hologram","Madness","Madness"]}],"is_beta":false,"boss_relics":[{"not_picked":["Eternal Feather","Calling Bell"],"picked":"Pandora\u0027s Box"},{"not_picked":["Tiny House","Busted Crown"],"picked":"Inserter"}],"items_purged_floors":[5,44],"is_endless":false,"potions_floor_spawned":[7,23,28,30,31,35,37,42],"ascension_level":2}