{"gold_per_floor":[110,124,141,141,156,156,175,216,243,278,278,303,303,321,321,410,410,425,25,25,25,41,41,77,98,121,160,172,204,216,81,81,180,180,193,193,1192,114,130,171,171,184,184,184],"floor_reached":44,"playtime":3721,"items_purged":["Strike_R","Normality"],"score":880,"play_id":"6824f1f2-81eb-4dcf-806c-8c0324a2ee6d","local_time":"20190205220018","is_ascension_mode":true,"campfire_choices":[{"data":"Uppercut","floor":6.0,"key":"SMITH"},{"data":"Armaments","floor":11.0,"key":"SMITH"},{"floor":15.0,"key":"REST"},{"data":"Feed","floor":23,"key":"SMITH"},{"data":"Ghostly","floor":30,"key":"SMITH"},{"data":"Ghostly","floor":32,"key":"SMITH"},{"floor":41,"key":"REST"}],"neow_cost":"NONE","seed_source_timestamp":0,"circlet_count":0,"master_deck":["AscendersBane","Strike_R","Strike_R","Strike_R","Strike_R","Defend_R","Defend_R","Defend_R","Defend_R","Bash+1","Armaments+1","Uppercut+1","Shockwave","Seeing Red","Flame Barrier","Twin Strike","Feed+1","Cleave+1","Ghostly+1","Ghostly+1","Ghostly","Ghostly","Ghostly","Warcry+1","Bludgeon","Pummel","Corruption","Limit Break","Flame Barrier","Normality","Metallicize","Magnetism"],"special_seed":0,"relics":["Burning Blood","Golden Idol","Pantograph","Vajra","Anchor","Sozu","Oddly Smooth Stone","Bottled Lightning","Orichalcum","Strawberry","MawBank","Velvet Choker","Girya","Lee\u0027s Waffle","Dodecahedron","Toxic Egg 2","Pen Nib"],"potions_floor_usage":[33],"damage_taken":[{"damage":1.0,"enemies":"Cultist","floor":1.0,"turns":3.0},{"damage":7.0,"enemies":"Small Slimes","floor":2.0,"turns":3.0},{"damage":7.0,"enemies":"Jaw Worm","floor":3.0,"turns":4.0},{"damage":16.0,"enemies":"3 Louse","floor":5.0,"turns":6.0},{"damage":9.0,"enemies":"2 Fungi Beasts","floor":7.0,"turns":4.0},{"damage":30.0,"enemies":"3 Sentries","floor":8.0,"turns":13.0},{"damage":12.0,"enemies":"Lagavulin","floor":10.0,"turns":5.0},{"damage":8.0,"enemies":"Blue Slaver","floor":12.0,"turns":4.0},{"damage":0.0,"enemies":"Looter","floor":14.0,"turns":3.0},{"damage":36.0,"enemies":"The Guardian","floor":16.0,"turns":15.0},{"damage":8,"enemies":"Spheric Guardian","floor":18,"turns":4},{"damage":22,"enemies":"Colosseum Slavers","floor":20,"turns":7},{"damage":0,"enemies":"3 Byrds","floor":22,"turns":5},{"damage":7,"enemies":"Gremlin Leader","floor":24,"turns":7},{"damage":0,"enemies":"Centurion and Healer","floor":25,"turns":9},{"damage":13,"enemies":"Book of Stabbing","floor":27,"turns":7},{"damage":12,"enemies":"Cultist and Chosen","floor":29,"turns":9},{"damage":26,"enemies":"Collector","floor":33,"turns":8},{"damage":1,"enemies":"3 Shapes","floor":35,"turns":5},{"damage":1,"enemies":"Orb Walker","floor":39,"turns":3},{"damage":65,"enemies":"Giant Head","floor":40,"turns":11},{"damage":33,"enemies":"3 Darklings","floor":42,"turns":9},{"damage":20,"enemies":"Maw","floor":44,"turns":9}],"seed_played":"-696285943063562501","potions_obtained":[{"floor":2.0,"key":"AttackPotion"},{"floor":3.0,"key":"SkillPotion"},{"floor":16.0,"key":"PowerPotion"}],"is_trial":false,"path_per_floor":["M","M","M","?","M","R","M","E","T","E","R","M","?","M","R","B",null,"M","$","?","?","M","R","E","M","T","E","?","M","R","$","R","B",null,"M","$","?","$","M","E","R","M","T","M"],"character_chosen":"IRONCLAD","items_purchased":["Oddly Smooth Stone","Bottled Lightning","Corruption","Girya","Metallicize","Lee\u0027s Waffle","Dodecahedron","Magnetism"],"campfire_rested":2,"item_purchase_floors":[19,19,31,38,38,38,38,38],"current_hp_per_floor":[73,72,71,69,59,59,56,32,32,26,26,24,24,30,50,39,62,63,63,50,37,40,40,39,44,51,44,44,42,42,42,42,39,54,63,63,63,70,74,15,37,10,10,0],"gold":184,"neow_bonus":"UPGRADE_CARD","is_prod":false,"is_daily":false,"chose_seed":false,"campfire_upgraded":5,"win_rate":0,"timestamp":1549422018,"path_taken":["M","?","M","?","M","R","M","E","T","E","R","M","?","M","R","BOSS","M","$","?","?","M","R","E","M","T","E","?","M","R","$","R","BOSS","M","$","?","$","M","E","R","M","T","M"],"build_version":"2019-01-23","purchased_purges":2,"victory":false,"max_hp_per_floor":[75,75,75,69,69,69,69,69,69,69,69,69,69,69,69,69,69,72,72,75,37,40,40,40,44,51,51,51,55,55,55,55,59,59,63,63,63,70,74,74,74,74,74,74],"card_choices":[{"not_picked":["Heavy Blade","Power Through","Dual Wield"],"picked":"SKIP","floor":1.0},{"not_picked":["Sword Boomerang","Heavy Blade"],"picked":"Armaments","floor":2.0},{"not_picked":["Heavy Blade","Warcry"],"picked":"Uppercut","floor":3.0},{"not_picked":["Perfected Strike","Flex","Intimidate"],"picked":"SKIP","floor":5.0},{"not_picked":["Uppercut","Infernal Blade"],"picked":"Shockwave","floor":7.0},{"not_picked":["Clash","Body Slam"],"picked":"Seeing Red","floor":8.0},{"not_picked":["Heavy Blade","Burning Pact"],"picked":"Flame Barrier","floor":10.0},{"not_picked":["Fire Breathing","Clash"],"picked":"Twin Strike","floor":12.0},{"not_picked":["Armaments","Evolve","Clothesline"],"picked":"SKIP","floor":14.0},{"not_picked":["Berserk","Juggernaut"],"picked":"Feed","floor":16.0},{"not_picked":["Second Wind","Anger"],"picked":"Cleave+1","floor":18},{"not_picked":["Shrug It Off","Flame Barrier"],"picked":"Warcry+1","floor":22},{"not_picked":["Armaments","True Grit"],"picked":"Bludgeon","floor":24},{"not_picked":["Twin Strike","Anger+1","Body Slam+1"],"picked":"SKIP","floor":25},{"not_picked":["Sword Boomerang","Havoc","Twin Strike+1"],"picked":"SKIP","floor":27},{"not_picked":["Perfected Strike+1","Evolve","Havoc+1"],"picked":"SKIP","floor":29},{"not_picked":["Fiend Fire","Impervious"],"picked":"Limit Break","floor":33},{"not_picked":["Thunderclap+1","Headbutt"],"picked":"Flame Barrier","floor":35},{"not_picked":["Thunderclap","Headbutt","Havoc+1"],"picked":"SKIP","floor":39},{"not_picked":["Whirlwind","Dark Embrace","Iron Wave+1"],"picked":"SKIP","floor":40},{"not_picked":["Wild Strike+1","Pommel Strike","Perfected Strike+1"],"picked":"SKIP","floor":42}],"player_experience":526350,"relics_obtained":[{"floor":8.0,"key":"Pantograph"},{"floor":9.0,"key":"Vajra"},{"floor":10.0,"key":"Anchor"},{"floor":24,"key":"Orichalcum"},{"floor":26,"key":"Strawberry"},{"floor":27,"key":"MawBank"},{"floor":40,"key":"Toxic Egg 2"},{"floor":43,"key":"Pen Nib"}],"event_choices":[{"damage_healed":0.0,"max_hp_gain":0.0,"max_hp_loss":6.0,"gold_gain":0.0,"event_name":"Golden Idol","player_choice":"Lose Max HP","floor":4.0,"gold_loss":0.0,"damage_taken":0.0,"relics_obtained":["Golden Idol"]},{"damage_healed":0.0,"max_hp_gain":0.0,"max_hp_loss":0.0,"gold_gain":0.0,"event_name":"Dead Adventurer","player_choice":"Searched \u00270\u0027 times","floor":13.0,"gold_loss":0.0,"damage_taken":0.0},{"damage_healed":0,"gold_gain":0,"player_choice":"Fight","damage_taken":0,"max_hp_gain":0,"max_hp_loss":0,"event_name":"Colosseum","floor":20,"gold_loss":0},{"damage_healed":0,"gold_gain":0,"player_choice":"Fled From Nobs","damage_taken":0,"max_hp_gain":0,"max_hp_loss":0,"event_name":"Colosseum","floor":20,"gold_loss":0},{"damage_healed":0,"gold_gain":0,"player_choice":"Became a Ghost","damage_taken":0,"max_hp_gain":0,"max_hp_loss":38,"event_name":"Ghosts","floor":21,"gold_loss":0,"cards_obtained":["Ghostly","Ghostly","Ghostly","Ghostly","Ghostly"]},{"damage_healed":0,"gold_gain":0,"player_choice":"Read","damage_taken":0,"max_hp_gain":0,"max_hp_loss":0,"event_name":"The Library","floor":28,"gold_loss":0,"cards_obtained":["Pummel"]},{"damage_healed":0,"gold_gain":999,"player_choice":"Gold","damage_taken":0,"max_hp_gain":0,"max_hp_loss":0,"event_name":"MindBloom","floor":37,"gold_loss":0,"cards_obtained":["Normality","Normality"]}],"is_beta":false,"boss_relics":[{"not_picked":["Eternal Feather","Empty Cage"],"picked":"Sozu"},{"not_picked":["Calling Bell","White Beast Statue"],"picked":"Velvet Choker"}],"items_purged_floors":[31,38],"is_endless":false,"potions_floor_spawned":[2,3,5,16,18,20,22,39,42],"killed_by":"Maw","ascension_level":14}