{"gold_per_floor":[117,192,10,10,10,10,38,38,38,52,64,64,81,98,98,98],"floor_reached":16,"playtime":764,"items_purged":["Strike_G"],"score":135,"play_id":"386356fd-b771-4b5a-b8b2-a1399c02b817","local_time":"20190103135527","is_ascension_mode":true,"campfire_choices":[{"data":"Neutralize","floor":6,"key":"SMITH"},{"floor":8,"key":"REST"},{"data":"Tactician","floor":12,"key":"SMITH"},{"data":"Flechettes","floor":15,"key":"SMITH"}],"neow_cost":"NONE","seed_source_timestamp":135454362808157,"circlet_count":0,"master_deck":["Defend_G","Defend_G","Defend_G","Defend_G","Defend_G","Strike_G","Strike_G","Strike_G","Strike_G","Survivor","Neutralize+1","Cloak And Dagger","Tactician+1","Flechettes+1","Blur","Escape Plan","Acrobatics","Tactician"],"relics":["Ring of the Snake","Mummified Hand","Dead Branch","Pocketwatch"],"potions_floor_usage":[7,7,7,13,14],"damage_taken":[{"damage":1,"enemies":"2 Louse","floor":1,"turns":4},{"damage":16,"enemies":"Gremlin Nob","floor":7,"turns":4},{"damage":0,"enemies":"Cultist","floor":10,"turns":3},{"damage":1,"enemies":"Jaw Worm","floor":11,"turns":4},{"damage":29,"enemies":"Exordium Thugs","floor":13,"turns":7},{"damage":3,"enemies":"Large Slime","floor":14,"turns":10},{"damage":27,"enemies":"The Guardian","floor":16,"turns":6}],"seed_played":"-8615549019056317947","potions_obtained":[{"floor":0,"key":"SneckoOil"},{"floor":0,"key":"SkillPotion"},{"floor":0,"key":"LiquidBronze"},{"floor":7,"key":"Strength Potion"},{"floor":13,"key":"SkillPotion"}],"is_trial":false,"path_per_floor":["M","?","$","T","?","R","E","R","T","M","M","R","M","M","R","B"],"character_chosen":"THE_SILENT","items_purchased":["Tactician","Flechettes"],"campfire_rested":1,"item_purchase_floors":[3,3],"current_hp_per_floor":[62,55,55,55,55,55,39,60,60,60,59,59,30,27,27,0],"gold":98,"neow_bonus":"THREE_SMALL_POTIONS","is_prod":false,"is_daily":false,"chose_seed":false,"campfire_upgraded":3,"win_rate":0,"timestamp":1546520127,"path_taken":["M","?","$","?","?","R","E","R","T","M","M","R","?","M","R","BOSS"],"build_version":"2018-12-20","purchased_purges":1,"victory":false,"max_hp_per_floor":[70,70,70,70,70,70,70,70,70,70,70,70,70,70,70,70],"card_choices":[{"not_picked":["Eviscerate","PiercingWail"],"picked":"Cloak And Dagger","floor":1},{"not_picked":["Deflect","Poisoned Stab"],"picked":"Blur","floor":7},{"not_picked":["Skewer","Calculated Gamble"],"picked":"Escape Plan","floor":10},{"not_picked":["Dodge and Roll","Acrobatics","Bane"],"picked":"SKIP","floor":11},{"not_picked":["Deflect","Crippling Poison"],"picked":"Acrobatics","floor":13},{"not_picked":["Escape Plan","Deflect"],"picked":"Tactician","floor":14}],"player_experience":471668,"relics_obtained":[{"floor":4,"key":"Mummified Hand"},{"floor":7,"key":"Dead Branch"},{"floor":9,"key":"Pocketwatch"}],"event_choices":[{"damage_healed":0,"gold_gain":75,"player_choice":"Touch","damage_taken":7,"max_hp_gain":0,"max_hp_loss":0,"event_name":"FaceTrader","floor":2,"gold_loss":0},{"damage_healed":0,"gold_gain":0,"player_choice":"Ignored","damage_taken":0,"max_hp_gain":0,"max_hp_loss":0,"event_name":"Liars Game","floor":5,"gold_loss":0}],"is_beta":false,"boss_relics":[],"items_purged_floors":[3],"is_endless":false,"potions_floor_spawned":[7,13],"killed_by":"The Guardian","ascension_level":7}