{"gold_per_floor":[109,34,34,44,57,57,76,76,102,136,0,16,16,33,33,137,137,153,168,83,103,7,7,7,41,41,72,82,97,97,107,107,107],"floor_reached":33,"playtime":2093,"items_purged":["Strike_G","Strike_G","Strike_G"],"score":303,"play_id":"dd3ac54d-2357-4855-bdaf-4c8b08bf9977","local_time":"20181127181854","is_ascension_mode":true,"campfire_choices":[{"data":"Neutralize","floor":6,"key":"SMITH"},{"data":"Leg Sweep","floor":8,"key":"SMITH"},{"data":"Noxious Fumes","floor":13,"key":"SMITH"},{"floor":15,"key":"RECALL"},{"data":"Adrenaline","floor":23,"key":"SMITH"},{"data":"Distraction","floor":30,"key":"SMITH"},{"data":"Backflip","floor":32,"key":"SMITH"}],"neow_cost":"NONE","seed_source_timestamp":842400196297842,"circlet_count":0,"master_deck":["Defend_G","Defend_G","Defend_G","Defend_G+1","Strike_G","Strike_G","Survivor","Neutralize+1","Flying Knee","Backflip+1","Leg Sweep+1","Distraction+1","Noxious Fumes+1","Quick Slash","Sucker Punch","Slice","Adrenaline+1","Dash+1","Deflect","Backflip+1"],"relics":["Ring of the Snake","Snake Skull","Pen Nib","Smiling Mask","Busted Crown","Anchor","Frozen Egg 2","War Paint"],"potions_floor_usage":[7,7,10,10,16,18,25,27,33],"damage_taken":[{"damage":8,"enemies":"Cultist","floor":1,"turns":7},{"damage":0,"enemies":"Small Slimes","floor":4,"turns":4},{"damage":0,"enemies":"Jaw Worm","floor":5,"turns":4},{"damage":2,"enemies":"Large Slime","floor":7,"turns":9},{"damage":8,"enemies":"Gremlin Nob","floor":10,"turns":5},{"damage":0,"enemies":"Blue Slaver","floor":12,"turns":3},{"damage":0,"enemies":"Red Slaver","floor":14,"turns":5},{"damage":4,"enemies":"The Guardian","floor":16,"turns":10},{"damage":5,"enemies":"Spheric Guardian","floor":18,"turns":4},{"damage":0,"enemies":"2 Thieves","floor":19,"turns":4},{"damage":0,"enemies":"Cultist and Chosen","floor":21,"turns":6},{"damage":0,"enemies":"Colosseum Slavers","floor":24,"turns":4},{"damage":25,"enemies":"Gremlin Leader","floor":25,"turns":7},{"damage":2,"enemies":"Slavers","floor":27,"turns":7},{"damage":0,"enemies":"Centurion and Healer","floor":28,"turns":6},{"damage":3,"enemies":"3 Cultists","floor":29,"turns":5},{"damage":0,"enemies":"Cultist and Chosen","floor":31,"turns":7},{"damage":42,"enemies":"Collector","floor":33,"turns":7}],"seed_played":"6598809760343837498","potions_obtained":[{"floor":5,"key":"EntropicBrew"},{"floor":10,"key":"SkillPotion"},{"floor":14,"key":"Explosive Potion"},{"floor":19,"key":"PowerPotion"},{"floor":27,"key":"Fruit Juice"},{"floor":29,"key":"Strength Potion"}],"is_trial":false,"path_per_floor":["M","$","?","M","M","R","M","R","T","E","$","M","R","M","R","B",null,"M","M","?","M","$","R","?","E","T","E","M","M","R","M","R","B"],"character_chosen":"THE_SILENT","items_purchased":["Noxious Fumes","Quick Slash","Deflect"],"campfire_rested":0,"item_purchase_floors":[11,11,22],"current_hp_per_floor":[62,62,62,62,62,62,60,60,60,52,52,52,52,52,52,48,70,65,65,65,65,65,65,65,40,40,43,43,40,40,40,40,0],"gold":107,"neow_bonus":"RANDOM_COMMON_RELIC","is_prod":false,"is_daily":false,"chose_seed":false,"campfire_upgraded":6,"win_rate":0,"timestamp":1543339134,"path_taken":["M","$","?","?","M","R","M","R","T","E","?","?","R","M","R","BOSS","M","M","?","M","$","R","?","E","T","E","M","M","R","M","R","BOSS"],"build_version":"2018-11-15","purchased_purges":3,"victory":false,"max_hp_per_floor":[70,70,70,70,70,70,70,70,70,70,70,70,70,70,70,70,70,70,70,70,70,70,70,70,70,70,75,75,75,75,75,75,75],"card_choices":[{"not_picked":["Blade Dance","Slice"],"picked":"Flying Knee","floor":1},{"not_picked":["Catalyst","Blade Dance"],"picked":"Backflip","floor":4},{"not_picked":["Riddle With Holes","Catalyst"],"picked":"Leg Sweep","floor":5},{"not_picked":["Bane","Setup","Dodge and Roll"],"picked":"SKIP","floor":7},{"not_picked":["Prepared","Setup"],"picked":"Distraction","floor":10},{"not_picked":["Blade Dance","Quick Slash"],"picked":"Sucker Punch","floor":12},{"not_picked":["Leg Sweep","Eviscerate"],"picked":"Slice","floor":14},{"not_picked":["Wraith Form v2","Night Terror"],"picked":"Adrenaline","floor":16},{"not_picked":[],"picked":"Dash+1","floor":18},{"not_picked":["Underhanded Strike"],"picked":"SKIP","floor":19},{"not_picked":["Slice"],"picked":"SKIP","floor":21},{"not_picked":["All Out Attack+1"],"picked":"SKIP","floor":25},{"not_picked":[],"picked":"Backflip","floor":27},{"not_picked":["Riddle With Holes"],"picked":"SKIP","floor":28},{"not_picked":["Blade Dance+1"],"picked":"SKIP","floor":29},{"not_picked":["Backflip"],"picked":"SKIP","floor":31}],"player_experience":352115,"relics_obtained":[{"floor":9,"key":"Pen Nib"},{"floor":10,"key":"Smiling Mask"},{"floor":25,"key":"Frozen Egg 2"},{"floor":27,"key":"War Paint"}],"event_choices":[{"cards_removed":["Defend_G"],"damage_healed":0,"gold_gain":0,"player_choice":"Purged","damage_taken":0,"max_hp_gain":0,"max_hp_loss":0,"event_name":"Purifier","floor":3,"gold_loss":0},{"damage_healed":0,"gold_gain":0,"player_choice":"Obtained Relic","damage_taken":0,"relics_obtained":["Anchor"],"max_hp_gain":0,"max_hp_loss":0,"event_name":"Addict","floor":20,"gold_loss":85},{"damage_healed":0,"gold_gain":0,"player_choice":"Fight","damage_taken":0,"max_hp_gain":0,"max_hp_loss":0,"event_name":"Colosseum","floor":24,"gold_loss":0},{"damage_healed":0,"gold_gain":0,"player_choice":"Fled From Nobs","damage_taken":0,"max_hp_gain":0,"max_hp_loss":0,"event_name":"Colosseum","floor":24,"gold_loss":0}],"is_beta":false,"boss_relics":[{"not_picked":["Snecko Eye","Fusion Hammer"],"picked":"Busted Crown"}],"items_purged_floors":[2,11,22],"is_endless":false,"potions_floor_spawned":[5,10,14,19,24,27,29],"killed_by":"Collector","ascension_level":1}