{"gold_per_floor":[113,113,124,74,74,74,100,100,149,192,221,233,265,337,349,465,477,459],"floor_reached":18,"playtime":577,"items_purged":[],"score":267,"play_id":"bec50d76-1304-4a05-a082-d399ede4a61b","local_time":"20190224010155","is_ascension_mode":true,"campfire_choices":[{"data":"Armaments","floor":6,"key":"SMITH"},{"data":"Twin Strike","floor":8,"key":"SMITH"},{"data":"Clothesline","floor":12,"key":"SMITH"},{"floor":15,"key":"REST"}],"neow_cost":"NONE","seed_source_timestamp":544144697873301,"circlet_count":0,"master_deck":["AscendersBane","Strike_R","Strike_R","Strike_R","Strike_R","Defend_R","Defend_R","Defend_R","Defend_R","Bash+1","Armaments+1","Clothesline+1","Twin Strike+1","Inflame","Flex","Reaper","Armaments","Warcry","Rampage","Corruption","Warcry"],"relics":["Burning Blood","Paper Frog","Question Card","MawBank","Regal Pillow","Tiny Chest","Orrery"],"potions_floor_usage":[7,10,14],"damage_taken":[{"damage":0,"enemies":"2 Louse","floor":1,"turns":3},{"damage":13,"enemies":"Jaw Worm","floor":3,"turns":4},{"damage":25,"enemies":"Lagavulin","floor":7,"turns":6},{"damage":16,"enemies":"Gremlin Nob","floor":10,"turns":3},{"damage":0,"enemies":"Cultist","floor":11,"turns":2},{"damage":10,"enemies":"2 Fungi Beasts","floor":13,"turns":4},{"damage":30,"enemies":"3 Sentries","floor":14,"turns":8},{"damage":37,"enemies":"Slime Boss","floor":16,"turns":11},{"damage":12,"enemies":"2 Thieves","floor":18,"turns":2}],"seed_played":"9023503020795384797","potions_obtained":[{"floor":1,"key":"Swift Potion"},{"floor":3,"key":"BloodPotion"},{"floor":13,"key":"Explosive Potion"},{"floor":16,"key":"LiquidBronze"}],"is_trial":false,"path_per_floor":["M","?","M","?","T","R","E","R","T","E","M","R","M","E","R","B",null,"M"],"character_chosen":"IRONCLAD","items_purchased":[],"campfire_rested":1,"item_purchase_floors":[],"current_hp_per_floor":[78,78,71,71,71,71,60,60,60,50,56,56,52,28,67,36,69,57],"gold":459,"neow_bonus":"UPGRADE_CARD","is_prod":false,"is_daily":false,"chose_seed":false,"campfire_upgraded":3,"win_rate":0,"timestamp":1550966515,"path_taken":["M","?","M","?","?","R","E","R","T","E","M","R","M","E","R","BOSS","M"],"build_version":"2019-01-23","purchased_purges":0,"victory":false,"max_hp_per_floor":[80,80,80,80,80,80,80,80,80,80,80,80,80,80,80,80,80,80],"card_choices":[{"not_picked":["Flame Barrier","Dual Wield"],"picked":"Armaments","floor":1},{"not_picked":["Sword Boomerang","Wild Strike"],"picked":"Clothesline","floor":3},{"not_picked":["Feel No Pain","Disarm"],"picked":"Twin Strike","floor":7},{"not_picked":["Clash","Havoc","Brutality","Flex"],"picked":"SKIP","floor":10},{"not_picked":["Clash","Perfected Strike","Spot Weakness","Clothesline"],"picked":"SKIP","floor":11},{"not_picked":["Clash","Flex","Battle Trance"],"picked":"Inflame","floor":13},{"not_picked":["Warcry","Twin Strike","Combust"],"picked":"Flex","floor":14},{"not_picked":["Juggernaut","Immolate","Dark Embrace"],"picked":"Reaper","floor":16},{"not_picked":["True Grit","Sword Boomerang","Corruption"],"picked":"Armaments","floor":17},{"not_picked":["Hemokinesis","Body Slam","True Grit"],"picked":"Warcry","floor":17},{"not_picked":["Ghostly Armor","Clothesline","Armaments"],"picked":"Rampage","floor":17},{"not_picked":["Headbutt","Shrug It Off","Twin Strike"],"picked":"Corruption","floor":17},{"not_picked":["Cleave","Second Wind","Perfected Strike"],"picked":"Warcry","floor":17}],"player_experience":755507,"relics_obtained":[{"floor":5,"key":"Paper Frog"},{"floor":7,"key":"Question Card"},{"floor":9,"key":"MawBank"},{"floor":10,"key":"Regal Pillow"},{"floor":14,"key":"Tiny Chest"}],"event_choices":[{"damage_healed":0,"gold_gain":0,"player_choice":"Ignored","damage_taken":0,"max_hp_gain":0,"max_hp_loss":0,"event_name":"Liars Game","floor":2,"gold_loss":0},{"cards_removed":["Strike_R"],"damage_healed":0,"gold_gain":0,"player_choice":"Card Removal","damage_taken":0,"max_hp_gain":0,"max_hp_loss":0,"event_name":"The Cleric","floor":4,"gold_loss":50}],"is_beta":false,"boss_relics":[{"not_picked":["Empty Cage","Runic Cube"],"picked":"Orrery"}],"items_purged_floors":[],"is_endless":false,"potions_floor_spawned":[1,3,13,16],"killed_by":"2 Thieves","ascension_level":10}