{"gold_per_floor":[113,113,128,144,157,157,157,171,171,24,44,70,34,68,68,164,164,184,99,99,99],"floor_reached":21,"playtime":1138,"items_purged":[],"score":293,"play_id":"dc9f9640-ffab-4d7d-ab14-7059916e9707","local_time":"20190127122543","is_ascension_mode":true,"campfire_choices":[{"data":"Rampage","floor":6,"key":"SMITH"},{"floor":15,"key":"REST"}],"neow_cost":"NONE","seed_source_timestamp":1451825980699429,"circlet_count":0,"master_deck":["AscendersBane","Strike_R","Strike_R","Defend_R","Defend_R","Defend_R","Defend_R","Bash","Rampage+1","Shrug It Off","Shrug It Off","Shrug It Off","Uppercut","Reaper"],"relics":["Burning Blood","Mummified Hand","Ornamental Fan","Strawberry","PreservedInsect","Blue Candle","Empty Cage","Kunai"],"potions_floor_usage":[11,12,20,20],"damage_taken":[{"damage":1,"enemies":"Cultist","floor":1,"turns":4},{"damage":8,"enemies":"2 Louse","floor":3,"turns":3},{"damage":12,"enemies":"Jaw Worm","floor":4,"turns":3},{"damage":13,"enemies":"Exordium Wildlife","floor":5,"turns":6},{"damage":0,"enemies":"Large Slime","floor":8,"turns":4},{"damage":5,"enemies":"Gremlin Gang","floor":11,"turns":5},{"damage":41,"enemies":"Gremlin Nob","floor":12,"turns":5},{"damage":21,"enemies":"Lagavulin","floor":14,"turns":6},{"damage":56,"enemies":"The Guardian","floor":16,"turns":15},{"damage":34,"enemies":"Chosen","floor":18,"turns":6},{"damage":54,"enemies":"Colosseum Slavers","floor":20,"turns":10},{"damage":36,"enemies":"3 Byrds","floor":21,"turns":6}],"seed_played":"-452870058270488057","potions_obtained":[{"floor":4,"key":"BloodPotion"},{"floor":5,"key":"Poison Potion"},{"floor":12,"key":"PowerPotion"},{"floor":16,"key":"Regen Potion"}],"is_trial":false,"path_per_floor":["M","?","M","M","M","R","?","M","T","$","M","E","$","E","R","B",null,"M","?","?","M"],"character_chosen":"IRONCLAD","items_purchased":["Strawberry","Uppercut"],"campfire_rested":1,"item_purchase_floors":[10,13],"current_hp_per_floor":[77,82,80,74,67,67,67,73,73,80,81,55,55,40,67,17,73,49,49,28,0],"gold":99,"neow_bonus":"REMOVE_CARD","is_prod":false,"is_daily":false,"chose_seed":false,"campfire_upgraded":1,"win_rate":0,"timestamp":1548609943,"path_taken":["M","?","M","M","M","R","?","M","T","$","M","E","?","E","R","BOSS","M","?","?","M"],"build_version":"2019-01-23","purchased_purges":0,"victory":false,"max_hp_per_floor":[80,85,85,85,85,85,85,85,85,92,92,92,92,92,92,92,92,92,92,92,92],"card_choices":[{"not_picked":["True Grit","Disarm"],"picked":"Rampage","floor":1},{"not_picked":["Burning Pact","Wild Strike","Warcry"],"picked":"SKIP","floor":3},{"not_picked":["Pommel Strike","Warcry"],"picked":"Shrug It Off","floor":4},{"not_picked":["Fire Breathing","Entrench","Dual Wield"],"picked":"SKIP","floor":5},{"not_picked":["Rupture","Intimidate","Twin Strike"],"picked":"SKIP","floor":8},{"not_picked":["Pommel Strike","Wild Strike"],"picked":"Shrug It Off","floor":11},{"not_picked":["Second Wind","Armaments"],"picked":"Shrug It Off","floor":12},{"not_picked":["Rampage","Blood for Blood","Inflame"],"picked":"SKIP","floor":14},{"not_picked":["Berserk","Exhume"],"picked":"Reaper","floor":16},{"not_picked":["Power Through+1","Perfected Strike","Twin Strike"],"picked":"SKIP","floor":18}],"player_experience":499136,"relics_obtained":[{"floor":9,"key":"Ornamental Fan"},{"floor":12,"key":"PreservedInsect"},{"floor":14,"key":"Blue Candle"}],"event_choices":[{"damage_healed":0,"gold_gain":0,"player_choice":"Donut","damage_taken":0,"max_hp_gain":5,"max_hp_loss":0,"event_name":"Big Fish","floor":2,"gold_loss":0},{"damage_healed":0,"gold_gain":0,"player_choice":"Searched \u00271\u0027 times","damage_taken":0,"relics_obtained":["Mummified Hand"],"max_hp_gain":0,"max_hp_loss":0,"event_name":"Dead Adventurer","floor":7,"gold_loss":0},{"damage_healed":0,"gold_gain":0,"player_choice":"Obtained Relic","damage_taken":0,"relics_obtained":["Kunai"],"max_hp_gain":0,"max_hp_loss":0,"event_name":"Addict","floor":19,"gold_loss":85},{"damage_healed":0,"gold_gain":0,"player_choice":"Fight","damage_taken":0,"max_hp_gain":0,"max_hp_loss":0,"event_name":"Colosseum","floor":20,"gold_loss":0},{"damage_healed":0,"gold_gain":0,"player_choice":"Fled From Nobs","damage_taken":0,"max_hp_gain":0,"max_hp_loss":0,"event_name":"Colosseum","floor":20,"gold_loss":0}],"is_beta":false,"boss_relics":[{"not_picked":["Pandora\u0027s Box","Eternal Feather"],"picked":"Empty Cage"}],"items_purged_floors":[],"is_endless":false,"potions_floor_spawned":[4,5,12,16,18],"killed_by":"3 Byrds","ascension_level":11}