{"path_per_floor":["M","?","M","M","?","E","M","E","T","M","E","R","E","M","R","B",null,"M","?","$","?","M","E","M","E","T","R","M","R","M","E","R","B",null,"M","$","M","?","M","E","?","R","T","E","?","M","R","E","R","B"],"character_chosen":"IRONCLAD","items_purchased":["Orichalcum","Secret Weapon","Metallicize","Strawberry","Pantograph"],"gold_per_floor":[109,59,69,83,83,115,126,158,458,469,500,500,530,550,550,649,649,667,667,138,63,73,100,110,145,145,145,157,157,167,201,201,298,298,308,22,36,91,111,144,0,0,26,59,59,71,71,100,100,100],"floor_reached":51,"campfire_rested":2,"playtime":5515,"item_purchase_floors":[20,20,20,20,36],"current_hp_per_floor":[80,80,71,77,70,45,43,35,35,29,21,45,32,33,33,11,83,65,65,72,72,72,64,49,46,46,46,55,55,65,59,59,22,103,103,103,84,73,67,62,62,62,62,45,45,40,73,76,76,49],"items_purged":["Strike_R+1","Battle Trance+1"],"gold":100,"score":915,"play_id":"aeb55c66-c200-4e40-84d1-2034b365be4d","local_time":"20180526151710","is_prod":false,"is_daily":false,"chose_seed":false,"is_ascension_mode":true,"campfire_upgraded":6,"win_rate":0,"timestamp":1527362230,"campfire_choices":[{"floor":12,"key":"REST"},{"data":"Heavy Blade","floor":15,"key":"SMITH"},{"data":"Demon Form","floor":27,"key":"SMITH"},{"data":"Feed","floor":29,"key":"SMITH"},{"data":"Heavy Blade","floor":32,"key":"SMITH"},{"data":"Inflame","floor":42,"key":"SMITH"},{"floor":47,"key":"REST"},{"data":"Limit Break","floor":49,"key":"SMITH"}],"path_taken":["M","?","M","M","?","E","M","E","T","M","E","R","E","M","R","BOSS","M","?","$","?","M","E","M","E","T","R","M","R","?","E","R","BOSS","M","$","M","?","M","E","?","R","T","E","?","M","R","E","R","BOSS"],"build_version":"2018-05-24","seed_source_timestamp":229421354599501,"purchased_purges":2,"victory":true,"master_deck":["Defend_R+1","Defend_R+1","Defend_R+1","Bash+1","Sword Boomerang+1","Cleave","Flex","Feed+1","Anger+1","Flame Barrier","Inflame+1","Dropkick","Heavy Blade+1","Demon Form+1","Heavy Blade+1","Secret Weapon","Metallicize","Twin Strike+1","Dual Wield+1","Twin Strike+1","Twin Strike","Cleave","Shockwave","Reaper","Thunderclap+1","Uppercut+1","Thunderclap+1","Heavy Blade+1","Ghostly Armor+1","Limit Break+1","Seeing Red","Thunderclap+1"],"max_hp_per_floor":[80,80,80,80,80,80,83,83,83,83,83,83,83,83,83,83,83,83,83,90,90,93,93,93,96,96,96,99,99,99,103,103,103,103,103,103,107,111,111,111,111,111,111,111,111,111,111,111,111,111],"relics":["Burning Blood","Vajra","Gambling Chip","Bottled Flame","Old Coin","The Courier","Ginger","Velvet Choker","Orichalcum","Strawberry","Potion Belt","Art of War","Shuriken","Paper Frog","Astrolabe","Pantograph","Shovel","Whetstone","Red Mask","Bronze Scales","Blood Vial","Kunai"],"card_choices":[{"not_picked":["Bloodletting","Pommel Strike"],"picked":"Sword Boomerang","floor":1},{"not_picked":["Ghostly Armor","Body Slam"],"picked":"Cleave","floor":3},{"not_picked":["Metallicize","Heavy Blade"],"picked":"Flex","floor":4},{"not_picked":["Clash","Shrug It Off"],"picked":"Feed","floor":6},{"not_picked":["Clothesline","Thunderclap"],"picked":"Anger","floor":7},{"not_picked":["Perfected Strike","Body Slam"],"picked":"Flame Barrier","floor":8},{"not_picked":["Hemokinesis","Searing Blow"],"picked":"Inflame","floor":10},{"not_picked":["Sever Soul","Sword Boomerang"],"picked":"Dropkick","floor":11},{"not_picked":["Carnage","Clothesline"],"picked":"Heavy Blade","floor":13},{"not_picked":["Wild Strike","Clothesline"],"picked":"Ghostly Armor","floor":14},{"not_picked":["Juggernaut","Exhume"],"picked":"Demon Form","floor":16},{"not_picked":["Twin Strike","Havoc+1"],"picked":"Heavy Blade","floor":18},{"not_picked":["Headbutt","Clash+1"],"picked":"Twin Strike+1","floor":22},{"not_picked":["Headbutt+1","Flame Barrier+1"],"picked":"Dual Wield+1","floor":23},{"not_picked":["Flex","Armaments"],"picked":"Twin Strike+1","floor":24},{"not_picked":["Second Wind","Offering"],"picked":"Twin Strike","floor":25},{"not_picked":["Anger","Dropkick","Warcry"],"picked":"SKIP","floor":28},{"not_picked":["Twin Strike","Wild Strike"],"picked":"Cleave","floor":30},{"not_picked":["Warcry+1","Combust"],"picked":"Shockwave","floor":31},{"not_picked":["Brutality","Immolate"],"picked":"Reaper","floor":33},{"not_picked":["Perfected Strike","Headbutt+1","Anger+1"],"picked":"SKIP","floor":35},{"not_picked":["Clothesline+1","Body Slam+1"],"picked":"Thunderclap+1","floor":37},{"not_picked":["Anger+1","Shrug It Off"],"picked":"Heavy Blade+1","floor":39},{"not_picked":["Heavy Blade","True Grit+1"],"picked":"Ghostly Armor+1","floor":40},{"not_picked":["Rupture","Carnage"],"picked":"Limit Break","floor":44},{"not_picked":["Carnage","Clash","Armaments+1"],"picked":"SKIP","floor":46},{"not_picked":["Exhume","Ghostly Armor"],"picked":"Thunderclap+1","floor":48}],"player_experience":331438,"potions_floor_usage":[16,23,23,30,33,33,44,50,50,50,50,50,50],"damage_taken":[{"damage":6,"enemies":"Jaw Worm","floor":1,"turns":3},{"damage":15,"enemies":"Small Slimes","floor":3,"turns":3},{"damage":0,"enemies":"2 Louse","floor":4,"turns":2},{"damage":31,"enemies":"Lagavulin","floor":6,"turns":5},{"damage":11,"enemies":"2 Fungi Beasts","floor":7,"turns":3},{"damage":14,"enemies":"Gremlin Nob","floor":8,"turns":3},{"damage":12,"enemies":"Blue Slaver","floor":10,"turns":3},{"damage":14,"enemies":"3 Sentries","floor":11,"turns":4},{"damage":19,"enemies":"Lagavulin","floor":13,"turns":4},{"damage":5,"enemies":"3 Louse","floor":14,"turns":2},{"damage":28,"enemies":"The Guardian","floor":16,"turns":8},{"damage":24,"enemies":"3 Byrds","floor":18,"turns":4},{"damage":9,"enemies":"2 Thieves","floor":22,"turns":4},{"damage":14,"enemies":"Gremlin Leader","floor":23,"turns":6},{"damage":21,"enemies":"Snake Plant","floor":24,"turns":3},{"damage":12,"enemies":"Book of Stabbing","floor":25,"turns":4},{"damage":0,"enemies":"3 Cultists","floor":28,"turns":4},{"damage":5,"enemies":"Centurion and Healer","floor":30,"turns":4},{"damage":16,"enemies":"Gremlin Leader","floor":31,"turns":5},{"damage":43,"enemies":"Collector","floor":33,"turns":4},{"damage":1,"enemies":"Orb Walker","floor":35,"turns":2},{"damage":37,"enemies":"3 Shapes","floor":37,"turns":4},{"damage":21,"enemies":"Mysterious Sphere","floor":38,"turns":4},{"damage":12,"enemies":"Maw","floor":39,"turns":5},{"damage":11,"enemies":"Giant Head","floor":40,"turns":5},{"damage":23,"enemies":"Nemesis","floor":44,"turns":5},{"damage":29,"enemies":"Sphere and 2 Shapes","floor":46,"turns":4},{"damage":5,"enemies":"Giant Head","floor":48,"turns":4},{"damage":60,"enemies":"Donu and Deca","floor":50,"turns":6}],"relics_obtained":[{"floor":6,"key":"Gambling Chip"},{"floor":8,"key":"Bottled Flame"},{"floor":9,"key":"Old Coin"},{"floor":11,"key":"The Courier"},{"floor":13,"key":"Ginger"},{"floor":23,"key":"Potion Belt"},{"floor":25,"key":"Art of War"},{"floor":26,"key":"Shuriken"},{"floor":31,"key":"Paper Frog"},{"floor":38,"key":"Shovel"},{"floor":40,"key":"Whetstone"},{"floor":43,"key":"Bronze Scales"},{"floor":44,"key":"Blood Vial"},{"floor":48,"key":"Kunai"}],"event_choices":[{"event_name":"The Cleric","player_choice":"Card Removal","floor":2,"damage_taken":0},{"event_name":"Scrap Ooze","player_choice":"success","floor":5,"damage_taken":7},{"event_name":"Back to Basics","player_choice":"Simplicity","floor":19,"damage_taken":0},{"event_name":"Beggar","player_choice":"Gave Gold","floor":21,"damage_taken":0},{"event_name":"Mysterious Sphere","player_choice":"Fight","floor":38,"damage_taken":0},{"event_name":"Tomb of Lord Red Mask","player_choice":"Paid","floor":41,"damage_taken":0},{"event_name":"Transmorgrifier","player_choice":"Transform","floor":45,"damage_taken":0}],"boss_relics":[{"not_picked":["Tiny House","Runic Dome"],"picked":"Velvet Choker"},{"not_picked":["Snecko Eye","Orrery"],"picked":"Astrolabe"}],"items_purged_floors":[20,36],"potions_floor_spawned":[1,8,10,11,16,18,28,31,33,37,38,46],"seed_played":"5479869267898377369","ascension_level":1,"potions_obtained":[{"floor":1,"key":"Dexterity Potion"},{"floor":8,"key":"Weak Potion"},{"floor":10,"key":"Dexterity Potion"},{"floor":11,"key":"LiquidBronze"},{"floor":16,"key":"FearPotion"},{"floor":18,"key":"GamblersBrew"},{"floor":28,"key":"BloodPotion"},{"floor":31,"key":"Ancient Potion"},{"floor":33,"key":"EntropicBrew"},{"floor":37,"key":"Energy Potion"},{"floor":38,"key":"SpeedPotion"},{"floor":46,"key":"AttackPotion"}],"is_trial":false}