{"gold_per_floor":[115,40,59,59,59,93,112,112,137,107,107,133,133,33,33,135,135,135],"floor_reached":18,"playtime":684,"items_purged":["Defend_G","Regret"],"score":239,"play_id":"6a9094e2-8069-4722-ad70-a27040b6f020","local_time":"20181222172624","is_ascension_mode":true,"campfire_choices":[{"data":"Neutralize","floor":8,"key":"SMITH"},{"data":"Tactician","floor":11,"key":"SMITH"},{"floor":15,"key":"REST"}],"neow_cost":"NONE","seed_source_timestamp":81365941842341,"circlet_count":0,"master_deck":["Defend_G","Defend_G","Defend_G","Defend_G","Strike_G","Strike_G","Strike_G","Strike_G","Strike_G","Survivor","Neutralize+1","Deflect","Footwork","Backflip","Bandage Up","Deflect","Escape Plan","Tactician+1","Malaise+1","Envenom"],"relics":["Ring of the Snake","NeowsBlessing","Strawberry","Potion Belt","Pen Nib","Juzu Bracelet","White Beast Statue"],"potions_floor_usage":[12],"damage_taken":[{"damage":0,"enemies":"Cultist","floor":1,"turns":1},{"damage":0,"enemies":"Jaw Worm","floor":3,"turns":1},{"damage":0,"enemies":"Lagavulin","floor":6,"turns":1},{"damage":5,"enemies":"Small Slimes","floor":7,"turns":5},{"damage":2,"enemies":"Looter","floor":10,"turns":4},{"damage":58,"enemies":"Gremlin Nob","floor":12,"turns":6},{"damage":27,"enemies":"The Guardian","floor":16,"turns":33},{"damage":0,"enemies":"3 Byrds","floor":18,"turns":2}],"seed_played":"-7950652903918841388","potions_obtained":[{"floor":6,"key":"AttackPotion"},{"floor":7,"key":"Ancient Potion"},{"floor":12,"key":"Swift Potion"},{"floor":16,"key":"GhostInAJar"}],"is_trial":false,"path_per_floor":["M","$","M","?","?","E","M","R","T","M","R","E","?","$","R","B",null,"M"],"character_chosen":"THE_SILENT","items_purchased":[],"campfire_rested":1,"item_purchase_floors":[],"current_hp_per_floor":[70,70,70,70,70,70,69,69,69,71,71,17,17,17,40,17,62,62],"gold":135,"neow_bonus":"THREE_ENEMY_KILL","is_prod":false,"is_daily":false,"chose_seed":false,"campfire_upgraded":2,"win_rate":0,"timestamp":1545495984,"path_taken":["M","$","M","?","?","E","M","R","T","?","R","E","?","$","R","BOSS","M"],"build_version":"2018-12-20","purchased_purges":2,"victory":false,"max_hp_per_floor":[70,70,70,77,77,77,77,77,77,77,77,77,77,77,77,77,77,77],"card_choices":[{"not_picked":["Quick Slash","Prepared"],"picked":"Deflect","floor":1},{"not_picked":["PiercingWail","Sucker Punch"],"picked":"Footwork","floor":3},{"not_picked":["Phantasmal Killer","Concentrate"],"picked":"Deflect","floor":6},{"not_picked":["Outmaneuver","Caltrops"],"picked":"Escape Plan","floor":7},{"not_picked":["Deflect","Outmaneuver"],"picked":"Tactician","floor":10},{"not_picked":["Slice","Accuracy"],"picked":"Malaise","floor":12},{"not_picked":["Wraith Form v2","Storm of Steel"],"picked":"Envenom","floor":16}],"player_experience":433309,"relics_obtained":[{"floor":6,"key":"Potion Belt"},{"floor":9,"key":"Pen Nib"},{"floor":12,"key":"Juzu Bracelet"}],"event_choices":[{"damage_healed":0,"gold_gain":0,"player_choice":"Success","damage_taken":7,"relics_obtained":["Strawberry"],"max_hp_gain":0,"max_hp_loss":0,"event_name":"Scrap Ooze","floor":4,"gold_loss":0},{"damage_healed":0,"gold_gain":0,"player_choice":"3 cards matched","damage_taken":0,"max_hp_gain":0,"max_hp_loss":0,"event_name":"Match and Keep!","floor":5,"gold_loss":0,"cards_obtained":["Regret","Backflip","Bandage Up"]},{"damage_healed":0,"gold_gain":0,"player_choice":"Upgraded","damage_taken":0,"max_hp_gain":0,"max_hp_loss":0,"event_name":"Upgrade Shrine","floor":13,"gold_loss":0,"cards_upgraded":["Malaise"]}],"is_beta":false,"boss_relics":[{"not_picked":["Fusion Hammer","Black Star"],"picked":"White Beast Statue"}],"items_purged_floors":[2,14],"is_endless":false,"potions_floor_spawned":[6,7,12,16],"killed_by":"3 Byrds","ascension_level":5}