{"path_per_floor":["M","$","?","M","M","E","R","E","T","$","R","M","R","M","R","B",null,"M","?","M","$"],"character_chosen":"THE_SILENT","items_purchased":["Underhanded Strike","Heel Hook","Unload","Oddly Smooth Stone","Slice"],"gold_per_floor":[118,43,43,68,93,129,129,167,167,0,0,25,25,49,49,180,180,148,148,161,5,5],"floor_reached":22,"campfire_rested":3,"playtime":2415,"current_hp_per_floor":[70,70,53,48,43,20,41,14,14,14,35,25,46,46,46,4,70,42,42,2,2,0],"items_purged":["Strike_G"],"gold":5,"score":204,"play_id":"b974b828-8a49-4670-a93b-71d6c78801e1","local_time":"20180524003850","is_prod":false,"is_daily":false,"chose_seed":false,"is_ascension_mode":true,"campfire_upgraded":1,"timestamp":1527136730,"campfire_choices":[{"floor":7,"key":"REST"},{"floor":11,"key":"REST"},{"floor":13,"key":"REST"},{"data":"Malaise","floor":15,"key":"SMITH"}],"path_taken":["M","$","?","?","M","E","R","E","T","$","R","M","R","M","R","BOSS","M","?","M","$","M"],"build_version":"2018-05-17","seed_source_timestamp":6940560199861,"purchased_purges":1,"victory":false,"master_deck":["Defend_G","Defend_G","Defend_G","Defend_G","Defend_G","Strike_G","Strike_G","Strike_G","Survivor","Neutralize","Dagger Spray","Dagger Spray","Acrobatics","Malaise+1","Flying Knee","Dash","Underhanded Strike","Heel Hook","Unload","Dash","Riddle With Holes","Storm of Steel","Prepared","Deflect+1","Slice"],"max_hp_per_floor":[70,70,70,70,70,70,70,70,70,70,70,70,70,70,70,70,70,70,70,70,70,70],"relics":["Ring of the Snake","Golden Idol","The Specimen","The Courier","Letter Opener","White Beast Statue","Oddly Smooth Stone"],"card_choices":[{"not_picked":["Slice","Dodge and Roll"],"picked":"Dagger Spray","floor":1},{"not_picked":["Masterful Stab","Poisoned Stab"],"picked":"Acrobatics","floor":4},{"not_picked":["Deflect","Bouncing Flask"],"picked":"Malaise","floor":5},{"not_picked":["Sucker Punch","Quick Slash"],"picked":"Flying Knee","floor":6},{"not_picked":["Quick Slash","Outmaneuver"],"picked":"Dash","floor":8},{"not_picked":["Backflip","Poisoned Stab"],"picked":"Dash","floor":12},{"not_picked":["Masterful Stab","Catalyst"],"picked":"Riddle With Holes","floor":14},{"not_picked":["After Image","Venomology"],"picked":"Storm of Steel","floor":16},{"not_picked":["Dagger Spray","PiercingWail"],"picked":"Prepared","floor":18},{"not_picked":["Malaise","Sucker Punch+1"],"picked":"Deflect+1","floor":20}],"player_experience":309966,"potions_floor_usage":[8,8,16,22,22],"damage_taken":[{"damage":0,"enemies":"Jaw Worm","floor":1,"turns":3},{"damage":5,"enemies":"Cultist","floor":4,"turns":4},{"damage":5,"enemies":"Small Slimes","floor":5,"turns":5},{"damage":23,"enemies":"3 Sentries","floor":6,"turns":5},{"damage":27,"enemies":"Lagavulin","floor":8,"turns":10},{"damage":10,"enemies":"Exordium Thugs","floor":12,"turns":5},{"damage":0,"enemies":"Looter","floor":14,"turns":3},{"damage":42,"enemies":"The Guardian","floor":16,"turns":14},{"damage":28,"enemies":"2 Thieves","floor":18,"turns":5},{"damage":40,"enemies":"Chosen","floor":20,"turns":6},{"damage":9,"enemies":"3 Cultists","floor":22,"turns":3}],"relics_obtained":[{"floor":6,"key":"The Specimen"},{"floor":8,"key":"The Courier"},{"floor":9,"key":"Letter Opener"}],"event_choices":[{"event_name":"Golden Idol","player_choice":"Take Damage","floor":3,"damage_taken":0},{"event_name":"Cursed Tome","player_choice":"Ignored","floor":19,"damage_taken":0}],"boss_relics":[{"not_picked":["Snecko Eye","Velvet Choker"],"picked":"White Beast Statue"}],"potions_floor_spawned":[4,6,8,16,18,20],"seed_played":"1737475396789609827","killed_by":"3 Cultists","ascension_level":1,"potions_obtained":[{"floor":4,"key":"Swift Potion"},{"floor":6,"key":"SkillPotion"},{"floor":8,"key":"Strength Potion"},{"floor":16,"key":"Strength Potion"},{"floor":18,"key":"Ancient Potion"},{"floor":20,"key":"GamblersBrew"}],"is_trial":false}