{"gold_per_floor":[118,118,132,152,5,5,21,21,21,21,21,60,60,98,98,98],"floor_reached":16,"playtime":662,"items_purged":[],"score":130,"play_id":"67f86750-9fbc-4806-b4ad-c91489f0301b","local_time":"20190212192402","is_ascension_mode":true,"campfire_choices":[{"data":"Zap","floor":6,"key":"SMITH"},{"data":"Dualcast","floor":11,"key":"SMITH"},{"floor":13,"key":"DIG"},{"floor":15,"key":"DIG"}],"neow_cost":"NONE","seed_source_timestamp":803559375017777,"circlet_count":0,"master_deck":["Strike_B","Strike_B","Strike_B","Strike_B","Defend_B","Defend_B","Defend_B","Defend_B","Zap+1","Dualcast+1","Sweeping Beam","FTL","Go for the Eyes","Undo"],"relics":["Eternal Feather","PreservedInsect","Du-Vu Doll","Turnip","Golden Idol","Shovel","Dodecahedron","WingedGreaves","Strawberry"],"potions_floor_usage":[12,16,16],"damage_taken":[{"damage":2,"enemies":"Jaw Worm","floor":1,"turns":4},{"damage":4,"enemies":"Small Slimes","floor":3,"turns":4},{"damage":0,"enemies":"Cultist","floor":4,"turns":4},{"damage":7,"enemies":"Looter","floor":7,"turns":3},{"damage":25,"enemies":"Lagavulin","floor":12,"turns":7},{"damage":15,"enemies":"3 Sentries","floor":14,"turns":5},{"damage":48,"enemies":"Hexaghost","floor":16,"turns":11}],"seed_played":"-9034904409167679907","potions_obtained":[{"floor":1,"key":"SkillPotion"},{"floor":7,"key":"Poison Potion"},{"floor":12,"key":"Dexterity Potion"}],"is_trial":false,"path_per_floor":["M","?","M","M","$","R","M","?","T","?","R","E","R","E","R","B"],"character_chosen":"DEFECT","items_purchased":["PreservedInsect"],"campfire_rested":0,"item_purchase_floors":[5],"current_hp_per_floor":[73,73,69,69,69,75,68,68,68,68,69,44,50,35,48,0],"gold":98,"neow_bonus":"BOSS_RELIC","is_prod":false,"is_daily":false,"chose_seed":false,"campfire_upgraded":2,"win_rate":0,"timestamp":1549995842,"path_taken":["M","?","M","M","$","R","M","?","T","?","R","E","R","E","R","BOSS"],"build_version":"2019-01-23","purchased_purges":0,"victory":false,"max_hp_per_floor":[75,75,75,75,75,75,75,75,75,69,69,69,69,69,76,76],"card_choices":[{"not_picked":["Capacitor","Stack"],"picked":"Sweeping Beam","floor":1},{"not_picked":["Scrape","Compile Driver","Coolheaded"],"picked":"SKIP","floor":3},{"not_picked":["Sweeping Beam","Loop"],"picked":"FTL","floor":4},{"not_picked":["Coolheaded","Stack","Barrage"],"picked":"SKIP","floor":7},{"not_picked":["Conserve Battery","Barrage"],"picked":"Go for the Eyes","floor":12},{"not_picked":["Fission","FTL"],"picked":"Undo","floor":14}],"player_experience":620826,"relics_obtained":[{"floor":9,"key":"Turnip"},{"floor":12,"key":"Shovel"},{"floor":13,"key":"Dodecahedron"},{"floor":14,"key":"WingedGreaves"},{"floor":15,"key":"Strawberry"}],"event_choices":[{"damage_healed":0,"gold_gain":0,"player_choice":"Ignored","damage_taken":0,"max_hp_gain":0,"max_hp_loss":0,"event_name":"Liars Game","floor":2,"gold_loss":0},{"damage_healed":0,"gold_gain":0,"player_choice":"Searched \u00271\u0027 times","damage_taken":0,"relics_obtained":["Du-Vu Doll"],"max_hp_gain":0,"max_hp_loss":0,"event_name":"Dead Adventurer","floor":8,"gold_loss":0},{"damage_healed":0,"gold_gain":0,"player_choice":"Lose Max HP","damage_taken":0,"relics_obtained":["Golden Idol"],"max_hp_gain":0,"max_hp_loss":6,"event_name":"Golden Idol","floor":10,"gold_loss":0}],"is_beta":false,"boss_relics":[],"items_purged_floors":[],"is_endless":false,"potions_floor_spawned":[1,7,12],"killed_by":"Hexaghost","ascension_level":4}