{"gold_per_floor":[112,124,140,159,169,179,191,207,261,186,186,186,200,228,228,228],"floor_reached":16,"playtime":1156,"items_purged":["Strike_R"],"score":108,"play_id":"42a968e1-b117-477c-9b0b-d05693f71b77","local_time":"20181019164815","is_ascension_mode":false,"campfire_choices":[{"data":"Havoc","floor":11,"key":"SMITH"},{"floor":15,"key":"REST"}],"neow_cost":"NONE","seed_source_timestamp":6307657348540,"circlet_count":0,"master_deck":["Strike_R","Strike_R","Strike_R","Strike_R","Defend_R","Defend_R","Defend_R","Defend_R","Bash","Reaper","Havoc+1","Seeing Red","Shrug It Off+1","Wild Strike","Disarm+1","Cleave","Warcry","Flame Barrier"],"relics":["Burning Blood","Boot","War Paint"],"potions_floor_usage":[14],"damage_taken":[{"damage":5,"enemies":"Small Slimes","floor":1,"turns":5},{"damage":1,"enemies":"Jaw Worm","floor":2,"turns":5},{"damage":2,"enemies":"2 Louse","floor":3,"turns":4},{"damage":17,"enemies":"Looter","floor":4,"turns":5},{"damage":9,"enemies":"Blue Slaver","floor":5,"turns":6},{"damage":40,"enemies":"Exordium Thugs","floor":6,"turns":7},{"damage":19,"enemies":"Lots of Slimes","floor":7,"turns":6},{"damage":1,"enemies":"3 Louse","floor":8,"turns":3},{"damage":5,"enemies":"Exordium Thugs","floor":13,"turns":5},{"damage":41,"enemies":"Lagavulin","floor":14,"turns":9},{"damage":70,"enemies":"Hexaghost","floor":16,"turns":18}],"seed_played":"-5280285657745567193","potions_obtained":[{"floor":2,"key":"SpeedPotion"},{"floor":6,"key":"Dexterity Potion"},{"floor":7,"key":"SteroidPotion"},{"floor":14,"key":"LiquidBronze"}],"is_trial":false,"path_per_floor":["M","M","M","M","M","M","M","M","T","$","R","?","M","E","R"],"character_chosen":"IRONCLAD","items_purchased":[],"campfire_rested":1,"item_purchase_floors":[],"current_hp_per_floor":[80,80,80,73,74,47,54,67,67,67,67,67,72,43,67,0],"gold":228,"neow_bonus":"ONE_RANDOM_RARE_CARD","is_prod":false,"is_daily":false,"chose_seed":false,"campfire_upgraded":1,"win_rate":0,"timestamp":1539960495,"path_taken":["M","M","M","M","M","M","M","M","T","$","R","?","M","E","R","BOSS"],"build_version":"2018-10-11","purchased_purges":1,"victory":false,"max_hp_per_floor":[80,80,80,80,80,80,80,80,80,80,80,80,80,80,80,80],"card_choices":[{"not_picked":["Headbutt","Flex"],"picked":"Havoc","floor":1},{"not_picked":["Blood for Blood","Heavy Blade"],"picked":"Seeing Red","floor":2},{"not_picked":["Anger","Heavy Blade","Corruption"],"picked":"SKIP","floor":3},{"not_picked":["Wild Strike","Armaments"],"picked":"Shrug It Off","floor":4},{"not_picked":["Warcry","Cleave"],"picked":"Wild Strike","floor":5},{"not_picked":["Flex","Limit Break"],"picked":"Disarm","floor":6},{"not_picked":["Iron Wave","Rage"],"picked":"Cleave","floor":7},{"not_picked":["Disarm","Sword Boomerang"],"picked":"Warcry","floor":8},{"not_picked":["Iron Wave","Headbutt"],"picked":"Flame Barrier","floor":13},{"not_picked":["Sentinel","Double Tap","Dropkick"],"picked":"SKIP","floor":14}],"player_experience":200531,"relics_obtained":[{"floor":9,"key":"Boot"},{"floor":14,"key":"War Paint"}],"event_choices":[{"event_name":"Liars Game","player_choice":"disagreed","floor":12,"damage_taken":0}],"is_beta":false,"boss_relics":[],"items_purged_floors":[10],"is_endless":false,"potions_floor_spawned":[2,6,7,13,14],"killed_by":"Hexaghost","ascension_level":0}