{"gold_per_floor":[118,138,138,138,154,189,189,212,235,253,272,287,300,311,311,311],"floor_reached":16,"playtime":848,"items_purged":[],"score":122,"play_id":"beaafd06-9230-4f65-983f-bacf84e9c55d","local_time":"20181219211116","is_ascension_mode":true,"campfire_choices":[{"data":"Zap","floor":7,"key":"SMITH"},{"data":"Rainbow","floor":15,"key":"SMITH"}],"neow_cost":"PERCENT_DAMAGE","seed_source_timestamp":616772461598183,"circlet_count":0,"master_deck":["Strike_B","Strike_B+1","Strike_B+1","Defend_B","Defend_B","Defend_B","Defend_B","Zap+1","Dualcast","Rainbow+1","Coolheaded","BootSequence","Cold Snap","Glacier","Conserve Battery"],"relics":["Cracked Core","Bag of Preparation","Odd Mushroom","Art of War"],"potions_floor_usage":[16,16],"damage_taken":[{"damage":0,"enemies":"Cultist","floor":1,"turns":4},{"damage":5,"enemies":"Jaw Worm","floor":2,"turns":3},{"damage":0,"enemies":"2 Louse","floor":5,"turns":2},{"damage":17,"enemies":"Gremlin Nob","floor":6,"turns":4},{"damage":9,"enemies":"The Mushroom Lair","floor":8,"turns":3},{"damage":0,"enemies":"Exordium Wildlife","floor":10,"turns":3},{"damage":1,"enemies":"Gremlin Gang","floor":11,"turns":4},{"damage":0,"enemies":"Red Slaver","floor":12,"turns":2},{"damage":6,"enemies":"Exordium Wildlife","floor":13,"turns":2},{"damage":0,"enemies":"2 Fungi Beasts","floor":14,"turns":4},{"damage":1,"enemies":"Slime Boss","floor":16,"turns":6}],"seed_played":"366515061887208010","potions_obtained":[{"floor":6,"key":"AttackPotion"},{"floor":10,"key":"Dexterity Potion"},{"floor":12,"key":"Energy Potion"}],"is_trial":false,"path_per_floor":["M","M","?","?","M","E","R","?","T","M","M","M","M","M","R","B"],"character_chosen":"DEFECT","items_purchased":[],"campfire_rested":0,"item_purchase_floors":[],"current_hp_per_floor":[54,49,34,34,34,17,17,8,8,8,7,7,1,1,1,0],"gold":311,"neow_bonus":"THREE_RARE_CARDS","is_prod":false,"is_daily":false,"chose_seed":false,"campfire_upgraded":2,"win_rate":0,"timestamp":1545275476,"path_taken":["M","?","?","?","M","E","R","?","T","?","M","M","M","M","R","BOSS"],"build_version":"2018-12-13","purchased_purges":0,"victory":false,"max_hp_per_floor":[75,75,75,75,75,75,75,75,75,75,75,75,75,75,75,75],"card_choices":[{"not_picked":["Multi-Cast","Machine Learning"],"picked":"Rainbow","floor":0},{"not_picked":["Gash","Rebound"],"picked":"Coolheaded","floor":1},{"not_picked":["Consume","Go for the Eyes"],"picked":"BootSequence","floor":2},{"not_picked":["Gash","Fission"],"picked":"Cold Snap","floor":5},{"not_picked":["Streamline","Meteor Strike","Static Discharge"],"picked":"SKIP","floor":6},{"not_picked":["Gash","Hologram","Rip and Tear"],"picked":"SKIP","floor":10},{"not_picked":["Go for the Eyes","Static Discharge","Sunder"],"picked":"SKIP","floor":11},{"not_picked":["Turbo","Blizzard","Beam Cell"],"picked":"SKIP","floor":12},{"not_picked":["Stack","Compile Driver"],"picked":"Glacier","floor":13},{"not_picked":["Rebound","Leap"],"picked":"Conserve Battery","floor":14}],"player_experience":315608,"relics_obtained":[{"floor":6,"key":"Bag of Preparation"},{"floor":8,"key":"Odd Mushroom"},{"floor":9,"key":"Art of War"}],"event_choices":[{"damage_healed":0,"gold_gain":0,"player_choice":"Entered Light","damage_taken":15,"max_hp_gain":0,"max_hp_loss":0,"event_name":"Shining Light","floor":3,"gold_loss":0,"cards_upgraded":["Strike_B","Strike_B"]},{"cards_removed":["Strike_B"],"damage_healed":0,"gold_gain":0,"player_choice":"Forget","damage_taken":0,"max_hp_gain":0,"max_hp_loss":0,"event_name":"Living Wall","floor":4,"gold_loss":0},{"damage_healed":0,"gold_gain":0,"player_choice":"Fought Mushrooms","damage_taken":0,"max_hp_gain":0,"max_hp_loss":0,"event_name":"Mushrooms","floor":8,"gold_loss":0}],"is_beta":false,"boss_relics":[],"items_purged_floors":[],"is_endless":false,"potions_floor_spawned":[6,10,12,14],"killed_by":"Slime Boss","ascension_level":3}