{"gold_per_floor":[119,119,119,135,152,152,183,183,233,233,246,21,52,116,116,116],"floor_reached":16,"playtime":346,"items_purged":["Strike_B"],"score":178,"play_id":"da2ef547-4907-4bc9-9189-b13c3607e155","local_time":"20190205054737","is_ascension_mode":true,"campfire_choices":[{"data":"Zap","floor":6.0,"key":"SMITH"},{"data":"Hyperbeam","floor":8.0,"key":"SMITH"},{"floor":15,"key":"REST"}],"neow_cost":"NONE","seed_source_timestamp":1816412087114186,"circlet_count":0,"master_deck":["AscendersBane","Strike_B","Defend_B","Defend_B+1","Defend_B+1","Defend_B","Zap+1","Dualcast","Hyperbeam+1","Ball Lightning","Genetic Algorithm","Coolheaded","Seek","Leap"],"special_seed":0,"relics":["Cracked Core","Happy Flower","Anchor","GremlinMask","War Paint","Bottled Flame"],"potions_floor_usage":[],"damage_taken":[{"damage":7.0,"enemies":"Jaw Worm","floor":1.0,"turns":3.0},{"damage":0.0,"enemies":"2 Louse","floor":4.0,"turns":2.0},{"damage":5.0,"enemies":"Cultist","floor":5.0,"turns":3.0},{"damage":45.0,"enemies":"Gremlin Nob","floor":7.0,"turns":5.0},{"damage":0.0,"enemies":"3 Louse","floor":11.0,"turns":1.0},{"damage":4.0,"enemies":"3 Sentries","floor":13.0,"turns":5.0},{"damage":0,"enemies":"Slime Boss","floor":16,"turns":1}],"seed_played":"1458007500023951996","potions_obtained":[{"floor":4.0,"key":"PowerPotion"},{"floor":7.0,"key":"Explosive Potion"}],"is_trial":false,"path_per_floor":["M","?","?","M","M","R","E","R","T","?","M","$","E","?","R","B"],"character_chosen":"DEFECT","items_purchased":["War Paint"],"campfire_rested":1,"item_purchase_floors":[12],"current_hp_per_floor":[61,61,61,61,56,56,11,11,11,11,11,11,7,7,29,29],"gold":116,"neow_bonus":"ONE_RANDOM_RARE_CARD","is_prod":false,"is_daily":false,"chose_seed":false,"campfire_upgraded":2,"win_rate":0,"timestamp":1549367257,"path_taken":["M","?","?","?","M","R","E","R","T","?","M","?","E","?","R","BOSS"],"build_version":"2019-01-23","purchased_purges":1,"victory":false,"max_hp_per_floor":[75,75,75,75,75,75,75,75,75,75,75,75,75,75,75,75],"card_choices":[{"not_picked":["Redo","Hologram"],"picked":"Ball Lightning","floor":1.0},{"not_picked":["Hologram","Loop"],"picked":"Genetic Algorithm","floor":4.0},{"not_picked":["Melter","Beam Cell"],"picked":"Coolheaded","floor":5.0},{"not_picked":["Turbo","Compile Driver"],"picked":"Seek","floor":7.0},{"not_picked":["Barrage","Defragment"],"picked":"Leap","floor":11.0},{"not_picked":["Capacitor","Streamline","Stack"],"picked":"SKIP","floor":13}],"player_experience":967558,"relics_obtained":[{"floor":7.0,"key":"Happy Flower"},{"floor":9.0,"key":"Anchor"},{"floor":13,"key":"Bottled Flame"}],"event_choices":[{"cards_removed":["Strike_B"],"damage_healed":0.0,"max_hp_gain":0.0,"max_hp_loss":0.0,"gold_gain":0.0,"event_name":"Living Wall","player_choice":"Forget","floor":2.0,"gold_loss":0.0,"damage_taken":0.0},{"cards_removed":["Strike_B"],"damage_healed":0.0,"max_hp_gain":0.0,"max_hp_loss":0.0,"gold_gain":0.0,"event_name":"Purifier","player_choice":"Purged","floor":3.0,"gold_loss":0.0,"damage_taken":0.0},{"damage_healed":0.0,"max_hp_gain":0.0,"max_hp_loss":0.0,"gold_gain":0.0,"event_name":"FaceTrader","player_choice":"Trade","floor":10.0,"gold_loss":0.0,"damage_taken":0.0,"relics_obtained":["GremlinMask"]},{"damage_healed":0,"gold_gain":64,"player_choice":"Gained Gold","damage_taken":0,"max_hp_gain":0,"max_hp_loss":0,"event_name":"Golden Wing","floor":14,"gold_loss":0}],"is_beta":false,"boss_relics":[],"items_purged_floors":[12],"is_endless":false,"potions_floor_spawned":[4,7,11],"killed_by":"Slime Boss","ascension_level":13}