{"gold_per_floor":[112,112,123,48,48,82,102,116,116,116,128,128,142,142,142,242,242,254,254,264,264,139,139,14,14,61,81,81,98,118,135,135,233,233,251,251,0,0,12,12,12],"floor_reached":41,"playtime":5146,"items_purged":["Strike_B","Strike_B","Defend_B"],"score":393,"play_id":"6978ebf1-a20f-4c90-9a09-2950de1418a9","local_time":"20181014131549","is_ascension_mode":false,"campfire_choices":[{"floor":10,"key":"REST"},{"data":"Dualcast","floor":12,"key":"SMITH"},{"floor":15,"key":"REST"},{"data":"Defend_B","floor":23,"key":"PURGE"},{"data":"Defend_B","floor":25,"key":"PURGE"},{"data":"Strike_B","floor":32,"key":"PURGE"},{"data":"Defend_B","floor":40,"key":"PURGE"}],"neow_cost":"","seed_source_timestamp":226191086444235,"circlet_count":0,"master_deck":["Zap+1","Dualcast+1","Loop","Sunder","Conserve Battery","Sweeping Beam","BootSequence","Reboot","Electrodynamics","Coolheaded","Conserve Battery+1","Turbo","Sweeping Beam","Fission","Rebound","Double Energy+1","Meteor Strike","Rebound+1","Reinforced Body+1"],"relics":["Cracked Core","Centennial Puzzle","Bottled Tornado","Philosopher\u0027s Stone","Peace Pipe","Strawberry","Smiling Mask","Cursed Key","Red Mask"],"potions_floor_usage":[16,16,33,33,39,39],"damage_taken":[{"damage":0,"enemies":"Cultist","floor":1,"turns":3},{"damage":2,"enemies":"2 Louse","floor":3,"turns":2},{"damage":35,"enemies":"3 Sentries","floor":6,"turns":6},{"damage":6,"enemies":"Jaw Worm","floor":7,"turns":2},{"damage":18,"enemies":"Exordium Thugs","floor":8,"turns":4},{"damage":5,"enemies":"Gremlin Gang","floor":11,"turns":3},{"damage":0,"enemies":"3 Louse","floor":13,"turns":2},{"damage":26,"enemies":"The Guardian","floor":16,"turns":17},{"damage":2,"enemies":"Shell Parasite","floor":18,"turns":4},{"damage":4,"enemies":"Spheric Guardian","floor":20,"turns":4},{"damage":0,"enemies":"Centurion and Healer","floor":27,"turns":4},{"damage":9,"enemies":"Snake Plant","floor":29,"turns":5},{"damage":0,"enemies":"Cultist and Chosen","floor":30,"turns":4},{"damage":0,"enemies":"Centurion and Healer","floor":31,"turns":4},{"damage":58,"enemies":"Automaton","floor":33,"turns":10},{"damage":2,"enemies":"3 Shapes","floor":35,"turns":3},{"damage":17,"enemies":"3 Darklings","floor":39,"turns":3},{"damage":59,"enemies":"2 Orb Walkers","floor":41,"turns":6}],"seed_played":"-5341362782767327454","potions_obtained":[{"floor":6,"key":"SteroidPotion"},{"floor":7,"key":"EssenceOfSteel"},{"floor":8,"key":"Explosive Potion"},{"floor":18,"key":"Explosive Potion"},{"floor":27,"key":"FearPotion"},{"floor":30,"key":"FocusPotion"},{"floor":33,"key":"Fire Potion"},{"floor":39,"key":"Explosive Potion"}],"is_trial":false,"path_per_floor":["M","?","M","$","?","E","M","M","T","R","M","R","M","?","R","B",null,"M","?","M","?","$","R","$","R","T","M","T","M","M","M","R","B",null,"M","?","?","$","M","R"],"character_chosen":"DEFECT","items_purchased":["Turbo"],"campfire_rested":2,"item_purchase_floors":[22],"current_hp_per_floor":[75,75,73,73,73,38,32,14,14,36,31,31,31,24,46,20,75,73,73,69,69,69,69,69,69,76,76,76,67,67,67,67,9,82,80,72,72,72,55,55,0],"gold":12,"neow_bonus":"","is_prod":false,"is_daily":false,"chose_seed":false,"campfire_upgraded":1,"win_rate":0,"timestamp":1539515749,"path_taken":["M","?","M","$","?","E","?","M","T","R","M","R","?","?","R","BOSS","M","?","M","?","$","R","?","R","T","M","?","M","M","M","R","BOSS","M","?","?","$","M","R","E"],"build_version":"2018-10-11","purchased_purges":3,"victory":false,"max_hp_per_floor":[75,75,75,75,75,75,75,75,75,75,75,75,75,75,75,75,75,75,75,75,75,75,75,75,75,82,82,82,82,82,82,82,82,82,82,82,82,82,82,82,82],"card_choices":[{"not_picked":["Redo","Rebound"],"picked":"Loop","floor":1},{"not_picked":["Hologram","Conserve Battery"],"picked":"Sunder","floor":3},{"not_picked":["Defragment","Coolheaded"],"picked":"Conserve Battery","floor":6},{"not_picked":["Hologram","Steam Power"],"picked":"Sweeping Beam","floor":7},{"not_picked":["Glacier","Leap"],"picked":"BootSequence","floor":8},{"not_picked":["Streamline","Static Discharge","Loop"],"picked":"SKIP","floor":11},{"not_picked":["Redo","Go for the Eyes"],"picked":"Reboot","floor":13},{"not_picked":["Multi-Cast","Core Surge"],"picked":"Electrodynamics","floor":16},{"not_picked":["Gash","Consume+1"],"picked":"Coolheaded","floor":18},{"not_picked":["Cold Snap","Melter+1"],"picked":"Conserve Battery","floor":20},{"not_picked":["Reprogram","Defragment"],"picked":"Sweeping Beam","floor":27},{"not_picked":["Reprogram","Rebound"],"picked":"Fission","floor":29},{"not_picked":["Rip and Tear","Cold Snap"],"picked":"Rebound","floor":30},{"not_picked":["Stack+1","Cold Snap"],"picked":"Double Energy+1","floor":31},{"not_picked":["Thunder Strike","Buffer"],"picked":"Meteor Strike","floor":33},{"not_picked":["Compile Driver+1","Fusion+1"],"picked":"Rebound+1","floor":35},{"not_picked":["Barrage","Blizzard"],"picked":"Reinforced Body+1","floor":39}],"player_experience":215680,"relics_obtained":[{"floor":6,"key":"Centennial Puzzle"},{"floor":9,"key":"Bottled Tornado"},{"floor":26,"key":"Strawberry"},{"floor":28,"key":"Smiling Mask"}],"event_choices":[{"event_name":"Liars Game","player_choice":"disagreed","floor":2,"damage_taken":0},{"event_name":"Living Wall","player_choice":"Grow","floor":5,"damage_taken":0},{"event_name":"Golden Wing","player_choice":"Card Removal","floor":14,"damage_taken":0},{"event_name":"WeMeetAgain","player_choice":"Potion","floor":19,"damage_taken":0},{"event_name":"Upgrade Shrine","player_choice":"Upgraded","floor":21,"damage_taken":0},{"event_name":"Wheel of Change","player_choice":"Damage","floor":36,"damage_taken":0},{"event_name":"Tomb of Lord Red Mask","player_choice":"Paid","floor":37,"damage_taken":0}],"is_beta":false,"boss_relics":[{"not_picked":["Fusion Hammer","FrozenCore"],"picked":"Philosopher\u0027s Stone"},{"not_picked":["Velvet Choker","Inserter"],"picked":"Cursed Key"}],"items_purged_floors":[4,22,24],"is_endless":false,"potions_floor_spawned":[6,7,8,18,27,30,33,39],"killed_by":"2 Orb Walkers","ascension_level":0}