{"gold_per_floor":[110,122,140,140,155,155,174,174,174,202,217,217,217,66,66,162,162,179,195,22,32,32,32,64,163,187,197,207,207,240,259,259,363,363,383,383,383,400,21,46,46,75,101,131,131,150,163,126,126,126],"floor_reached":51,"playtime":3944,"items_purged":["Strike_R","Doubt"],"score":1167,"play_id":"aee751ec-9859-44b2-a606-5ec49448d874","local_time":"20181017200731","is_ascension_mode":true,"campfire_choices":[{"floor":6,"key":"REST"},{"data":"Bludgeon","floor":8,"key":"SMITH"},{"data":"Bash","floor":13,"key":"SMITH"},{"floor":15,"key":"REST"},{"floor":23,"key":"REST"},{"floor":29,"key":"REST"},{"data":"Corruption","floor":32,"key":"SMITH"},{"floor":45,"key":"DIG"},{"floor":49,"key":"DIG"}],"neow_cost":"PERCENT_DAMAGE","seed_source_timestamp":22562603308845,"circlet_count":0,"master_deck":["Strike_R","Defend_R","Defend_R","Defend_R","Defend_R","Bash+1","Bludgeon+1","Headbutt","True Grit","Shrug It Off","Thunderclap","Ghostly Armor","Offering","Parasite","Doubt","Corruption+1","Armaments+1","Burning Pact","Warcry+1","Shrug It Off","Sentinel+1","Intimidate","Reaper","Purity","Master of Strategy","Blind","Battle Trance+1","Body Slam+1","Shrug It Off","Rage"],"relics":["Burning Blood","Paper Frog","Darkstone Periapt","Calling Bell","Bronze Scales","Shuriken","Dead Branch","Dodecahedron","Art of War","Bottled Tornado","Empty Cage","Du-Vu Doll","Oddly Smooth Stone","Shovel","Pen Nib","Unceasing Top","Meat on the Bone","Sundial"],"potions_floor_usage":[16,50],"damage_taken":[{"damage":6,"enemies":"Cultist","floor":1,"turns":3},{"damage":2,"enemies":"Jaw Worm","floor":2,"turns":3},{"damage":3,"enemies":"2 Louse","floor":3,"turns":2},{"damage":34,"enemies":"Exordium Thugs","floor":5,"turns":5},{"damage":7,"enemies":"3 Louse","floor":7,"turns":5},{"damage":20,"enemies":"Lagavulin","floor":10,"turns":4},{"damage":8,"enemies":"Blue Slaver","floor":11,"turns":2},{"damage":47,"enemies":"Hexaghost","floor":16,"turns":9},{"damage":16,"enemies":"Shell Parasite","floor":18,"turns":3},{"damage":22,"enemies":"Spheric Guardian","floor":19,"turns":4},{"damage":21,"enemies":"Chosen and Byrds","floor":21,"turns":5},{"damage":21,"enemies":"Book of Stabbing","floor":24,"turns":3},{"damage":14,"enemies":"Centurion and Healer","floor":27,"turns":5},{"damage":6,"enemies":"Sentry and Sphere","floor":28,"turns":4},{"damage":18,"enemies":"Gremlin Leader","floor":30,"turns":4},{"damage":6,"enemies":"Snecko","floor":31,"turns":3},{"damage":12,"enemies":"Collector","floor":33,"turns":3},{"damage":0,"enemies":"Orb Walker","floor":35,"turns":1},{"damage":6,"enemies":"3 Shapes","floor":38,"turns":2},{"damage":9,"enemies":"Nemesis","floor":40,"turns":3},{"damage":7,"enemies":"2 Orb Walkers","floor":42,"turns":3},{"damage":9,"enemies":"Giant Head","floor":44,"turns":2},{"damage":12,"enemies":"Maw","floor":46,"turns":4},{"damage":9,"enemies":"3 Darklings","floor":47,"turns":3},{"damage":6,"enemies":"Donu and Deca","floor":50,"turns":4}],"seed_played":"-5441345823578297930","potions_obtained":[{"floor":2,"key":"Ancient Potion"},{"floor":7,"key":"Weak Potion"},{"floor":11,"key":"Ancient Potion"},{"floor":16,"key":"SteroidPotion"},{"floor":31,"key":"Block Potion"}],"is_trial":false,"path_per_floor":["M","M","M","?","M","R","M","R","T","E","M","?","R","$","R","B",null,"M","M","$","M","$","R","E","?","T","M","M","R","E","M","R","B",null,"M","?","?","M","$","E","?","E","T","E","R","M","M","$","R","B"],"character_chosen":"IRONCLAD","items_purchased":["Ghostly Armor","Burning Pact","Du-Vu Doll","Blind","Rage"],"campfire_rested":4,"item_purchase_floors":[14,20,39,39,48],"current_hp_per_floor":[56,60,63,63,35,59,58,58,58,44,42,47,47,47,72,31,103,93,77,77,62,62,92,77,77,77,69,69,99,87,87,87,81,103,103,103,93,103,103,100,100,99,99,96,96,90,100,100,100,103],"gold":126,"neow_bonus":"THREE_RARE_CARDS","is_prod":false,"is_daily":false,"chose_seed":false,"campfire_upgraded":3,"win_rate":0,"timestamp":1539799651,"path_taken":["M","?","M","?","M","R","M","R","T","E","M","?","R","$","R","BOSS","M","M","$","M","$","R","E","?","T","M","M","R","E","M","R","BOSS","M","?","?","M","$","E","?","E","T","E","R","M","M","$","R","BOSS"],"build_version":"2018-10-11","purchased_purges":2,"victory":true,"max_hp_per_floor":[80,80,80,80,80,80,80,80,80,80,80,85,85,85,85,85,103,103,103,103,103,103,103,103,103,103,103,103,103,103,103,103,103,103,103,103,103,103,103,103,103,103,103,103,103,103,103,103,103,103],"card_choices":[{"not_picked":["Demon Form","Dark Embrace"],"picked":"Bludgeon","floor":0},{"not_picked":["Anger","Pommel Strike"],"picked":"Headbutt","floor":1},{"not_picked":["Clothesline","Flex","Second Wind"],"picked":"SKIP","floor":2},{"not_picked":["Demon Form","Cleave"],"picked":"True Grit","floor":3},{"not_picked":["Clash","Rupture","Searing Blow"],"picked":"SKIP","floor":5},{"not_picked":["Sword Boomerang","Whirlwind"],"picked":"Shrug It Off","floor":7},{"not_picked":["Dropkick","Twin Strike","Sentinel"],"picked":"SKIP","floor":10},{"not_picked":["Feel No Pain","Havoc"],"picked":"Thunderclap","floor":11},{"not_picked":["Dark Embrace","Feed"],"picked":"Offering","floor":16},{"not_picked":["Havoc","Headbutt+1"],"picked":"Corruption","floor":18},{"not_picked":["Limit Break","Headbutt+1"],"picked":"Armaments+1","floor":19},{"not_picked":["Cleave+1","Sword Boomerang"],"picked":"Warcry+1","floor":21},{"not_picked":["Flex","Armaments","Pommel Strike"],"picked":"SKIP","floor":24},{"not_picked":["Pommel Strike","Berserk"],"picked":"Shrug It Off","floor":27},{"not_picked":["Thunderclap+1","Armaments"],"picked":"Sentinel","floor":28},{"not_picked":["Feed","Perfected Strike"],"picked":"Intimidate","floor":30},{"not_picked":["Headbutt","Twin Strike","Corruption"],"picked":"SKIP","floor":31},{"not_picked":["Limit Break","Dark Embrace"],"picked":"Reaper","floor":33},{"not_picked":["Twin Strike+1","Heavy Blade","Feel No Pain"],"picked":"SKIP","floor":35},{"not_picked":["The Bomb","PanicButton"],"picked":"Purity","floor":37},{"not_picked":["Trip","Dark Shackles"],"picked":"Master of Strategy","floor":37},{"not_picked":["Cleave","Havoc","Heavy Blade"],"picked":"SKIP","floor":38},{"not_picked":["Sword Boomerang","Body Slam+1","Perfected Strike+1"],"picked":"SKIP","floor":40},{"not_picked":["Rupture","Disarm"],"picked":"Battle Trance+1","floor":42},{"not_picked":["Sword Boomerang","Pummel+1","Pommel Strike+1"],"picked":"SKIP","floor":44},{"not_picked":["Sword Boomerang","Pummel+1","Pommel Strike+1"],"picked":"SKIP","floor":44},{"not_picked":["Perfected Strike","Headbutt"],"picked":"Body Slam+1","floor":46},{"not_picked":["Pommel Strike+1","Havoc"],"picked":"Shrug It Off","floor":47}],"player_experience":185774,"relics_obtained":[{"floor":9,"key":"Paper Frog"},{"floor":10,"key":"Darkstone Periapt"},{"floor":17,"key":"Bronze Scales"},{"floor":17,"key":"Shuriken"},{"floor":17,"key":"Dead Branch"},{"floor":24,"key":"Dodecahedron"},{"floor":26,"key":"Art of War"},{"floor":30,"key":"Bottled Tornado"},{"floor":40,"key":"Oddly Smooth Stone"},{"floor":42,"key":"Shovel"},{"floor":43,"key":"Pen Nib"},{"floor":44,"key":"Unceasing Top"},{"floor":45,"key":"Meat on the Bone"},{"floor":49,"key":"Sundial"}],"event_choices":[{"event_name":"Liars Game","player_choice":"disagreed","floor":4,"damage_taken":0},{"event_name":"Big Fish","player_choice":"Donut","floor":12,"damage_taken":0},{"event_name":"Nest","player_choice":"Stole From Cult","floor":25,"damage_taken":0},{"event_name":"Upgrade Shrine","player_choice":"Upgraded","floor":36,"damage_taken":0},{"event_name":"SensoryStone","player_choice":"Memory 3","floor":37,"damage_taken":0},{"event_name":"Falling","player_choice":"Removed Attack","floor":41,"damage_taken":0}],"is_beta":false,"boss_relics":[{"not_picked":["Astrolabe","Black Star"],"picked":"Calling Bell"},{"not_picked":["Eternal Feather","Velvet Choker"],"picked":"Empty Cage"}],"items_purged_floors":[14,20],"is_endless":false,"potions_floor_spawned":[2,7,11,16,18,21,27,31,35,38,40],"ascension_level":4}