{"gold_per_floor":[114,134,134,145,70,70,86,113,113,133,133,133,133,133,133,232,232,252,152,152],"floor_reached":20,"playtime":551,"items_purged":["Strike_R","Second Wind"],"score":162,"play_id":"9fd56578-b292-4d7c-b15d-1e35e55ab539","local_time":"20190302201844","is_ascension_mode":false,"campfire_choices":[{"data":"Bash","floor":6,"key":"SMITH"},{"data":"Dual Wield","floor":11,"key":"SMITH"},{"data":"Anger","floor":13,"key":"SMITH"},{"data":"Strike_R","floor":15,"key":"SMITH"}],"neow_cost":"NONE","seed_source_timestamp":516916209582700,"circlet_count":0,"master_deck":["Bash+1","Dual Wield+1","Anger+1","Perfected Strike","Bloodletting","Feed","Feed","Armaments","Dropkick"],"relics":["Burning Blood","Blood Vial","Turnip","Pandora\u0027s Box"],"potions_floor_usage":[16,16],"damage_taken":[{"damage":6,"enemies":"Cultist","floor":1,"turns":3},{"damage":6,"enemies":"2 Louse","floor":2,"turns":3},{"damage":6,"enemies":"Jaw Worm","floor":4,"turns":3},{"damage":16,"enemies":"Blue Slaver","floor":7,"turns":4},{"damage":12,"enemies":"3 Louse","floor":10,"turns":4},{"damage":24,"enemies":"Hexaghost","floor":16,"turns":6},{"damage":25,"enemies":"2 Thieves","floor":18,"turns":4},{"damage":70,"enemies":"Spheric Guardian","floor":20,"turns":7}],"seed_played":"-5066545318995879873","potions_obtained":[{"floor":4,"key":"Block Potion"},{"floor":7,"key":"SteroidPotion"},{"floor":10,"key":"Explosive Potion"},{"floor":16,"key":"SpeedPotion"},{"floor":18,"key":"Explosive Potion"}],"is_trial":false,"path_per_floor":["M","M","$","M","$","R","M","T","T","M","R","?","R","?","R","B",null,"M","$","M"],"character_chosen":"IRONCLAD","items_purchased":[],"campfire_rested":0,"item_purchase_floors":[],"current_hp_per_floor":[80,80,80,80,80,80,70,70,70,66,66,66,66,50,50,34,80,64,64,0],"gold":152,"neow_bonus":"THREE_CARDS","is_prod":false,"is_daily":false,"chose_seed":false,"campfire_upgraded":4,"win_rate":0,"timestamp":1551575924,"path_taken":["M","M","$","?","$","R","M","?","T","M","R","?","R","?","R","BOSS","M","$","M"],"build_version":"2019-01-23","purchased_purges":2,"victory":false,"max_hp_per_floor":[80,80,80,80,80,80,80,80,80,80,80,80,80,80,80,80,80,83,83,83],"card_choices":[{"not_picked":["Wild Strike","True Grit","Sword Boomerang"],"picked":"SKIP","floor":1},{"not_picked":["Havoc","Shrug It Off"],"picked":"Dual Wield","floor":2},{"not_picked":["Flex","Headbutt","Shrug It Off"],"picked":"SKIP","floor":4},{"not_picked":["Flame Barrier","Feed","Searing Blow"],"picked":"SKIP","floor":7},{"not_picked":["Intimidate","Headbutt","Thunderclap"],"picked":"SKIP","floor":10},{"not_picked":["Flame Barrier+1","Ghostly Armor+1","Power Through"],"picked":"SKIP","floor":18}],"player_experience":1283172,"relics_obtained":[{"floor":8,"key":"Blood Vial"},{"floor":9,"key":"Turnip"}],"event_choices":[{"damage_healed":0,"gold_gain":0,"cards_transformed":["Defend_R"],"player_choice":"Change","damage_taken":0,"max_hp_gain":0,"max_hp_loss":0,"event_name":"Living Wall","floor":12,"gold_loss":0,"cards_obtained":["Anger"]},{"damage_healed":0,"gold_gain":0,"player_choice":"Entered Light","damage_taken":16,"max_hp_gain":0,"max_hp_loss":0,"event_name":"Shining Light","floor":14,"gold_loss":0,"cards_upgraded":["Defend_R","Strike_R"]}],"is_beta":false,"boss_relics":[{"not_picked":["Eternal Feather","Mark of Pain"],"picked":"Pandora\u0027s Box"}],"items_purged_floors":[5,19],"is_endless":false,"potions_floor_spawned":[4,7,10,16,18],"killed_by":"Spheric Guardian","ascension_level":0}