{"gold_per_floor":[115,132,147,164,176,176,205,280,331,392,392,427,439,466,478,490],"floor_reached":16,"playtime":4433,"items_purged":[],"score":102,"play_id":"fef73442-a708-4fc9-8440-1847fd47565e","local_time":"20181013193856","is_ascension_mode":false,"campfire_choices":[{"data":"Bash","floor":6,"key":"SMITH"},{"floor":15,"key":"REST"}],"neow_cost":"NONE","seed_source_timestamp":163492073996128,"circlet_count":0,"master_deck":["Strike_R","Strike_R","Strike_R","Strike_R","Strike_R","Defend_R","Defend_R","Defend_R","Defend_R","Bash+1","Flex","Cleave","Headbutt","Shrug It Off","Twin Strike","Intimidate","Flame Barrier","Hemokinesis+1"],"relics":["Burning Blood","Ancient Tea Set","Omamori","Singing Bowl","MawBank","Happy Flower"],"potions_floor_usage":[7,7,16],"damage_taken":[{"damage":14,"enemies":"Jaw Worm","floor":1,"turns":4},{"damage":5,"enemies":"Small Slimes","floor":2,"turns":3},{"damage":2,"enemies":"2 Louse","floor":3,"turns":2},{"damage":9,"enemies":"Blue Slaver","floor":4,"turns":4},{"damage":15,"enemies":"Looter","floor":5,"turns":3},{"damage":13,"enemies":"Lagavulin","floor":7,"turns":5},{"damage":16,"enemies":"Lagavulin Event","floor":10,"turns":5},{"damage":5,"enemies":"2 Fungi Beasts","floor":14,"turns":3},{"damage":87,"enemies":"The Guardian","floor":16,"turns":17}],"seed_played":"983101570915488385","potions_obtained":[{"floor":2,"key":"Fire Potion"},{"floor":4,"key":"SkillPotion"},{"floor":7,"key":"Energy Potion"},{"floor":10,"key":"SkillPotion"}],"is_trial":false,"path_per_floor":["M","M","M","M","M","R","E","?","T","?","?","T","?","M","R"],"character_chosen":"IRONCLAD","items_purchased":[],"campfire_rested":1,"item_purchase_floors":[],"current_hp_per_floor":[72,73,77,74,65,65,58,47,47,37,37,37,37,40,64,0],"gold":490,"neow_bonus":"THREE_CARDS","is_prod":false,"is_daily":false,"chose_seed":false,"campfire_upgraded":1,"win_rate":0,"timestamp":1539452336,"path_taken":["M","M","M","M","M","R","E","?","T","?","?","?","?","M","R","BOSS"],"build_version":"2018-10-11","purchased_purges":0,"victory":false,"max_hp_per_floor":[80,80,80,80,80,80,80,80,80,80,80,80,80,82,82,82],"card_choices":[{"not_picked":["Clash","True Grit"],"picked":"Flex","floor":0},{"not_picked":["Clothesline","Clash"],"picked":"Cleave","floor":1},{"not_picked":["Combust","Iron Wave"],"picked":"Headbutt","floor":2},{"not_picked":["Entrench","Sword Boomerang"],"picked":"Shrug It Off","floor":3},{"not_picked":["Clash","Body Slam"],"picked":"Twin Strike","floor":4},{"not_picked":["Combust","Clash"],"picked":"Intimidate","floor":5},{"not_picked":["Metallicize","Berserk"],"picked":"Flame Barrier","floor":7},{"not_picked":["Headbutt","Shrug It Off"],"picked":"Hemokinesis","floor":10},{"not_picked":["Clash","True Grit","Headbutt"],"picked":"Singing Bowl","floor":14}],"player_experience":210824,"relics_obtained":[{"floor":7,"key":"Ancient Tea Set"},{"floor":9,"key":"Omamori"},{"floor":10,"key":"Singing Bowl"},{"floor":12,"key":"Happy Flower"}],"event_choices":[{"event_name":"World of Goop","player_choice":"Gather Gold","floor":8,"damage_taken":0},{"event_name":"Dead Adventurer","player_choice":"Searched \u00271\u0027 times","floor":10,"damage_taken":0},{"event_name":"Big Fish","player_choice":"Box","floor":11,"damage_taken":0},{"event_name":"Living Wall","player_choice":"Grow","floor":13,"damage_taken":0}],"is_beta":false,"boss_relics":[],"items_purged_floors":[],"is_endless":false,"potions_floor_spawned":[2,4,7,10],"killed_by":"The Guardian","ascension_level":0}