{"path_per_floor":["M","M","M","?","M","R","E","M","T","M","R","M","M","$","R","B",null,"M","?","M","M","T"],"character_chosen":"DEFECT","items_purchased":["Torii","Steam","PowerPotion"],"gold_per_floor":[112,129,144,319,339,339,373,386,439,449,449,468,483,4,4,107,107,126,126,137,152,152,152],"floor_reached":23,"campfire_rested":1,"playtime":2390,"item_purchase_floors":[14,14,14],"current_hp_per_floor":[74,68,68,68,68,68,58,53,53,43,65,54,45,45,45,23,75,49,49,41,4,4,0],"items_purged":["Strike_B"],"gold":152,"score":197,"play_id":"d7dbf2c5-4e75-45b6-a215-129046ea221e","local_time":"20180601034719","is_prod":false,"is_daily":false,"chose_seed":false,"is_ascension_mode":false,"campfire_upgraded":2,"win_rate":0.0,"timestamp":1527839239,"campfire_choices":[{"data":"White Noise","floor":6,"key":"SMITH"},{"floor":11,"key":"REST"},{"data":"Redo","floor":15,"key":"SMITH"}],"path_taken":["M","M","M","?","M","R","E","M","T","M","R","M","M","$","R","BOSS","M","?","M","M","?","E"],"build_version":"2018-05-31","seed_source_timestamp":43850812386826,"purchased_purges":1,"victory":false,"master_deck":["Strike_B","Strike_B","Strike_B","Defend_B","Defend_B","Defend_B","Defend_B","Zap+1","Dualcast","Gash","Defragment","White Noise+1","Doubt","Gash","Force Field","Static Discharge","Redo","Storm","Redo+1","Ball Lightning","Steam","Buffer","Sweeping Beam","Static Discharge+1","Ball Lightning"],"max_hp_per_floor":[75,75,75,75,75,75,75,75,75,75,75,75,75,75,75,75,75,75,75,75,80,80,80],"relics":["Cracked Core","Gremlin Horn","Dream Catcher","Torii","White Beast Statue","Calipers"],"card_choices":[{"not_picked":["White Noise","Stack"],"picked":"Gash","floor":1},{"not_picked":["Rip and Tear","Ball Lightning"],"picked":"Defragment","floor":2},{"not_picked":["Leap","Streamline"],"picked":"White Noise","floor":3},{"not_picked":["Stack","Conserve Battery"],"picked":"Gash","floor":5},{"not_picked":["Aggregate","Rainbow"],"picked":"Force Field","floor":7},{"not_picked":["Compile Driver","Cold Snap"],"picked":"Static Discharge","floor":8},{"not_picked":["Hologram","Stack"],"picked":"Redo","floor":10},{"not_picked":["Skim","Coolheaded"],"picked":"Storm","floor":11},{"not_picked":["Cold Snap","Consume"],"picked":"Redo","floor":12},{"not_picked":["Rainbow","Leap"],"picked":"Ball Lightning","floor":13},{"not_picked":["Rainbow","Seek"],"picked":"Buffer","floor":16},{"not_picked":["Compile Driver","Streamline"],"picked":"Sweeping Beam","floor":18},{"not_picked":["Leap","Barrage"],"picked":"Static Discharge+1","floor":20},{"not_picked":["Beam Cell+1","Redo"],"picked":"Ball Lightning","floor":21}],"player_experience":356692,"potions_floor_usage":[5,5,7,7,7,13,16,20,21,21,23],"damage_taken":[{"damage":1,"enemies":"2 Louse","floor":1,"turns":2},{"damage":6,"enemies":"Jaw Worm","floor":2,"turns":2},{"damage":0,"enemies":"Small Slimes","floor":3,"turns":3},{"damage":0,"enemies":"3 Louse","floor":5,"turns":3},{"damage":10,"enemies":"Gremlin Nob","floor":7,"turns":3},{"damage":5,"enemies":"Looter","floor":8,"turns":3},{"damage":10,"enemies":"Large Slime","floor":10,"turns":4},{"damage":11,"enemies":"Red Slaver","floor":12,"turns":3},{"damage":9,"enemies":"3 Louse","floor":13,"turns":3},{"damage":22,"enemies":"The Guardian","floor":16,"turns":9},{"damage":26,"enemies":"Shell Parasite","floor":18,"turns":5},{"damage":8,"enemies":"3 Byrds","floor":20,"turns":4},{"damage":42,"enemies":"Snake Plant","floor":21,"turns":4},{"damage":9,"enemies":"Gremlin Leader","floor":23,"turns":2}],"relics_obtained":[{"floor":7,"key":"Gremlin Horn"},{"floor":9,"key":"Dream Catcher"},{"floor":22,"key":"Calipers"}],"event_choices":[{"event_name":"Liars Game","player_choice":"agreed","floor":4,"damage_taken":0},{"event_name":"Drug Dealer","player_choice":"Ignored","floor":19,"damage_taken":0}],"boss_relics":[{"not_picked":["Nuclear Battery","Cursed Key"],"picked":"White Beast Statue"}],"items_purged_floors":[14],"potions_floor_spawned":[1,3,5,8,10,18,20,21],"seed_played":"7152879071110354541","killed_by":"Gremlin Leader","ascension_level":0,"potions_obtained":[{"floor":1,"key":"Block Potion"},{"floor":3,"key":"EntropicBrew"},{"floor":8,"key":"LiquidBronze"},{"floor":10,"key":"SkillPotion"},{"floor":18,"key":"Explosive Potion"},{"floor":20,"key":"Fruit Juice"},{"floor":21,"key":"FearPotion"}],"is_trial":false}