{"path_per_floor":["M","M","M","M","?","R","E","M","T","?","M","M","R","E","R","B",null,"M","M","?","M"],"character_chosen":"IRONCLAD","items_purchased":[],"gold_per_floor":[113,125,142,155,155,155,185,195,218,198,214,224,224,258,258,355,355,366,379,469,481],"floor_reached":22,"campfire_rested":1,"playtime":1764,"current_hp_per_floor":[72,68,66,56,80,80,56,50,50,50,56,56,80,62,62,40,80,73,64,48,9],"items_purged":[],"gold":481,"score":200,"play_id":"484e28cb-fc37-4951-add9-2aecfff95643","local_time":"20180310025250","is_prod":false,"is_daily":false,"is_ascension_mode":false,"campfire_upgraded":2,"timestamp":1520668370,"path_taken":["M","M","M","M","?","R","E","M","T","?","M","?","R","E","R","BOSS","M","M","?","M","M"],"build_version":"2018-03-09","purchased_purges":0,"victory":false,"master_deck":["Strike_R","Strike_R","Strike_R","Strike_R","Strike_R","Defend_R","Defend_R","Defend_R","Defend_R","Bash","Shrug It Off","Armaments+1","Anger","Body Slam+1","Thunderclap","Iron Wave","Combust","Demon Form","Barricade","Shrug It Off","Anger+1","Shockwave+1"],"max_hp_per_floor":[80,80,80,80,80,80,80,80,80,80,80,80,80,80,80,80,80,80,80,80,80],"relics":["Burning Blood","Bottled Lightning","Anchor","Pen Nib","White Beast Statue"],"card_choices":[{"not_picked":["Reckless Charge","Clash"],"picked":"Shrug It Off"},{"not_picked":["Iron Wave","Anger"],"picked":"Armaments"},{"not_picked":["Burning Pact","Searing Blow"],"picked":"Anger"},{"not_picked":["Seeing Red","Pommel Strike"],"picked":"Body Slam"},{"not_picked":["Warcry","Clash"],"picked":"Thunderclap"},{"not_picked":["Perfected Strike","Sword Boomerang"],"picked":"Iron Wave"},{"not_picked":["Whirlwind","Havoc"],"picked":"Combust"},{"not_picked":["Sword Boomerang","Searing Blow"],"picked":"Demon Form"},{"not_picked":["Bludgeon","Immolate"],"picked":"Barricade"},{"not_picked":["Body Slam","Anger"],"picked":"Shrug It Off"},{"not_picked":["Headbutt","Clothesline"],"picked":"Anger"},{"not_picked":["Twin Strike","Wild Strike"],"picked":"Shockwave"}],"player_experience":155473,"potions_floor_usage":[7,11,14,16,16,18,21,21],"damage_taken":[{"damage":14,"enemies":"Small Slimes","floor":1,"turns":4},{"damage":10,"enemies":"Cultist","floor":2,"turns":4},{"damage":8,"enemies":"Jaw Worm","floor":3,"turns":5},{"damage":16,"enemies":"Lots of Slimes","floor":4,"turns":6},{"damage":30,"enemies":"3 Sentries","floor":7,"turns":9},{"damage":12,"enemies":"3 Louse","floor":8,"turns":4},{"damage":0,"enemies":"Exordium Thugs","floor":11,"turns":5},{"damage":6,"enemies":"Blue Slaver","floor":12,"turns":4},{"damage":24,"enemies":"Gremlin Nob","floor":14,"turns":5},{"damage":43,"enemies":"Hexaghost","floor":16,"turns":9},{"damage":13,"enemies":"3 Byrds","floor":18,"turns":5},{"damage":15,"enemies":"Chosen","floor":19,"turns":7},{"damage":45,"enemies":"Centurion and Healer","floor":21,"turns":6},{"damage":0,"enemies":"Sentry and Sphere","floor":22,"turns":2}],"event_choices":[{"event_name":"Wheel of Change","player_choice":"Full Heal","floor":5,"damage_taken":0},{"event_name":"The Woman in Blue","player_choice":"Bought 1 Potion","floor":10,"damage_taken":0},{"event_name":"Knowing Skull","player_choice":"GOLD ","floor":20,"damage_taken":0}],"boss_relics":[{"not_picked":["Ectoplasm","Cursed Key"],"picked":"White Beast Statue"}],"potions_floor_spawned":[1,3,8,11,16,18,19,21],"seed_played":"6996405965750470967","killed_by":"Sentry and Sphere","ascension_level":0,"is_trial":false}