{"gold_per_floor":[115,133,133,145,53,53,79,29,29,29,29,29],"floor_reached":12,"playtime":607,"items_purged":[],"score":122,"play_id":"d4408e3b-385d-415b-84c7-30c1d85feddc","local_time":"20190129024947","is_ascension_mode":true,"campfire_choices":[{"floor":6.0,"key":"REST"}],"neow_cost":"PERCENT_DAMAGE","seed_source_timestamp":1200543349829734,"circlet_count":0,"master_deck":["AscendersBane","Strike_B","Defend_B","Defend_B","Defend_B","Defend_B","Zap+1","Dualcast","Force Field+1","Capacitor","Reprogram","Go for the Eyes","Self Repair","Dark Shackles","Auto Shields"],"special_seed":0,"relics":["Cracked Core","Dodecahedron","Dream Catcher","Regal Pillow"],"potions_floor_usage":[12],"damage_taken":[{"damage":7.0,"enemies":"Jaw Worm","floor":1.0,"turns":4.0},{"damage":1.0,"enemies":"Small Slimes","floor":2.0,"turns":4.0},{"damage":1.0,"enemies":"2 Louse","floor":4.0,"turns":3.0},{"damage":29.0,"enemies":"Lagavulin","floor":7.0,"turns":9.0},{"damage":22,"enemies":"3 Sentries","floor":12,"turns":5}],"seed_played":"6306167203217218317","potions_obtained":[{"floor":2.0,"key":"AttackPotion"},{"floor":7.0,"key":"EssenceOfSteel"}],"is_trial":false,"path_per_floor":["M","M","?","M","$","R","E","?","T","?","$","E"],"character_chosen":"DEFECT","items_purchased":["Dark Shackles"],"campfire_rested":1,"item_purchase_floors":[5],"current_hp_per_floor":[43,42,30,29,29,51,29,29,29,14,14,0],"gold":29,"neow_bonus":"TRANSFORM_TWO_CARDS","is_prod":false,"is_daily":false,"chose_seed":false,"campfire_upgraded":0,"win_rate":0,"timestamp":1548751787,"path_taken":["M","M","?","M","$","R","E","?","T","?","?","E"],"build_version":"2019-01-23","purchased_purges":0,"victory":false,"max_hp_per_floor":[75,75,75,75,75,75,75,75,75,75,75,75],"card_choices":[{"not_picked":["Barrage","Fusion"],"picked":"Reprogram","floor":1.0},{"not_picked":["Steam","Hello World"],"picked":"Go for the Eyes","floor":2.0},{"not_picked":["Tempest","Sweeping Beam"],"picked":"Self Repair","floor":4.0},{"not_picked":["Heatsinks","Rebound"],"picked":"Auto Shields","floor":7.0}],"player_experience":916097,"relics_obtained":[{"floor":7.0,"key":"Dream Catcher"},{"floor":9.0,"key":"Regal Pillow"}],"event_choices":[{"damage_healed":0.0,"max_hp_gain":0.0,"max_hp_loss":0.0,"gold_gain":0.0,"event_name":"Scrap Ooze","player_choice":"Success","floor":3.0,"gold_loss":0.0,"damage_taken":12.0,"relics_obtained":["Dodecahedron"]},{"cards_removed":["Strike_B"],"damage_healed":0.0,"max_hp_gain":0.0,"max_hp_loss":0.0,"gold_gain":0.0,"event_name":"The Cleric","player_choice":"Card Removal","floor":8.0,"gold_loss":50.0,"damage_taken":0.0},{"damage_healed":0.0,"max_hp_gain":0.0,"max_hp_loss":0.0,"gold_gain":0.0,"event_name":"Shining Light","player_choice":"Entered Light","floor":10.0,"gold_loss":0.0,"damage_taken":15.0,"cards_upgraded":["Force Field","Zap"]}],"is_beta":false,"boss_relics":[],"items_purged_floors":[],"is_endless":false,"potions_floor_spawned":[2,7],"killed_by":"3 Sentries","ascension_level":12}