{"gold_per_floor":[117,136,211,225,175,175,194,194,194,194,206,127,180,280,280,376,376,386,401,420,420,162,162,162],"floor_reached":24,"playtime":935,"items_purged":["Defend_B","Strike_B"],"score":186,"play_id":"07e11f8e-dc4a-4dcb-9523-9ac601f6f5fe","local_time":"20181111193807","is_ascension_mode":false,"campfire_choices":[{"data":"Zap","floor":6,"key":"SMITH"},{"data":"Conserve Battery","floor":8,"key":"SMITH"},{"data":"Defragment","floor":15,"key":"SMITH"},{"data":"White Noise","floor":23,"key":"SMITH"}],"neow_cost":"NONE","seed_source_timestamp":29164167209847,"circlet_count":0,"master_deck":["Strike_B","Defend_B","Defend_B","Zap+1","Dualcast","Conserve Battery+1","Capacitor","Defragment+1","FTL","Regret","Leap","Turbo","Creative AI","Skim+1","Glacier","Redo","Self Repair","White Noise+1","Self Repair"],"relics":["Cracked Core","The Courier","Centennial Puzzle","Bronze Scales","Empty Cage","Singing Bowl"],"potions_floor_usage":[2,19],"damage_taken":[{"damage":2,"enemies":"Small Slimes","floor":1,"turns":3},{"damage":0,"enemies":"Cultist","floor":2,"turns":4},{"damage":5,"enemies":"Jaw Worm","floor":4,"turns":4},{"damage":3,"enemies":"3 Louse","floor":7,"turns":4},{"damage":18,"enemies":"Exordium Wildlife","floor":11,"turns":5},{"damage":20,"enemies":"The Guardian","floor":16,"turns":12},{"damage":15,"enemies":"3 Byrds","floor":18,"turns":3},{"damage":42,"enemies":"Shell Parasite","floor":19,"turns":9},{"damage":11,"enemies":"Snake Plant","floor":20,"turns":4},{"damage":7,"enemies":"Centurion and Healer","floor":24,"turns":3}],"seed_played":"-4810696512400388201","potions_obtained":[{"floor":0,"key":"Block Potion"},{"floor":0,"key":"Dexterity Potion"},{"floor":0,"key":"SneckoOil"},{"floor":1,"key":"Dexterity Potion"},{"floor":4,"key":"SteroidPotion"},{"floor":7,"key":"Energy Potion"},{"floor":20,"key":"Block Potion"}],"is_trial":false,"path_per_floor":["M","M","?","M","?","R","M","R","T","?","M","$","T","?","R","B",null,"M","M","M","T","$","R","M"],"character_chosen":"DEFECT","items_purchased":["Turbo","Self Repair","White Noise","Self Repair"],"campfire_rested":0,"item_purchase_floors":[12,22,22,22],"current_hp_per_floor":[73,73,66,61,61,61,58,58,58,58,40,40,40,40,40,20,75,60,18,7,7,7,7,0],"gold":162,"neow_bonus":"THREE_SMALL_POTIONS","is_prod":false,"is_daily":false,"chose_seed":false,"campfire_upgraded":4,"win_rate":0,"timestamp":1541961487,"path_taken":["M","M","?","?","?","R","M","R","T","?","M","?","?","?","R","BOSS","M","M","M","?","$","R","?"],"build_version":"2018-11-08","purchased_purges":2,"victory":false,"max_hp_per_floor":[75,75,75,75,75,75,75,75,75,75,75,75,75,75,75,75,75,75,75,75,75,75,75,75],"card_choices":[{"not_picked":["Beam Cell","Capacitor"],"picked":"Conserve Battery","floor":1},{"not_picked":["Aggregate","Steam Power"],"picked":"Capacitor","floor":2},{"not_picked":["Beam Cell","Hologram"],"picked":"Defragment","floor":4},{"not_picked":["Heatsinks","Sunder"],"picked":"FTL","floor":7},{"not_picked":["Force Field","FTL"],"picked":"Leap","floor":11},{"not_picked":["Meteor Strike","Fission"],"picked":"Creative AI","floor":16},{"not_picked":["Cold Snap+1","Defragment"],"picked":"Skim+1","floor":18},{"not_picked":["Compile Driver+1","Conserve Battery+1"],"picked":"Glacier","floor":19},{"not_picked":["Ball Lightning","Coolheaded"],"picked":"Redo","floor":20}],"player_experience":291748,"relics_obtained":[{"floor":9,"key":"The Courier"},{"floor":13,"key":"Bronze Scales"},{"floor":21,"key":"Singing Bowl"}],"event_choices":[{"damage_healed":0,"gold_gain":75,"player_choice":"Touch","damage_taken":7,"max_hp_gain":0,"max_hp_loss":0,"event_name":"FaceTrader","floor":3,"gold_loss":0},{"cards_removed":["Defend_B"],"damage_healed":0,"gold_gain":0,"player_choice":"Card Removal","damage_taken":0,"max_hp_gain":0,"max_hp_loss":0,"event_name":"The Cleric","floor":5,"gold_loss":50},{"damage_healed":0,"gold_gain":0,"player_choice":"Box","damage_taken":0,"relics_obtained":["Centennial Puzzle"],"max_hp_gain":0,"max_hp_loss":0,"event_name":"Big Fish","floor":10,"gold_loss":0,"cards_obtained":["Regret"]},{"damage_healed":0,"gold_gain":100,"player_choice":"Pray","damage_taken":0,"max_hp_gain":0,"max_hp_loss":0,"event_name":"Golden Shrine","floor":14,"gold_loss":0}],"is_beta":false,"boss_relics":[{"not_picked":["Runic Dome","Runic Pyramid"],"picked":"Empty Cage"}],"items_purged_floors":[12,22],"is_endless":false,"potions_floor_spawned":[1,4,7,18,20],"killed_by":"Centurion and Healer","ascension_level":0}