{"gold_per_floor":[361,361,62,24,24,49,0,0,82,82,101,132,166,187,187,306,306,322,322,98,123,141,141,141],"floor_reached":24,"playtime":703,"items_purged":["Defend_B"],"score":323,"play_id":"ce81ee7e-2c9b-401b-bdbb-9c08c8e465c0","local_time":"20190303200051","is_ascension_mode":true,"campfire_choices":[{"floor":10,"key":"REST"},{"data":"Ball Lightning","floor":15,"key":"SMITH"},{"data":"FTL","floor":23,"key":"SMITH"}],"neow_cost":"TEN_PERCENT_HP_LOSS","seed_source_timestamp":19926601227559,"circlet_count":0,"master_deck":["AscendersBane","Strike_B","Strike_B","Strike_B","Defend_B","Defend_B","Defend_B","Zap","Dualcast+1","Compile Driver","FTL+1","Machine Learning","Ball Lightning","Ball Lightning+1","Core Surge","Sweeping Beam","Beam Cell","Creative AI+1","Scrape","Rip and Tear","Sunder+1"],"relics":["Cracked Core","Shuriken","Calipers","Golden Idol","Meat on the Bone","Darkstone Periapt","Odd Mushroom","Cursed Key","Pen Nib"],"potions_floor_usage":[6,16,16],"damage_taken":[{"damage":0,"enemies":"Small Slimes","floor":1,"turns":3},{"damage":35,"enemies":"3 Sentries","floor":6,"turns":6},{"damage":0,"enemies":"2 Louse","floor":11,"turns":2},{"damage":10,"enemies":"Gremlin Nob","floor":12,"turns":3},{"damage":26,"enemies":"The Mushroom Lair","floor":13,"turns":3},{"damage":0,"enemies":"Cultist","floor":14,"turns":2},{"damage":28,"enemies":"The Guardian","floor":16,"turns":9},{"damage":12,"enemies":"Chosen","floor":18,"turns":3},{"damage":4,"enemies":"3 Byrds","floor":21,"turns":4},{"damage":25,"enemies":"Shelled Parasite and Fungi","floor":22,"turns":4},{"damage":27,"enemies":"Colosseum Slavers","floor":24,"turns":1}],"seed_played":"4719210531982648497","potions_obtained":[{"floor":1,"key":"LiquidBronze"},{"floor":13,"key":"Strength Potion"},{"floor":14,"key":"Weak Potion"},{"floor":21,"key":"SteroidPotion"}],"is_trial":false,"path_per_floor":["M","?","$","?","?","E","$","?","T","R","M","E","?","M","R","B",null,"M","?","$","M","M","R","?"],"character_chosen":"DEFECT","items_purchased":["Shuriken","FTL","Ball Lightning","Pen Nib"],"campfire_rested":1,"item_purchase_floors":[3,3,7,20],"current_hp_per_floor":[68,54,54,54,47,12,12,12,12,30,42,32,18,30,30,14,51,39,39,39,35,22,22,0],"gold":141,"neow_bonus":"TWO_FIFTY_GOLD","is_prod":false,"is_daily":false,"chose_seed":false,"campfire_upgraded":2,"win_rate":0,"timestamp":1551639651,"path_taken":["M","?","$","?","?","E","$","?","T","R","M","E","?","M","R","BOSS","M","?","$","?","M","R","?"],"build_version":"2019-01-23","purchased_purges":1,"victory":false,"max_hp_per_floor":[68,68,68,68,68,68,68,63,63,63,63,63,63,63,63,63,63,63,63,63,63,63,63,63],"card_choices":[{"not_picked":["Capacitor","Undo"],"picked":"Compile Driver","floor":1},{"not_picked":["Coolheaded","Steam"],"picked":"Machine Learning","floor":6},{"not_picked":["Beam Cell","Force Field"],"picked":"Ball Lightning","floor":11},{"not_picked":["Defragment","Auto Shields"],"picked":"Core Surge","floor":12},{"not_picked":["Reinforced Body","Static Discharge"],"picked":"Sweeping Beam","floor":13},{"not_picked":["Hologram","Static Discharge"],"picked":"Beam Cell","floor":14},{"not_picked":["Core Surge","Amplify"],"picked":"Creative AI","floor":16},{"not_picked":["Sweeping Beam","Force Field"],"picked":"Scrape","floor":18},{"not_picked":["Beam Cell","Hello World"],"picked":"Rip and Tear","floor":21},{"not_picked":["Cold Snap","Go for the Eyes"],"picked":"Sunder+1","floor":22}],"player_experience":837254,"relics_obtained":[{"floor":6,"key":"Calipers"},{"floor":9,"key":"Meat on the Bone"},{"floor":12,"key":"Darkstone Periapt"},{"floor":13,"key":"Odd Mushroom"}],"event_choices":[{"damage_healed":0,"gold_gain":0,"player_choice":"Entered Light","damage_taken":14,"max_hp_gain":0,"max_hp_loss":0,"event_name":"Shining Light","floor":2,"gold_loss":0,"cards_upgraded":["Strike_B","Dualcast"]},{"damage_healed":0,"gold_gain":0,"player_choice":"Left Gold","damage_taken":0,"max_hp_gain":0,"max_hp_loss":0,"event_name":"World of Goop","floor":4,"gold_loss":38},{"cards_removed":["Strike_B"],"damage_healed":0,"gold_gain":0,"player_choice":"Card Removal","damage_taken":7,"max_hp_gain":0,"max_hp_loss":0,"event_name":"Golden Wing","floor":5,"gold_loss":0},{"damage_healed":0,"gold_gain":0,"player_choice":"Lose Max HP","damage_taken":0,"relics_obtained":["Golden Idol"],"max_hp_gain":0,"max_hp_loss":5,"event_name":"Golden Idol","floor":8,"gold_loss":0},{"damage_healed":0,"gold_gain":0,"player_choice":"Fought Mushrooms","damage_taken":0,"max_hp_gain":0,"max_hp_loss":0,"event_name":"Mushrooms","floor":13,"gold_loss":0},{"damage_healed":0,"gold_gain":0,"player_choice":"Forge","damage_taken":0,"max_hp_gain":0,"max_hp_loss":0,"event_name":"Accursed Blacksmith","floor":19,"gold_loss":0,"cards_upgraded":["Creative AI"]},{"damage_healed":0,"gold_gain":0,"player_choice":"Fight","damage_taken":0,"max_hp_gain":0,"max_hp_loss":0,"event_name":"Colosseum","floor":24,"gold_loss":0}],"is_beta":false,"boss_relics":[{"not_picked":["White Beast Statue","Orrery"],"picked":"Cursed Key"}],"items_purged_floors":[20],"is_endless":false,"potions_floor_spawned":[1,13,14,21],"killed_by":"Colosseum Slavers","ascension_level":12}