{"gold_per_floor":[112,131,145,220,230,255,272,272,319,319,319,319,20,20,20,145,145,145,145,145,63,78,78,78],"floor_reached":24,"playtime":923,"items_purged":["Strike_G"],"score":306,"play_id":"43aeb275-bd6e-45fe-b2d2-2d84c72a6a29","local_time":"20190119104657","is_ascension_mode":true,"campfire_choices":[{"data":"Neutralize","floor":8,"key":"SMITH"},{"data":"Bouncing Flask","floor":10,"key":"SMITH"},{"data":"Adrenaline","floor":15,"key":"SMITH"},{"data":"After Image","floor":23,"key":"SMITH"}],"neow_cost":"NONE","seed_source_timestamp":668951962797226,"circlet_count":0,"master_deck":["Defend_G","Defend_G","Defend_G","Defend_G","Defend_G","Survivor","Neutralize+1","Bouncing Flask+1","Catalyst","Terror","Deflect","Backflip","Flying Knee","Adrenaline+1","After Image+1","Bite","Bite","Bite","Bite","Bite","Footwork","Noxious Fumes","Deflect+1"],"relics":["Ring of the Snake","Potion Belt","Juzu Bracelet","Golden Idol","Lantern","The Courier","Sozu"],"potions_floor_usage":[1,3,6,6,7,18,18],"damage_taken":[{"damage":0,"enemies":"Jaw Worm","floor":1,"turns":7},{"damage":0,"enemies":"Cultist","floor":2,"turns":3},{"damage":1,"enemies":"Small Slimes","floor":3,"turns":4},{"damage":5,"enemies":"2 Fungi Beasts","floor":5,"turns":6},{"damage":13,"enemies":"Gremlin Nob","floor":6,"turns":4},{"damage":1,"enemies":"3 Louse","floor":7,"turns":5},{"damage":30,"enemies":"Hexaghost","floor":16,"turns":8},{"damage":0,"enemies":"2 Thieves","floor":18,"turns":1},{"damage":0,"enemies":"Shell Parasite","floor":22,"turns":4},{"damage":77,"enemies":"Gremlin Leader","floor":24,"turns":9}],"seed_played":"-4219585331033622877","potions_obtained":[{"floor":0,"key":"SmokeBomb"},{"floor":0,"key":"Dexterity Potion"},{"floor":0,"key":"Regen Potion"},{"floor":1,"key":"Weak Potion"},{"floor":3,"key":"Weak Potion"},{"floor":6,"key":"PowerPotion"},{"floor":7,"key":"Energy Potion"}],"is_trial":false,"path_per_floor":["M","M","M","?","M","E","M","R","T","R","?","?","$","?","R","B",null,"M","?","?","$","M","R","E"],"character_chosen":"THE_SILENT","items_purchased":["Adrenaline","Lantern","Footwork","Noxious Fumes"],"campfire_rested":0,"item_purchase_floors":[13,13,21,21],"current_hp_per_floor":[63,63,62,55,50,46,45,45,45,45,68,65,65,53,53,23,55,55,45,45,45,45,45,0],"gold":78,"neow_bonus":"THREE_SMALL_POTIONS","is_prod":false,"is_daily":false,"chose_seed":false,"campfire_upgraded":4,"win_rate":0,"timestamp":1547891217,"path_taken":["M","M","M","?","M","E","M","R","T","R","?","?","$","?","R","BOSS","M","?","?","$","M","R","E"],"build_version":"2019-01-17v2","purchased_purges":1,"victory":false,"max_hp_per_floor":[70,70,70,70,70,70,70,70,70,70,70,65,65,65,65,65,65,65,45,45,45,45,45,45],"card_choices":[{"not_picked":["Outmaneuver","Predator"],"picked":"Bouncing Flask","floor":1},{"not_picked":["Crippling Poison","Dodge and Roll"],"picked":"Catalyst","floor":2},{"not_picked":["Slice","All Out Attack"],"picked":"Terror","floor":3},{"not_picked":["Poisoned Stab","Dagger Spray"],"picked":"Deflect","floor":5},{"not_picked":["Slice","Outmaneuver"],"picked":"Backflip","floor":6},{"not_picked":["Infinite Blades","Venomology"],"picked":"Flying Knee","floor":7},{"not_picked":["Bullet Time","Glass Knife"],"picked":"After Image","floor":16},{"not_picked":["Skewer","Slice"],"picked":"Deflect+1","floor":22}],"player_experience":533198,"relics_obtained":[{"floor":6,"key":"Potion Belt"},{"floor":9,"key":"Juzu Bracelet"}],"event_choices":[{"damage_healed":0,"gold_gain":75,"player_choice":"Touch","damage_taken":7,"max_hp_gain":0,"max_hp_loss":0,"event_name":"FaceTrader","floor":4,"gold_loss":0},{"damage_healed":23,"gold_gain":0,"player_choice":"Banana","damage_taken":0,"max_hp_gain":0,"max_hp_loss":0,"event_name":"Big Fish","floor":11,"gold_loss":0},{"damage_healed":0,"gold_gain":0,"player_choice":"Lose Max HP","damage_taken":0,"relics_obtained":["Golden Idol"],"max_hp_gain":0,"max_hp_loss":5,"event_name":"Golden Idol","floor":12,"gold_loss":0},{"damage_healed":0,"gold_gain":0,"player_choice":"Success","damage_taken":12,"relics_obtained":["The Courier"],"max_hp_gain":0,"max_hp_loss":0,"event_name":"Scrap Ooze","floor":14,"gold_loss":0},{"damage_healed":0,"gold_gain":0,"player_choice":"Became a vampire","damage_taken":0,"max_hp_gain":0,"max_hp_loss":20,"event_name":"Vampires","floor":19,"gold_loss":0,"cards_obtained":["Bite","Bite","Bite","Bite","Bite"]},{"damage_healed":0,"gold_gain":0,"player_choice":"Ignored","damage_taken":0,"max_hp_gain":0,"max_hp_loss":0,"event_name":"The Mausoleum","floor":20,"gold_loss":0}],"is_beta":false,"boss_relics":[{"not_picked":["Empty Cage","Pandora\u0027s Box"],"picked":"Sozu"}],"items_purged_floors":[13],"is_endless":false,"potions_floor_spawned":[1,3,6,7,18],"killed_by":"Gremlin Leader","ascension_level":9}