{"gold_per_floor":[116,133,133,133,83,83,107,107,175,196,196,196,229,229,229,229],"floor_reached":16,"playtime":657,"items_purged":[],"score":88,"play_id":"58920964-a4a5-4dde-b071-0b0b271127a5","local_time":"20180725165414","is_ascension_mode":false,"campfire_choices":[{"data":"Backflip","floor":6,"key":"SMITH"},{"data":"Outmaneuver","floor":8,"key":"SMITH"},{"data":"Acrobatics","floor":11,"key":"SMITH"},{"floor":15,"key":"REST"}],"neow_cost":"NONE","seed_source_timestamp":1035438775226206,"circlet_count":0,"master_deck":["Defend_G","Defend_G","Defend_G","Strike_G","Strike_G","Strike_G","Strike_G","Strike_G","Survivor","Neutralize+1","Dagger Spray","Backflip+1","Outmaneuver+1","Acrobatics+1","Flying Knee"],"relics":["Ring of the Snake","Centennial Puzzle","Golden Idol","Smiling Mask","Odd Mushroom"],"potions_floor_usage":[13,13],"damage_taken":[{"damage":0,"enemies":"Cultist","floor":1,"turns":5},{"damage":0,"enemies":"Small Slimes","floor":2,"turns":3},{"damage":0,"enemies":"Jaw Worm","floor":7,"turns":4},{"damage":0,"enemies":"Gremlin Gang","floor":10,"turns":6},{"damage":7,"floor":13,"turns":6},{"damage":69,"enemies":"Hexaghost","floor":16,"turns":14}],"seed_played":"-6889032223819678227","potions_obtained":[{"floor":1,"key":"PowerPotion"},{"floor":7,"key":"Weak Potion"}],"is_trial":false,"path_per_floor":["M","M","?","?","?","R","M","R","T","M","R","?","?","?","R"],"character_chosen":"THE_SILENT","items_purchased":[],"campfire_rested":1,"item_purchase_floors":[],"current_hp_per_floor":[70,70,67,50,50,50,50,50,50,50,50,50,43,43,64,0],"gold":229,"neow_bonus":"UPGRADE_CARD","is_prod":false,"is_daily":false,"chose_seed":false,"campfire_upgraded":3,"win_rate":0.0,"timestamp":1532530454,"path_taken":["M","M","?","?","?","R","?","R","T","M","R","?","?","?","R","BOSS"],"build_version":"2018-07-19v2","purchased_purges":0,"victory":false,"max_hp_per_floor":[70,70,70,70,70,70,70,70,70,70,70,70,70,70,70,70],"card_choices":[{"not_picked":["Heel Hook","Crippling Poison"],"picked":"Dagger Spray","floor":1},{"not_picked":["Outmaneuver","Deadly Poison"],"picked":"Backflip","floor":2},{"not_picked":["Dodge and Roll","Unload"],"picked":"Outmaneuver","floor":7},{"not_picked":["Tactician","Blade Dance"],"picked":"Acrobatics","floor":10},{"not_picked":["Deadly Poison","Backstab"],"picked":"Flying Knee","floor":13}],"player_experience":22036,"relics_obtained":[{"floor":9,"key":"Smiling Mask"},{"floor":13,"key":"Odd Mushroom"}],"event_choices":[{"event_name":"Scrap Ooze","player_choice":"success","floor":3,"damage_taken":3},{"event_name":"Golden Idol","player_choice":"Take Damage","floor":4,"damage_taken":0},{"event_name":"The Cleric","player_choice":"Card Removal","floor":5,"damage_taken":0},{"event_name":"Bonfire Elementals","player_choice":"BASIC","floor":12,"damage_taken":0},{"event_name":"Mushrooms","player_choice":"Fought Mushrooms","floor":13,"damage_taken":0},{"event_name":"Liars Game","player_choice":"disagreed","floor":14,"damage_taken":0}],"is_beta":false,"boss_relics":[],"items_purged_floors":[],"is_endless":false,"potions_floor_spawned":[1,7],"killed_by":"Hexaghost","ascension_level":0}