{"gold_per_floor":[114,129,144,144,12,42,72,72,72,72,72,87,102,152,152,252,252,267,192,207,207,237,237,68,68,68,83,8,8,23,38,38,138,138,153,153,53,53,68,68,68,68,68,68,83,83,113,143,143,143],"floor_reached":51,"playtime":2437,"items_purged":["Normality","Normality"],"score":931,"play_id":"caa1d8c4-fe99-4def-b71b-66eb3a479be5","local_time":"20190303195429","daily_mods":["Cursed Run","Flight","DeadlyEvents"],"is_ascension_mode":false,"campfire_choices":[{"floor":8,"key":"REST"},{"data":"Zap","floor":11,"key":"SMITH"},{"data":"Static Discharge","floor":15,"key":"SMITH"},{"data":"Electrodynamics","floor":23,"key":"SMITH"},{"data":"Apotheosis","floor":25,"key":"SMITH"},{"data":"Dualcast","floor":29,"key":"SMITH"},{"data":"Loop","floor":32,"key":"SMITH"},{"data":"Electrodynamics","floor":40,"key":"SMITH"},{"data":"Cold Snap","floor":41,"key":"SMITH"},{"data":"1","floor":42,"key":"LIFT"},{"data":"2","floor":44,"key":"LIFT"},{"data":"3","floor":46,"key":"LIFT"},{"floor":49,"key":"REST"}],"neow_cost":"","seed_source_timestamp":0,"circlet_count":0,"master_deck":["Strike_B","Strike_B","Strike_B","Strike_B","Defend_B","Defend_B","Defend_B","Defend_B","Zap+1","Dualcast+1","Cold Snap+1","Undo","Chill","Static Discharge+1","Coolheaded","Conserve Battery","Coolheaded","Injury","Ball Lightning","Conserve Battery","Regret","Parasite","Electrodynamics+1","Decay","Doubt","Cold Snap+1","Ball Lightning","Apotheosis+1","Loop+1","Electrodynamics+1","Leap+1","Chaos+1","Chaos+1","BootSequence+1","Purity+1","Regret","Conserve Battery+1","Reboot+1","Pain"],"special_seed":17958,"relics":["Cursed Key","Darkstone Periapt","Du-Vu Doll","Question Card","Bag of Preparation","Pear","Bottled Flame","Potion Belt","Calling Bell","Happy Flower","Mercury Hourglass","Girya","Pantograph","Toxic Egg 2","Orrery","Oddly Smooth Stone","Pen Nib","Molten Egg 2"],"potions_floor_usage":[7,20,48,50,50,50,50],"damage_taken":[{"damage":5,"enemies":"Cultist","floor":1,"turns":4},{"damage":0,"enemies":"2 Louse","floor":2,"turns":4},{"damage":0,"enemies":"Small Slimes","floor":3,"turns":3},{"damage":2,"enemies":"3 Sentries","floor":6,"turns":11},{"damage":43,"enemies":"Gremlin Nob","floor":7,"turns":5},{"damage":0,"enemies":"Red Slaver","floor":12,"turns":5},{"damage":5,"enemies":"2 Fungi Beasts","floor":13,"turns":3},{"damage":12,"enemies":"The Guardian","floor":16,"turns":12},{"damage":11,"enemies":"Shell Parasite","floor":18,"turns":5},{"damage":2,"enemies":"2 Thieves","floor":20,"turns":4},{"damage":32,"enemies":"Slavers","floor":22,"turns":4},{"damage":0,"enemies":"3 Cultists","floor":27,"turns":4},{"damage":8,"enemies":"Snake Plant","floor":30,"turns":4},{"damage":1,"enemies":"Snecko","floor":31,"turns":3},{"damage":49,"enemies":"Automaton","floor":33,"turns":9},{"damage":0,"enemies":"3 Shapes","floor":35,"turns":3},{"damage":10,"enemies":"3 Darklings","floor":39,"turns":4},{"damage":0,"enemies":"4 Shapes","floor":45,"turns":2},{"damage":39,"enemies":"Reptomancer","floor":47,"turns":5},{"damage":13,"enemies":"Nemesis","floor":48,"turns":7},{"damage":22,"enemies":"Time Eater","floor":50,"turns":9}],"seed_played":"-270384257363861475","potions_obtained":[{"floor":3,"key":"Dexterity Potion"},{"floor":6,"key":"Energy Potion"},{"floor":13,"key":"FairyPotion"},{"floor":16,"key":"Explosive Potion"},{"floor":22,"key":"Ancient Potion"},{"floor":27,"key":"Weak Potion"},{"floor":31,"key":"Regen Potion"},{"floor":33,"key":"Swift Potion"},{"floor":35,"key":"FocusPotion"},{"floor":48,"key":"SteroidPotion"}],"is_trial":false,"path_per_floor":["M","M","M","?","$","E","E","R","T","$","R","M","M","T","R","B",null,"M","?","M","?","E","R","$","R","T","M","$","R","M","M","R","B",null,"M","?","$","?","M","R","R","R","T","R","M","R","E","E","R","B",null],"character_chosen":"DEFECT","items_purchased":["Static Discharge","Coolheaded","Apotheosis"],"campfire_rested":2,"item_purchase_floors":[5,5,24],"current_hp_per_floor":[70,70,70,70,70,68,35,60,66,66,66,66,61,67,67,61,121,110,110,108,108,76,76,76,76,82,82,82,82,74,73,73,55,133,133,133,133,133,123,123,123,123,129,129,129,129,90,77,118,135],"gold":143,"neow_bonus":"","is_prod":false,"is_daily":true,"chose_seed":false,"campfire_upgraded":8,"win_rate":0.0,"timestamp":1551642869,"path_taken":["M","?","M","?","$","E","?","R","T","?","R","M","M","?","R","BOSS","M","?","M","?","?","R","$","R","T","M","$","R","M","?","R","BOSS","M","?","$","?","?","R","R","R","T","R","?","R","?","?","R","BOSS"],"build_version":"2019-01-23","purchased_purges":2,"victory":true,"max_hp_per_floor":[75,75,75,75,75,75,85,85,91,91,91,91,91,97,97,103,121,121,121,121,121,121,121,121,121,127,127,127,127,127,127,127,133,133,133,133,133,133,133,133,133,133,139,139,139,139,139,139,139,145],"card_choices":[{"not_picked":["Rebound","Hologram"],"picked":"Cold Snap","floor":1},{"not_picked":["Streamline","Ball Lightning"],"picked":"Undo","floor":2},{"not_picked":["Steam","Sweeping Beam"],"picked":"Chill","floor":3},{"not_picked":["Consume","Reprogram","Fission"],"picked":"Conserve Battery","floor":6},{"not_picked":["Rebound","Beam Cell","Gash"],"picked":"Coolheaded","floor":7},{"not_picked":["Sweeping Beam","Reinforced Body","Rebound"],"picked":"Ball Lightning","floor":12},{"not_picked":["Redo","Gash","Reinforced Body"],"picked":"Conserve Battery","floor":13},{"not_picked":["All For One","Amplify","Creative AI"],"picked":"Electrodynamics","floor":16},{"not_picked":["Compile Driver","Streamline","Stack","Sweeping Beam"],"picked":"SKIP","floor":18},{"not_picked":["Blizzard","Sweeping Beam+1","Auto Shields+1"],"picked":"Cold Snap+1","floor":20},{"not_picked":["Coolheaded","Streamline","Steam+1"],"picked":"Ball Lightning","floor":22},{"not_picked":["Coolheaded+1","Ball Lightning","Consume+1"],"picked":"Loop","floor":27},{"not_picked":["Scrape","Turbo+1","Streamline","Redo+1"],"picked":"SKIP","floor":30},{"not_picked":["Darkness+1","Stack+1","FTL","Self Repair"],"picked":"SKIP","floor":31},{"not_picked":["Biased Cognition","All For One","Meteor Strike"],"picked":"Electrodynamics","floor":33},{"not_picked":["Go for the Eyes","Darkness+1","Blizzard+1"],"picked":"Leap+1","floor":34},{"not_picked":["Compile Driver","Gash","Skim+1"],"picked":"Chaos+1","floor":34},{"not_picked":["Genetic Algorithm+1","Ball Lightning","Hologram+1"],"picked":"Chaos+1","floor":34},{"not_picked":["Skim+1","Cold Snap+1","Turbo+1"],"picked":"BootSequence+1","floor":35},{"not_picked":["Finesse+1","Jack Of All Trades+1","Bandage Up+1"],"picked":"Purity+1","floor":38},{"not_picked":["Aggregate+1","Blizzard+1","Rebound","Rip and Tear+1"],"picked":"SKIP","floor":39},{"not_picked":["Leap+1","Heatsinks","Go for the Eyes"],"picked":"Conserve Battery+1","floor":45},{"not_picked":["Gash","Fusion+1","Go for the Eyes","Ball Lightning"],"picked":"SKIP","floor":47},{"not_picked":["Aggregate+1","Barrage+1","Static Discharge"],"picked":"Reboot+1","floor":48}],"player_experience":53764,"relics_obtained":[{"floor":6,"key":"Bag of Preparation"},{"floor":7,"key":"Pear"},{"floor":9,"key":"Bottled Flame"},{"floor":14,"key":"Potion Belt"},{"floor":17,"key":"Happy Flower"},{"floor":17,"key":"Mercury Hourglass"},{"floor":17,"key":"Girya"},{"floor":22,"key":"Pantograph"},{"floor":26,"key":"Toxic Egg 2"},{"floor":43,"key":"Oddly Smooth Stone"},{"floor":47,"key":"Pen Nib"},{"floor":48,"key":"Molten Egg 2"}],"event_choices":[{"damage_healed":0,"gold_gain":0,"player_choice":"Gave Potion","damage_taken":0,"relics_obtained":["Question Card"],"max_hp_gain":0,"max_hp_loss":0,"event_name":"WeMeetAgain","floor":4,"gold_loss":0},{"cards_removed":["Pain"],"damage_healed":0,"gold_gain":0,"player_choice":"Gave Gold","damage_taken":0,"max_hp_gain":0,"max_hp_loss":0,"event_name":"Beggar","floor":19,"gold_loss":75},{"damage_healed":0,"gold_gain":0,"player_choice":"Leave","damage_taken":0,"max_hp_gain":0,"max_hp_loss":0,"event_name":"FaceTrader","floor":21,"gold_loss":0},{"damage_healed":0,"gold_gain":0,"player_choice":"Ignored","damage_taken":0,"max_hp_gain":0,"max_hp_loss":0,"event_name":"Mysterious Sphere","floor":36,"gold_loss":0},{"damage_healed":0,"gold_gain":0,"player_choice":"Memory 1","damage_taken":0,"max_hp_gain":0,"max_hp_loss":0,"event_name":"SensoryStone","floor":38,"gold_loss":0}],"is_beta":false,"boss_relics":[{"not_picked":["Ectoplasm","Lizard Tail"],"picked":"Calling Bell"},{"not_picked":["Philosopher\u0027s Stone","Pandora\u0027s Box"],"picked":"Orrery"}],"items_purged_floors":[28,37],"is_endless":false,"potions_floor_spawned":[3,6,13,16,22,27,31,33,35,48],"ascension_level":0}