{"gold_per_floor":[109,120,135,153,173,173,201,201,201,218,218,228,47,47,47,47],"floor_reached":16,"playtime":804,"items_purged":["Strike_B"],"score":203,"play_id":"93f401fe-618d-44c8-9eab-51843aaa2c40","local_time":"20190301224657","is_ascension_mode":true,"campfire_choices":[{"data":"Zap","floor":6,"key":"SMITH"},{"data":"Sunder","floor":8,"key":"SMITH"},{"data":"Thunder Strike","floor":11,"key":"SMITH"},{"floor":15,"key":"REST"}],"neow_cost":"NONE","seed_source_timestamp":439154345254700,"circlet_count":0,"master_deck":["AscendersBane","Strike_B","Strike_B","Strike_B","Defend_B","Defend_B","Defend_B","Defend_B","Zap+1","Dualcast","Sunder+1","Melter","Gash","Cold Snap","Thunder Strike+1","Glacier","Ball Lightning","All For One"],"relics":["Cracked Core","NeowsBlessing","Oddly Smooth Stone","The Courier"],"potions_floor_usage":[5,7,16],"damage_taken":[{"damage":0,"enemies":"Cultist","floor":1,"turns":1},{"damage":0,"enemies":"2 Louse","floor":2,"turns":1},{"damage":0,"enemies":"Jaw Worm","floor":3,"turns":1},{"damage":3,"enemies":"Large Slime","floor":4,"turns":4},{"damage":4,"enemies":"Red Slaver","floor":5,"turns":3},{"damage":22,"enemies":"3 Sentries","floor":7,"turns":7},{"damage":6,"enemies":"Lots of Slimes","floor":10,"turns":3},{"damage":0,"enemies":"2 Fungi Beasts","floor":12,"turns":3},{"damage":57,"enemies":"Hexaghost","floor":16,"turns":10}],"seed_played":"-8644271242233144873","potions_obtained":[{"floor":1,"key":"Energy Potion"},{"floor":4,"key":"SkillPotion"},{"floor":5,"key":"SkillPotion"},{"floor":7,"key":"Weak Potion"}],"is_trial":false,"path_per_floor":["M","M","M","M","M","R","E","R","T","M","R","M","$","?","R","B"],"character_chosen":"DEFECT","items_purchased":["All For One"],"campfire_rested":1,"item_purchase_floors":[13],"current_hp_per_floor":[64,64,64,61,57,57,35,35,35,29,29,29,29,29,50,0],"gold":47,"neow_bonus":"THREE_ENEMY_KILL","is_prod":false,"is_daily":false,"chose_seed":false,"campfire_upgraded":3,"win_rate":0,"timestamp":1551498417,"path_taken":["M","?","M","?","M","R","E","R","T","M","R","M","$","?","R","BOSS"],"build_version":"2019-01-23","purchased_purges":1,"victory":false,"max_hp_per_floor":[71,71,71,71,71,71,71,71,71,71,71,71,71,71,71,71],"card_choices":[{"not_picked":["Turbo","Leap"],"picked":"Sunder","floor":1},{"not_picked":["Double Energy","Capacitor"],"picked":"Melter","floor":2},{"not_picked":["Fusion","Coolheaded"],"picked":"Gash","floor":3},{"not_picked":["Beam Cell","Aggregate"],"picked":"Cold Snap","floor":4},{"not_picked":["Barrage","Compile Driver","Skim"],"picked":"SKIP","floor":5},{"not_picked":["Stack","Streamline"],"picked":"Thunder Strike","floor":7},{"not_picked":["Compile Driver","Undo"],"picked":"Glacier","floor":10},{"not_picked":["Hello World","Rip and Tear"],"picked":"Ball Lightning","floor":12}],"player_experience":1276663,"relics_obtained":[{"floor":7,"key":"Oddly Smooth Stone"},{"floor":9,"key":"The Courier"}],"event_choices":[{"damage_healed":0,"gold_gain":0,"player_choice":"Ignored","damage_taken":0,"max_hp_gain":0,"max_hp_loss":0,"event_name":"Shining Light","floor":14,"gold_loss":0}],"is_beta":false,"boss_relics":[],"items_purged_floors":[13],"is_endless":false,"potions_floor_spawned":[1,4,5,7],"killed_by":"Hexaghost","ascension_level":19}