{"gold_per_floor":[114,114,133,149,149,149,182,182,182,145,158,176,176,196,196,196],"floor_reached":16,"playtime":619,"items_purged":[],"score":112,"play_id":"7f63af73-88fe-4925-aee8-74d7cc0c7e25","local_time":"20181222225549","is_ascension_mode":true,"campfire_choices":[{"data":"Metallicize","floor":6,"key":"SMITH"},{"data":"Bash","floor":8,"key":"SMITH"},{"data":"Shrug It Off","floor":13,"key":"SMITH"},{"floor":15,"key":"REST"}],"neow_cost":"NONE","seed_source_timestamp":4298700414304,"circlet_count":0,"master_deck":["Strike_R","Strike_R","Strike_R","Strike_R+1","Defend_R","Defend_R","Defend_R","Defend_R","Bash+1","Pommel Strike","Battle Trance+1","Metallicize+1","Cleave","Shrug It Off+1","Inflame"],"relics":["Burning Blood","Du-Vu Doll","Ice Cream"],"potions_floor_usage":[7,7,12],"damage_taken":[{"damage":16,"enemies":"Small Slimes","floor":1,"turns":4},{"damage":7,"enemies":"2 Louse","floor":3,"turns":4},{"damage":2,"enemies":"Jaw Worm","floor":4,"turns":5},{"damage":17,"enemies":"3 Sentries","floor":7,"turns":11},{"damage":2,"enemies":"2 Fungi Beasts","floor":11,"turns":4},{"damage":15,"enemies":"Lots of Slimes","floor":12,"turns":4},{"damage":10,"enemies":"3 Louse","floor":14,"turns":4},{"damage":68,"enemies":"Slime Boss","floor":16,"turns":11}],"seed_played":"8554925058008574726","potions_obtained":[{"floor":1,"key":"EssenceOfSteel"},{"floor":3,"key":"FearPotion"},{"floor":11,"key":"Energy Potion"}],"is_trial":false,"path_per_floor":["M","?","M","M","?","R","E","R","T","?","M","M","R","M","R","B"],"character_chosen":"IRONCLAD","items_purchased":[],"campfire_rested":1,"item_purchase_floors":[],"current_hp_per_floor":[70,70,69,73,57,57,46,46,46,46,50,41,41,37,61,0],"gold":196,"neow_bonus":"REMOVE_CARD","is_prod":false,"is_daily":false,"chose_seed":false,"campfire_upgraded":3,"win_rate":0,"timestamp":1545515749,"path_taken":["M","?","M","M","?","R","E","R","T","?","M","M","R","M","R","BOSS"],"build_version":"2018-12-20","purchased_purges":0,"victory":false,"max_hp_per_floor":[80,80,80,80,80,80,80,80,80,80,80,80,80,80,80,80],"card_choices":[{"not_picked":["Combust","Evolve"],"picked":"Pommel Strike","floor":1},{"not_picked":["Pommel Strike","Sever Soul"],"picked":"Battle Trance","floor":3},{"not_picked":["Flex","Wild Strike"],"picked":"Metallicize","floor":4},{"not_picked":["Power Through","Pommel Strike"],"picked":"Cleave","floor":7},{"not_picked":["Warcry","Perfected Strike","Rampage"],"picked":"SKIP","floor":11},{"not_picked":["Fire Breathing","Thunderclap"],"picked":"Shrug It Off","floor":12},{"not_picked":["Headbutt","Reckless Charge"],"picked":"Inflame","floor":14}],"player_experience":437605,"relics_obtained":[{"floor":7,"key":"Du-Vu Doll"},{"floor":9,"key":"Ice Cream"}],"event_choices":[{"damage_healed":0,"gold_gain":0,"player_choice":"Ignored","damage_taken":0,"max_hp_gain":0,"max_hp_loss":0,"event_name":"Liars Game","floor":2,"gold_loss":0},{"damage_healed":0,"gold_gain":0,"player_choice":"Entered Light","damage_taken":16,"max_hp_gain":0,"max_hp_loss":0,"event_name":"Shining Light","floor":5,"gold_loss":0,"cards_upgraded":["Battle Trance","Strike_R"]},{"damage_healed":0,"gold_gain":0,"player_choice":"Left Gold","damage_taken":0,"max_hp_gain":0,"max_hp_loss":0,"event_name":"World of Goop","floor":10,"gold_loss":37}],"is_beta":false,"boss_relics":[],"items_purged_floors":[],"is_endless":false,"potions_floor_spawned":[1,3,11],"killed_by":"Slime Boss","ascension_level":2}