{"gold_per_floor":[14,29,45,63,73,73,36,66,89,89,106,131,131,142,142,219,219,236,236,271,288,299,299,299],"floor_reached":24,"playtime":2565,"items_purged":[],"score":368,"play_id":"d36e9b61-279e-4b96-a755-3df8213ba220","local_time":"20190210145903","is_ascension_mode":true,"campfire_choices":[{"data":"Flame Barrier","floor":6.0,"key":"SMITH"},{"data":"Offering","floor":10.0,"key":"SMITH"},{"floor":15.0,"key":"REST"},{"floor":23,"key":"REST"}],"neow_cost":"NO_GOLD","seed_source_timestamp":0,"circlet_count":0,"master_deck":["AscendersBane","Strike_R","Strike_R","Strike_R","Strike_R","Strike_R","Defend_R","Defend_R","Defend_R","Defend_R","Bash","Cleave+1","Flame Barrier+1","Iron Wave","Uppercut+1","Offering+1","Thunderclap","Limit Break","True Grit","Dark Embrace","Pummel","Shrug It Off+1","Armaments"],"special_seed":0,"relics":["Burning Blood","Shuriken","Whetstone","Potion Belt","Mark of Pain","Red Mask"],"potions_floor_usage":[],"damage_taken":[{"damage":9.0,"enemies":"2 Louse","floor":1.0,"turns":3.0},{"damage":1.0,"enemies":"Cultist","floor":2.0,"turns":3.0},{"damage":12.0,"enemies":"Jaw Worm","floor":3.0,"turns":2.0},{"damage":7.0,"enemies":"Blue Slaver","floor":4.0,"turns":6.0},{"damage":11.0,"enemies":"2 Fungi Beasts","floor":5.0,"turns":4.0},{"damage":22.0,"enemies":"Gremlin Nob","floor":8.0,"turns":4.0},{"damage":17.0,"enemies":"Gremlin Gang","floor":11.0,"turns":3.0},{"damage":16.0,"enemies":"3 Sentries","floor":12.0,"turns":4.0},{"damage":7.0,"enemies":"Looter","floor":14.0,"turns":2.0},{"damage":48.0,"enemies":"Slime Boss","floor":16.0,"turns":10.0},{"damage":6.0,"enemies":"3 Byrds","floor":18.0,"turns":2.0},{"damage":47.0,"enemies":"Masked Bandits","floor":20.0,"turns":6.0},{"damage":6.0,"enemies":"Chosen","floor":21.0,"turns":3.0},{"damage":15.0,"enemies":"Snake Plant","floor":22.0,"turns":6.0},{"damage":43,"enemies":"Slavers","floor":24,"turns":2}],"seed_played":"-6617941654603133777","potions_obtained":[{"floor":4.0,"key":"EssenceOfSteel"},{"floor":5.0,"key":"Regen Potion"},{"floor":12.0,"key":"FearPotion"},{"floor":14.0,"key":"SteroidPotion"},{"floor":16.0,"key":"BloodPotion"},{"floor":18.0,"key":"Weak Potion"},{"floor":21.0,"key":"FairyPotion"}],"is_trial":false,"path_per_floor":["M","M","M","M","M","R","$","E","T","R","M","E","?","M","R","B",null,"M","?","?","M","M","R","E"],"character_chosen":"IRONCLAD","items_purchased":["Uppercut"],"campfire_rested":2,"item_purchase_floors":[7],"current_hp_per_floor":[79,84,78,77,72,72,72,56,56,56,45,47,34,33,59,17,71,71,45,13,13,15,43,0],"gold":299,"neow_bonus":"TWENTY_PERCENT_HP_BONUS","is_prod":false,"is_daily":false,"chose_seed":false,"campfire_upgraded":2,"win_rate":0,"timestamp":1549828743,"path_taken":["M","M","M","M","M","R","$","E","T","R","M","E","?","M","R","BOSS","M","?","?","M","M","R","E"],"build_version":"2019-01-23","purchased_purges":0,"victory":false,"max_hp_per_floor":[89,89,89,89,89,89,89,89,89,89,89,89,89,89,89,89,89,89,94,94,94,94,94,94],"card_choices":[{"not_picked":["Flex","Body Slam"],"picked":"Cleave","floor":1.0},{"not_picked":["Body Slam","Headbutt","Warcry"],"picked":"SKIP","floor":2.0},{"not_picked":["Armaments","Thunderclap"],"picked":"Flame Barrier","floor":3.0},{"not_picked":["Wild Strike","Second Wind"],"picked":"Iron Wave","floor":4.0},{"not_picked":["Warcry","Wild Strike","Intimidate"],"picked":"SKIP","floor":5.0},{"not_picked":["Havoc","Sword Boomerang"],"picked":"Offering","floor":8.0},{"not_picked":["Headbutt","Wild Strike"],"picked":"Thunderclap","floor":11.0},{"not_picked":["Inflame","Hemokinesis"],"picked":"Limit Break","floor":12.0},{"not_picked":["Clothesline","Cleave"],"picked":"True Grit","floor":14.0},{"not_picked":["Limit Break","Fiend Fire"],"picked":"Dark Embrace","floor":16.0},{"not_picked":["Thunderclap+1","Perfected Strike+1"],"picked":"Pummel","floor":18.0},{"not_picked":["Body Slam","Battle Trance"],"picked":"Shrug It Off+1","floor":20.0},{"not_picked":["Intimidate","Perfected Strike"],"picked":"Armaments","floor":21.0},{"not_picked":["Wild Strike","Twin Strike","Sever Soul"],"picked":"SKIP","floor":22.0}],"player_experience":545172,"relics_obtained":[{"floor":8.0,"key":"Shuriken"},{"floor":9.0,"key":"Whetstone"},{"floor":12.0,"key":"Potion Belt"},{"floor":20.0,"key":"Red Mask"}],"event_choices":[{"damage_healed":0.0,"max_hp_gain":0.0,"max_hp_loss":0.0,"gold_gain":0.0,"event_name":"Wheel of Change","player_choice":"Damaged","floor":13.0,"gold_loss":0.0,"damage_taken":13.0},{"damage_healed":0.0,"max_hp_gain":5.0,"max_hp_loss":0.0,"gold_gain":0.0,"event_name":"Forgotten Altar","player_choice":"Shed Blood","floor":19.0,"gold_loss":0.0,"damage_taken":31.0},{"damage_healed":0.0,"max_hp_gain":0.0,"max_hp_loss":0.0,"gold_gain":0.0,"event_name":"Masked Bandits","player_choice":"Fought Bandits","floor":20.0,"gold_loss":0.0,"damage_taken":0.0}],"is_beta":false,"boss_relics":[{"not_picked":["Ectoplasm","Cursed Key"],"picked":"Mark of Pain"}],"items_purged_floors":[],"is_endless":false,"potions_floor_spawned":[4,5,12,14,16,18,21],"killed_by":"Slavers","ascension_level":15}