{"gold_per_floor":[412,140,140,151,167,13,13,13,89,89,89,112,139,139,139,238,238,238,238,238,91,20,20,20,20,20,20,20,20,20,20,20,20,20,20,20,20,20,20,20,20,20,20,20,20,20,20,20,20,20],"floor_reached":51,"playtime":2790,"items_purged":["Regret"],"score":1021,"play_id":"57b7f48f-72a7-41ff-9b0a-29be9760aaea","local_time":"20181018005106","is_ascension_mode":true,"campfire_choices":[{"data":"Armaments","floor":7,"key":"SMITH"},{"data":"Sword Boomerang","floor":11,"key":"SMITH"},{"floor":15,"key":"REST"},{"data":"Disarm","floor":23,"key":"SMITH"},{"data":"True Grit","floor":29,"key":"SMITH"},{"data":"Inflame","floor":32,"key":"SMITH"},{"data":"Barricade","floor":40,"key":"SMITH"},{"data":"Entrench","floor":42,"key":"SMITH"},{"data":"Body Slam","floor":45,"key":"SMITH"},{"data":"Pummel","floor":49,"key":"SMITH"}],"neow_cost":"TEN_PERCENT_HP_LOSS","seed_source_timestamp":40734904550469,"circlet_count":0,"master_deck":["Strike_R","Strike_R+1","Strike_R","Defend_R","Defend_R","Defend_R","Defend_R","Bash+1","Sword Boomerang+1","Armaments+1","Headbutt","Shrug It Off","Pummel+1","Disarm+1","Feed","True Grit+1","Hemokinesis+1","Flex","Spot Weakness","Ghostly","Ghostly","Ghostly","Ghostly","Ghostly","Sword Boomerang","Carnage","Inflame+1","Barricade+1","Shockwave+1","Entrench+1","Injury","Body Slam+1","Decay","Combust+1"],"relics":["Burning Blood","Old Coin","Kunai","Orichalcum","Self Forming Clay","Strawberry","Pen Nib","Ectoplasm","Dead Branch","PreservedInsect","Smiling Mask","Incense Burner","Cursed Key","Bottled Tornado","Mango","Matryoshka","Peace Pipe","Torii"],"potions_floor_usage":[25],"damage_taken":[{"damage":5,"enemies":"2 Louse","floor":1,"turns":4},{"damage":8,"enemies":"Small Slimes","floor":4,"turns":4},{"damage":3,"enemies":"Cultist","floor":5,"turns":3},{"damage":28,"enemies":"3 Sentries","floor":13,"turns":7},{"damage":37,"enemies":"The Guardian","floor":16,"turns":15},{"damage":17,"enemies":"Shell Parasite","floor":18,"turns":6},{"damage":3,"enemies":"Chosen","floor":19,"turns":3},{"damage":29,"enemies":"Sentry and Sphere","floor":24,"turns":7},{"damage":21,"enemies":"Centurion and Healer","floor":25,"turns":11},{"damage":0,"enemies":"Snake Plant","floor":28,"turns":5},{"damage":1,"enemies":"Cultist and Chosen","floor":30,"turns":6},{"damage":2,"enemies":"Shelled Parasite and Fungi","floor":31,"turns":4},{"damage":26,"enemies":"Automaton","floor":33,"turns":9},{"damage":1,"enemies":"Orb Walker","floor":35,"turns":4},{"damage":4,"enemies":"3 Shapes","floor":38,"turns":4},{"damage":4,"enemies":"Reptomancer","floor":41,"turns":7},{"damage":1,"enemies":"4 Shapes","floor":44,"turns":5},{"damage":0,"enemies":"Nemesis","floor":46,"turns":7},{"damage":2,"enemies":"Mysterious Sphere","floor":47,"turns":4},{"damage":0,"enemies":"Giant Head","floor":48,"turns":6},{"damage":26,"enemies":"Donu and Deca","floor":50,"turns":9}],"seed_played":"8461000720941540608","potions_obtained":[{"floor":13,"key":"Weak Potion"},{"floor":16,"key":"BloodPotion"},{"floor":24,"key":"GamblersBrew"},{"floor":28,"key":"LiquidBronze"},{"floor":30,"key":"Poison Potion"},{"floor":35,"key":"SpeedPotion"}],"is_trial":false,"path_per_floor":["M","$","?","M","M","$","R","?","T","?","R","T","E","?","R","B",null,"M","M","T","$","?","R","M","M","T","?","M","R","M","M","R","B",null,"M","?","T","M","?","R","M","R","T","M","R","E","?","E","R","B"],"character_chosen":"IRONCLAD","items_purchased":["Kunai","Armaments","Pummel","PreservedInsect"],"campfire_rested":1,"item_purchase_floors":[2,2,6,21],"current_hp_per_floor":[72,72,72,70,72,72,72,72,72,72,72,79,57,41,64,33,68,57,60,60,60,60,60,37,32,32,32,38,38,44,47,47,27,42,47,47,47,50,50,50,53,53,67,70,70,70,73,73,73,53],"gold":20,"neow_bonus":"ONE_RARE_RELIC","is_prod":false,"is_daily":false,"chose_seed":false,"campfire_upgraded":9,"win_rate":0,"timestamp":1539816666,"path_taken":["M","$","?","?","M","$","R","?","T","?","R","?","E","?","R","BOSS","M","M","?","$","?","R","M","?","T","?","M","R","M","M","R","BOSS","M","?","?","M","?","R","M","R","T","?","R","E","?","E","R","BOSS"],"build_version":"2018-10-11","purchased_purges":1,"victory":true,"max_hp_per_floor":[72,72,72,72,72,72,72,72,72,72,72,79,79,79,79,79,79,79,79,79,79,79,79,79,82,82,41,41,41,44,47,47,47,47,47,47,47,50,50,50,53,53,67,70,70,70,73,73,73,73],"card_choices":[{"not_picked":["Twin Strike","Sever Soul"],"picked":"Sword Boomerang","floor":1},{"not_picked":["Pommel Strike","Perfected Strike"],"picked":"Headbutt","floor":4},{"not_picked":["Ghostly Armor","Body Slam"],"picked":"Shrug It Off","floor":5},{"not_picked":["Reckless Charge","Fire Breathing"],"picked":"Disarm","floor":13},{"not_picked":["Dark Embrace","Limit Break"],"picked":"Feed","floor":16},{"not_picked":["Entrench","Dual Wield"],"picked":"True Grit","floor":18},{"not_picked":["Combust","Anger"],"picked":"Hemokinesis+1","floor":19},{"not_picked":["Clothesline","Dark Embrace"],"picked":"Flex","floor":24},{"not_picked":["Seeing Red","Sword Boomerang"],"picked":"Spot Weakness","floor":25},{"not_picked":["Armaments","Wild Strike"],"picked":"Sword Boomerang","floor":28},{"not_picked":["Metallicize+1","Anger"],"picked":"Carnage","floor":30},{"not_picked":["Anger","Sword Boomerang"],"picked":"Inflame","floor":31},{"not_picked":["Exhume","Bludgeon"],"picked":"Barricade","floor":33},{"not_picked":["Clash","Bloodletting+1"],"picked":"Shockwave+1","floor":35},{"not_picked":["Clothesline","Flex","Armaments+1"],"picked":"SKIP","floor":38},{"not_picked":["Cleave+1","Hemokinesis+1"],"picked":"Body Slam","floor":41},{"not_picked":["Sword Boomerang","Dual Wield+1","Fiend Fire"],"picked":"SKIP","floor":44},{"not_picked":["Flex+1","Armaments"],"picked":"Combust+1","floor":46},{"not_picked":["Body Slam","Sword Boomerang+1","Anger+1"],"picked":"SKIP","floor":48}],"player_experience":192974,"relics_obtained":[{"floor":9,"key":"Self Forming Clay"},{"floor":12,"key":"Strawberry"},{"floor":13,"key":"Pen Nib"},{"floor":20,"key":"Dead Branch"},{"floor":26,"key":"Incense Burner"},{"floor":37,"key":"Bottled Tornado"},{"floor":43,"key":"Mango"},{"floor":46,"key":"Matryoshka"},{"floor":47,"key":"Peace Pipe"},{"floor":48,"key":"Torii"}],"event_choices":[{"event_name":"Big Fish","player_choice":"Box","floor":3,"damage_taken":0},{"event_name":"The Cleric","player_choice":"Leave","floor":8,"damage_taken":0},{"event_name":"Wheel of Change","player_choice":"Full Heal","floor":10,"damage_taken":0},{"event_name":"Shining Light","player_choice":"Entered Light","floor":14,"damage_taken":0},{"event_name":"WeMeetAgain","player_choice":"Gold","floor":22,"damage_taken":0},{"event_name":"Ghosts","player_choice":"Became a Ghost","floor":27,"damage_taken":0},{"event_name":"Transmorgrifier","player_choice":"Transform","floor":36,"damage_taken":0},{"event_name":"Falling","player_choice":"Removed Attack","floor":39,"damage_taken":0},{"event_name":"Mysterious Sphere","player_choice":"Fight","floor":47,"damage_taken":0}],"is_beta":false,"boss_relics":[{"not_picked":["Runic Dome","Lizard Tail"],"picked":"Ectoplasm"},{"not_picked":["Eternal Feather","Tiny House"],"picked":"Cursed Key"}],"items_purged_floors":[6],"is_endless":false,"potions_floor_spawned":[13,16,24,28,30,35,41,44,47],"ascension_level":6}