{"gold_per_floor":[14,24,34,34,34,34,34,34,34,46,106,69,69,113,113,113],"floor_reached":16,"playtime":1785,"items_purged":[],"score":98,"play_id":"8cc1e325-0f26-4942-af42-9eb7b77c9b8d","local_time":"20190215191913","is_ascension_mode":false,"campfire_choices":[{"data":"Ghostly Armor","floor":6,"key":"SMITH"},{"data":"Pommel Strike","floor":8,"key":"SMITH"},{"floor":15,"key":"REST"}],"neow_cost":"NO_GOLD","seed_source_timestamp":448849209517881,"circlet_count":0,"master_deck":["Strike_R","Strike_R","Strike_R","Defend_R","Defend_R","Defend_R","Defend_R","Bash","Feed","Ghostly Armor+1","Perfected Strike","Warcry","Pommel Strike+1","Metallicize","Flex","Blood for Blood","Rupture"],"relics":["Burning Blood","Girya","Paper Frog","Golden Idol","Bottled Lightning"],"potions_floor_usage":[11,11,16],"damage_taken":[{"damage":2,"enemies":"Cultist","floor":1,"turns":5},{"damage":17,"enemies":"Small Slimes","floor":2,"turns":5},{"damage":6,"enemies":"Jaw Worm","floor":3,"turns":4},{"damage":10,"enemies":"Looter","floor":10,"turns":3},{"damage":19,"enemies":"3 Sentries","floor":11,"turns":11},{"damage":18,"enemies":"Lagavulin","floor":14,"turns":6},{"damage":82,"enemies":"Hexaghost","floor":16,"turns":14}],"seed_played":"-7214277211278468027","potions_obtained":[{"floor":1,"key":"Regen Potion"},{"floor":10,"key":"SpeedPotion"},{"floor":14,"key":"Dexterity Potion"}],"is_trial":false,"path_per_floor":["M","M","M","$","$","R","$","R","T","M","?","$","?","E","R","B"],"character_chosen":"IRONCLAD","items_purchased":["Blood for Blood"],"campfire_rested":1,"item_purchase_floors":[12],"current_hp_per_floor":[80,69,72,72,72,72,72,72,72,68,73,73,73,61,80,0],"gold":113,"neow_bonus":"TRANSFORM_TWO_CARDS","is_prod":false,"is_daily":false,"chose_seed":false,"campfire_upgraded":2,"win_rate":0.0,"timestamp":1550276353,"path_taken":["M","M","M","?","$","R","?","R","T","?","?","$","?","E","R","BOSS"],"build_version":"2019-01-23","purchased_purges":0,"victory":false,"max_hp_per_floor":[80,80,83,83,83,83,83,83,83,83,86,86,80,80,80,80],"card_choices":[{"not_picked":["Anger","Pommel Strike"],"picked":"Perfected Strike","floor":1},{"not_picked":["Thunderclap","Cleave"],"picked":"Warcry","floor":2},{"not_picked":["Clothesline","Corruption"],"picked":"Pommel Strike","floor":3},{"not_picked":["Corruption","Flex"],"picked":"Metallicize","floor":10},{"not_picked":["Sword Boomerang","Hemokinesis"],"picked":"Flex","floor":11},{"not_picked":["Shrug It Off","Entrench"],"picked":"Rupture","floor":14}],"player_experience":4556,"relics_obtained":[{"floor":9,"key":"Girya"},{"floor":11,"key":"Paper Frog"},{"floor":14,"key":"Bottled Lightning"}],"event_choices":[{"damage_healed":0,"gold_gain":0,"player_choice":"Searched \u00271\u0027 times","damage_taken":0,"max_hp_gain":0,"max_hp_loss":0,"event_name":"Dead Adventurer","floor":11,"gold_loss":0},{"damage_healed":0,"gold_gain":0,"player_choice":"Lose Max HP","damage_taken":0,"relics_obtained":["Golden Idol"],"max_hp_gain":0,"max_hp_loss":6,"event_name":"Golden Idol","floor":13,"gold_loss":0}],"is_beta":false,"boss_relics":[],"items_purged_floors":[],"is_endless":false,"potions_floor_spawned":[1,10,14],"killed_by":"Hexaghost","ascension_level":0}