{"gold_per_floor":[113,113,128,139,214,214,239,254,281,281,315,19,19,19,19,19],"floor_reached":16,"playtime":377,"items_purged":[],"score":173,"play_id":"8c591f02-d371-4da3-b244-ebee88829e0b","local_time":"20190303193354","is_ascension_mode":true,"campfire_choices":[{"data":"Zap","floor":6,"key":"SMITH"},{"floor":10,"key":"REST"},{"floor":15,"key":"REST"}],"neow_cost":"NONE","seed_source_timestamp":18634468561236,"circlet_count":0,"master_deck":["AscendersBane","Strike_B","Strike_B","Strike_B","Strike_B","Defend_B+1","Defend_B","Defend_B","Defend_B","Zap+1","Dualcast","Compile Driver","Auto Shields+1","Steam","Ball Lightning","Turbo","Gash","Electrodynamics","Decay"],"relics":["Cracked Core","War Paint","PreservedInsect","Anchor","Juzu Bracelet"],"potions_floor_usage":[11],"damage_taken":[{"damage":13,"enemies":"2 Louse","floor":1,"turns":3},{"damage":4,"enemies":"Small Slimes","floor":3,"turns":3},{"damage":1,"enemies":"Cultist","floor":4,"turns":3},{"damage":24,"enemies":"3 Sentries","floor":7,"turns":8},{"damage":10,"enemies":"Exordium Thugs","floor":8,"turns":5},{"damage":20,"enemies":"Gremlin Nob","floor":11,"turns":4},{"damage":63,"enemies":"Hexaghost","floor":16,"turns":9}],"seed_played":"-2500246020135542729","potions_obtained":[{"floor":1,"key":"Dexterity Potion"},{"floor":3,"key":"SneckoOil"},{"floor":8,"key":"AttackPotion"}],"is_trial":false,"path_per_floor":["M","?","M","M","?","R","E","M","T","R","E","$","?","$","R","B"],"character_chosen":"DEFECT","items_purchased":["Electrodynamics","Juzu Bracelet"],"campfire_rested":2,"item_purchase_floors":[12,12],"current_hp_per_floor":[62,82,78,77,66,66,42,32,32,56,36,36,36,36,60,0],"gold":19,"neow_bonus":"TEN_PERCENT_HP_BONUS","is_prod":false,"is_daily":false,"chose_seed":false,"campfire_upgraded":1,"win_rate":0,"timestamp":1551638034,"path_taken":["M","?","M","M","?","R","E","M","T","R","E","$","?","$","R","BOSS"],"build_version":"2019-01-23","purchased_purges":0,"victory":false,"max_hp_per_floor":[82,82,82,82,82,82,82,82,82,82,82,82,82,82,82,82],"card_choices":[{"not_picked":["Double Energy","Doom and Gloom"],"picked":"Compile Driver","floor":1},{"not_picked":["Turbo","Heatsinks"],"picked":"Auto Shields","floor":3},{"not_picked":["Cold Snap","Conserve Battery"],"picked":"Steam","floor":4},{"not_picked":["Cold Snap","Undo"],"picked":"Ball Lightning","floor":7},{"not_picked":["Barrage","Redo"],"picked":"Turbo","floor":8},{"not_picked":["Go for the Eyes","Conserve Battery"],"picked":"Gash","floor":11}],"player_experience":836061,"relics_obtained":[{"floor":7,"key":"War Paint"},{"floor":9,"key":"PreservedInsect"},{"floor":11,"key":"Anchor"}],"event_choices":[{"damage_healed":27,"gold_gain":0,"player_choice":"Banana","damage_taken":0,"max_hp_gain":0,"max_hp_loss":0,"event_name":"Big Fish","floor":2,"gold_loss":0},{"damage_healed":0,"gold_gain":75,"player_choice":"Gather Gold","damage_taken":11,"max_hp_gain":0,"max_hp_loss":0,"event_name":"World of Goop","floor":5,"gold_loss":0},{"damage_healed":0,"gold_gain":0,"player_choice":"Cursed","damage_taken":0,"max_hp_gain":0,"max_hp_loss":0,"event_name":"Wheel of Change","floor":13,"gold_loss":0,"cards_obtained":["Decay"]}],"is_beta":false,"boss_relics":[],"items_purged_floors":[],"is_endless":false,"potions_floor_spawned":[1,3,8],"killed_by":"Hexaghost","ascension_level":12}