{"path_per_floor":["M","?","$","M","?","R","M","?","T","M","M","$","M","$","R","B",null,"M","?","M","M","?"],"character_chosen":"IRONCLAD","items_purchased":["Membership Card"],"gold_per_floor":[116,116,41,60,235,235,255,255,255,268,284,9,29,29,29,130,130,141,56,74,84,84],"floor_reached":23,"campfire_rested":1,"playtime":8123,"current_hp_per_floor":[43,43,43,49,49,73,79,72,72,78,80,80,79,79,79,35,80,61,61,66,51,51],"items_purged":["Strike_R","Strike_R"],"gold":84,"score":183,"play_id":"6515714d-0b4c-4bc8-93b8-6d38624782b9","local_time":"20180318190227","is_prod":false,"is_daily":false,"is_ascension_mode":false,"campfire_upgraded":1,"timestamp":1521414147,"path_taken":["M","?","?","M","?","R","M","?","T","M","M","$","M","?","R","BOSS","M","?","M","M","?","E"],"build_version":"2018-03-15v3","purchased_purges":2,"victory":false,"master_deck":["Bash","Shrug It Off","Iron Wave","Second Wind","Evolve","Inflame","Body Slam+1","Demon Form","Warcry","Flex","Infernal Blade","Clothesline","Iron Wave","Evolve","Carnage+1","Flex","Feel No Pain"],"max_hp_per_floor":[80,80,80,80,80,80,80,80,80,80,80,80,80,80,80,80,80,80,80,80,80,80],"relics":["Burning Blood","Thread and Needle","Dream Catcher","Membership Card","Pandora\u0027s Box","Ancient Tea Set"],"card_choices":[{"not_picked":["Intimidate","Blood for Blood"],"picked":"Shrug It Off"},{"not_picked":["Shrug It Off","Battle Trance"],"picked":"Iron Wave"},{"not_picked":["Bludgeon","Clothesline"],"picked":"Second Wind"},{"not_picked":["Perfected Strike","Heavy Blade"],"picked":"Evolve"},{"not_picked":["Headbutt","True Grit"],"picked":"Inflame"},{"not_picked":["Hemokinesis","Twin Strike"],"picked":"Body Slam"},{"not_picked":["Double Tap","Immolate"],"picked":"Demon Form"},{"not_picked":["Shrug It Off","Corruption"],"picked":"Carnage"},{"not_picked":["Dropkick","Blood for Blood"],"picked":"Flex"},{"not_picked":["Sword Boomerang","Carnage"],"picked":"Feel No Pain"}],"player_experience":173828,"potions_floor_usage":[16,21],"damage_taken":[{"damage":3,"enemies":"Small Slimes","floor":1,"turns":4},{"damage":0,"enemies":"Cultist","floor":4,"turns":3},{"damage":0,"enemies":"2 Louse","floor":7,"turns":3},{"damage":0,"enemies":"Exordium Wildlife","floor":10,"turns":4},{"damage":1,"enemies":"2 Fungi Beasts","floor":11,"turns":4},{"damage":7,"enemies":"3 Louse","floor":13,"turns":5},{"damage":50,"enemies":"The Guardian","floor":16,"turns":11},{"damage":25,"enemies":"3 Byrds","floor":18,"turns":8},{"damage":1,"enemies":"Spheric Guardian","floor":20,"turns":5},{"damage":25,"enemies":"Snake Plant","floor":21,"turns":5},{"damage":55,"enemies":"Gremlin Leader","floor":23,"turns":8}],"event_choices":[{"event_name":"Purifier","player_choice":"One Purge","floor":2,"damage_taken":0},{"event_name":"Liars Game","player_choice":"agreed","floor":5,"damage_taken":0},{"event_name":"Golden Wing","player_choice":"Card Removal","floor":8,"damage_taken":0},{"event_name":"Addict","player_choice":"Obtained Relic","floor":19,"damage_taken":0},{"event_name":"Vampires","player_choice":"Ignored","floor":22,"damage_taken":0}],"boss_relics":[{"not_picked":["Lizard Tail","Philosopher\u0027s Stone"],"picked":"Pandora\u0027s Box"}],"potions_floor_spawned":[4,10,13,18],"seed_played":"2519258840356506951","killed_by":"Gremlin Leader","ascension_level":0,"is_trial":false}