{"gold_per_floor":[119,167,183,258,258,293,293,325,325,325,339,351,351,363,363,363],"floor_reached":16,"playtime":368,"items_purged":[],"score":135,"play_id":"84fc9d4a-6ff3-43f1-8d63-e37caee613ec","local_time":"20181103174213","is_ascension_mode":false,"campfire_choices":[{"data":"Terror","floor":7,"key":"SMITH"},{"floor":10,"key":"REST"},{"data":"Leg Sweep","floor":13,"key":"SMITH"},{"data":"Sucker Punch","floor":15,"key":"SMITH"}],"neow_cost":"NONE","seed_source_timestamp":1455703240347941,"circlet_count":0,"master_deck":["Defend_G","Defend_G","Defend_G","Defend_G","Defend_G","Strike_G","Strike_G","Strike_G","Strike_G","Strike_G","Survivor","Neutralize+1","Terror+1","Quick Slash","Backflip","Backflip","Leg Sweep+1","Outmaneuver","Sucker Punch+1"],"relics":["Ring of the Snake","NeowsBlessing","Ancient Tea Set","Boot","Strawberry","Vajra"],"potions_floor_usage":[12],"damage_taken":[{"damage":0,"enemies":"Cultist","floor":1,"turns":1},{"damage":0,"enemies":"Small Slimes","floor":3,"turns":1},{"damage":0,"enemies":"3 Sentries","floor":6,"turns":1},{"damage":34,"enemies":"Gremlin Nob","floor":8,"turns":5},{"damage":0,"enemies":"2 Louse","floor":11,"turns":1},{"damage":1,"enemies":"Exordium Thugs","floor":12,"turns":4},{"damage":0,"enemies":"3 Louse","floor":14,"turns":3},{"damage":54,"enemies":"Hexaghost","floor":16,"turns":14}],"seed_played":"-5993516668440615337","potions_obtained":[{"floor":6,"key":"SpeedPotion"},{"floor":8,"key":"Fire Potion"}],"is_trial":false,"path_per_floor":["M","T","M","?","?","E","R","E","T","R","M","M","R","M","R","B"],"character_chosen":"THE_SILENT","items_purchased":[],"campfire_rested":1,"item_purchase_floors":[],"current_hp_per_floor":[70,70,70,59,59,59,59,32,32,55,55,54,54,54,54,0],"gold":363,"neow_bonus":"THREE_ENEMY_KILL","is_prod":false,"is_daily":false,"chose_seed":false,"campfire_upgraded":3,"win_rate":0,"timestamp":1541263333,"path_taken":["M","?","M","?","?","E","R","E","T","R","M","M","R","M","R","BOSS"],"build_version":"2018-11-01","purchased_purges":0,"victory":false,"max_hp_per_floor":[70,70,70,70,70,70,70,77,77,77,77,77,77,77,77,77],"card_choices":[{"not_picked":["Backflip","Eviscerate"],"picked":"Terror","floor":1},{"not_picked":["Dodge and Roll","Masterful Stab"],"picked":"Quick Slash","floor":3},{"not_picked":["Blade Dance","Poisoned Stab"],"picked":"Backflip","floor":6},{"not_picked":["Dagger Throw","Caltrops"],"picked":"Backflip","floor":8},{"not_picked":["Expertise","Infinite Blades"],"picked":"Leg Sweep","floor":11},{"not_picked":["PiercingWail","Choke"],"picked":"Outmaneuver","floor":12},{"not_picked":["Reflex","Dagger Throw"],"picked":"Sucker Punch","floor":14}],"player_experience":258292,"relics_obtained":[{"floor":2,"key":"Ancient Tea Set"},{"floor":6,"key":"Boot"},{"floor":8,"key":"Strawberry"},{"floor":9,"key":"Vajra"}],"event_choices":[{"damage_healed":0,"gold_gain":75,"player_choice":"Gather Gold","damage_taken":11,"max_hp_gain":0,"max_hp_loss":0,"event_name":"World of Goop","floor":4,"gold_loss":0},{"damage_healed":0,"gold_gain":0,"player_choice":"Grow","damage_taken":0,"max_hp_gain":0,"max_hp_loss":0,"event_name":"Living Wall","floor":5,"gold_loss":0,"cards_upgraded":["Neutralize"]}],"is_beta":false,"boss_relics":[],"items_purged_floors":[],"is_endless":false,"potions_floor_spawned":[6,8],"killed_by":"Hexaghost","ascension_level":0}