{"gold_per_floor":[359,372,390,340,370,370,397,417,417,48,81,97,128,128],"floor_reached":14,"playtime":765,"items_purged":["Strike_B"],"score":138,"play_id":"9e51e9c8-9004-46ad-bfbd-0992c4965d0c","local_time":"20190105060419","is_ascension_mode":true,"campfire_choices":[{"data":"Zap","floor":6,"key":"SMITH"}],"neow_cost":"TEN_PERCENT_HP_LOSS","seed_source_timestamp":1157202658067438,"circlet_count":0,"master_deck":["Strike_B","Strike_B","Defend_B","Defend_B","Defend_B","Defend_B","Zap+1","Dualcast","Coolheaded","Cold Snap","Rebound","Go for the Eyes","Gash","Self Repair"],"relics":["Cracked Core","Tiny Chest","Pear","Blood Vial","Ice Cream","Emotion Chip","PreservedInsect"],"potions_floor_usage":[11,13],"damage_taken":[{"damage":0,"enemies":"Cultist","floor":1,"turns":3},{"damage":0,"enemies":"Small Slimes","floor":2,"turns":2},{"damage":2,"enemies":"Jaw Worm","floor":3,"turns":3},{"damage":27,"enemies":"Lagavulin","floor":7,"turns":10},{"damage":12,"enemies":"Lots of Slimes","floor":8,"turns":4},{"damage":20,"enemies":"3 Sentries","floor":11,"turns":7},{"damage":4,"enemies":"Blue Slaver","floor":12,"turns":3},{"damage":13,"enemies":"Gremlin Nob","floor":13,"turns":3},{"damage":8,"enemies":"Gremlin Gang","floor":14,"turns":1}],"seed_played":"5234404204651955668","potions_obtained":[{"floor":1,"key":"FearPotion"},{"floor":2,"key":"Poison Potion"},{"floor":11,"key":"SkillPotion"},{"floor":13,"key":"Ancient Potion"}],"is_trial":false,"path_per_floor":["M","M","M","?","?","R","E","M","T","$","E","M","E","M"],"character_chosen":"DEFECT","items_purchased":["Ice Cream"],"campfire_rested":0,"item_purchase_floors":[10],"current_hp_per_floor":[68,68,66,66,66,66,49,37,37,37,19,17,6,0],"gold":128,"neow_bonus":"TWO_FIFTY_GOLD","is_prod":false,"is_daily":false,"chose_seed":false,"campfire_upgraded":1,"win_rate":0,"timestamp":1546689859,"path_taken":["M","M","?","?","?","R","E","?","T","$","E","M","E","M"],"build_version":"2019-01-03v4","purchased_purges":1,"victory":false,"max_hp_per_floor":[68,68,68,68,68,68,78,78,78,78,78,78,78,78],"card_choices":[{"not_picked":["Steam Power","Turbo","Hello World"],"picked":"SKIP","floor":1},{"not_picked":["Turbo","Cold Snap"],"picked":"Coolheaded","floor":2},{"not_picked":["Leap","Blizzard"],"picked":"Cold Snap","floor":3},{"not_picked":["Fission","Sunder"],"picked":"Rebound","floor":7},{"not_picked":["Doom and Gloom","Stack","Sweeping Beam"],"picked":"SKIP","floor":8},{"not_picked":["Undo","Darkness"],"picked":"Go for the Eyes","floor":11},{"not_picked":["Coolheaded","Steam"],"picked":"Gash","floor":12},{"not_picked":["All For One","Doom and Gloom"],"picked":"Self Repair","floor":13}],"player_experience":464623,"relics_obtained":[{"floor":7,"key":"Pear"},{"floor":9,"key":"Blood Vial"},{"floor":11,"key":"Emotion Chip"},{"floor":13,"key":"PreservedInsect"}],"event_choices":[{"cards_removed":["Strike_B"],"damage_healed":0,"gold_gain":0,"player_choice":"Card Removal","damage_taken":0,"max_hp_gain":0,"max_hp_loss":0,"event_name":"The Cleric","floor":4,"gold_loss":50},{"damage_healed":0,"gold_gain":0,"player_choice":"Gave Potion","damage_taken":0,"relics_obtained":["Tiny Chest"],"max_hp_gain":0,"max_hp_loss":0,"event_name":"WeMeetAgain","floor":5,"gold_loss":0}],"is_beta":false,"boss_relics":[],"items_purged_floors":[10],"is_endless":false,"potions_floor_spawned":[1,2,11,13],"killed_by":"Gremlin Gang","ascension_level":5}