{"gold_per_floor":[119,119,129,140,120,151,167,167,167,195,195],"floor_reached":11,"playtime":471,"items_purged":[],"score":100,"play_id":"111be822-361d-4960-8a76-010557563577","local_time":"20181017163410","is_ascension_mode":true,"campfire_choices":[{"floor":8,"key":"REST"}],"neow_cost":"","seed_source_timestamp":13247968386491,"circlet_count":0,"master_deck":["Strike_R","Strike_R","Strike_R","Strike_R","Defend_R","Defend_R","Defend_R","Defend_R","Bash","Rupture","Combust","Combust","Combust","Rage"],"relics":["Burning Blood","Bag of Preparation","Blue Candle","Charon\u0027s Ashes"],"potions_floor_usage":[],"damage_taken":[{"damage":0,"enemies":"2 Louse","floor":1,"turns":3},{"damage":1,"enemies":"Small Slimes","floor":3,"turns":4},{"damage":13,"enemies":"Cultist","floor":4,"turns":4},{"damage":32,"enemies":"3 Sentries","floor":6,"turns":5},{"damage":18,"enemies":"Exordium Wildlife","floor":7,"turns":3},{"damage":42,"enemies":"Lagavulin","floor":10,"turns":6},{"damage":9,"enemies":"Large Slime","floor":11,"turns":3}],"seed_played":"-7949751651703415338","potions_obtained":[{"floor":1,"key":"Poison Potion"},{"floor":3,"key":"AttackPotion"},{"floor":5,"key":"Swift Potion"}],"is_trial":false,"path_per_floor":["M","?","M","M","?","E","M","R","T","E"],"character_chosen":"IRONCLAD","items_purchased":[],"campfire_rested":1,"item_purchase_floors":[],"current_hp_per_floor":[80,73,78,71,71,45,33,57,57,21,12],"gold":195,"neow_bonus":"","is_prod":false,"is_daily":false,"chose_seed":false,"campfire_upgraded":0,"win_rate":0,"timestamp":1539786850,"path_taken":["M","?","M","M","?","E","M","R","T","E","M"],"build_version":"2018-10-11","purchased_purges":0,"victory":false,"max_hp_per_floor":[80,80,80,80,80,80,80,80,80,80,80],"card_choices":[{"not_picked":["Power Through","Headbutt"],"picked":"Rupture","floor":1},{"not_picked":["Ghostly Armor","Perfected Strike"],"picked":"Combust","floor":3},{"not_picked":["Hemokinesis","Sentinel"],"picked":"Combust","floor":4},{"not_picked":["Disarm","Body Slam","Flex"],"picked":"SKIP","floor":6},{"not_picked":["Havoc","Rage"],"picked":"Combust","floor":7},{"not_picked":["Power Through","Hemokinesis"],"picked":"Rage","floor":10}],"player_experience":181307,"relics_obtained":[{"floor":6,"key":"Bag of Preparation"},{"floor":9,"key":"Blue Candle"},{"floor":10,"key":"Charon\u0027s Ashes"}],"event_choices":[{"event_name":"Golden Wing","player_choice":"Card Removal","floor":2,"damage_taken":0},{"event_name":"The Woman in Blue","player_choice":"Bought 1 Potion","floor":5,"damage_taken":0}],"is_beta":false,"boss_relics":[],"items_purged_floors":[],"is_endless":false,"potions_floor_spawned":[1,3,6],"killed_by":"Large Slime","ascension_level":4}