{"gold_per_floor":[118,118,130,130,141,141,161,486,555,555,149,149,163,6,6,84,84,102,102,2,13,33,33,49,49,99,99],"floor_reached":27,"playtime":979,"items_purged":["Strike_B","Strike_B"],"score":440,"play_id":"10cebf9a-828f-4028-85ef-3a244891cc80","local_time":"20190225233643","is_ascension_mode":true,"campfire_choices":[{"data":"Zap","floor":6,"key":"SMITH"},{"data":"Go for the Eyes","floor":12,"key":"SMITH"},{"data":"Streamline","floor":15,"key":"SMITH"},{"data":"Creative AI","floor":23,"key":"SMITH"},{"floor":25,"key":"REST"}],"neow_cost":"NONE","seed_source_timestamp":96357510677800,"circlet_count":0,"master_deck":["AscendersBane","Strike_B","Defend_B+1","Defend_B","Defend_B","Defend_B","Zap+1","Dualcast","Sweeping Beam+1","Conserve Battery","Cold Snap","Leap+1","Streamline+1","Coolheaded+1","Go for the Eyes+1","Steam","Creative AI+1","Gash"],"relics":["Cracked Core","FaceOfCleric","Old Coin","Sundial","Lee\u0027s Waffle","Bronze Scales","Busted Crown","War Paint"],"potions_floor_usage":[7,8,16,27,27],"damage_taken":[{"damage":2,"enemies":"Jaw Worm","floor":1,"turns":4},{"damage":1,"enemies":"Cultist","floor":3,"turns":4},{"damage":2,"enemies":"Small Slimes","floor":5,"turns":3},{"damage":2,"enemies":"Red Slaver","floor":7,"turns":3},{"damage":28,"enemies":"Gremlin Nob","floor":8,"turns":4},{"damage":3,"enemies":"Looter","floor":13,"turns":2},{"damage":13,"enemies":"The Guardian","floor":16,"turns":11},{"damage":4,"enemies":"Spheric Guardian","floor":18,"turns":5},{"damage":14,"enemies":"Shell Parasite","floor":21,"turns":5},{"damage":17,"enemies":"Snake Plant","floor":22,"turns":4},{"damage":16,"enemies":"Snecko","floor":24,"turns":7},{"damage":82,"enemies":"Slavers","floor":27,"turns":5}],"seed_played":"2089571117167763192","potions_obtained":[{"floor":5,"key":"Fire Potion"},{"floor":7,"key":"SteroidPotion"},{"floor":18,"key":"FocusPotion"},{"floor":21,"key":"EssenceOfSteel"}],"is_trial":false,"path_per_floor":["M","?","M","?","M","R","M","E","T","?","$","R","M","$","R","B",null,"M","?","$","M","M","R","M","R","T","E"],"character_chosen":"DEFECT","items_purchased":["Lee\u0027s Waffle","Go for the Eyes","PowerPotion","Bronze Scales"],"campfire_rested":1,"item_purchase_floors":[11,11,11,14],"current_hp_per_floor":[69,69,69,69,68,68,67,40,40,15,89,89,87,87,87,75,87,84,84,84,71,55,55,40,68,68,0],"gold":99,"neow_bonus":"TEN_PERCENT_HP_BONUS","is_prod":false,"is_daily":false,"chose_seed":false,"campfire_upgraded":4,"win_rate":0,"timestamp":1551155803,"path_taken":["M","?","?","?","M","R","?","E","T","?","$","R","M","$","R","BOSS","M","?","?","M","M","R","?","R","T","E"],"build_version":"2019-01-23","purchased_purges":2,"victory":false,"max_hp_per_floor":[78,78,79,79,80,80,81,82,82,82,89,89,90,90,90,91,91,92,92,92,93,94,94,95,95,95,95],"card_choices":[{"not_picked":["Turbo","Blizzard"],"picked":"Sweeping Beam","floor":1},{"not_picked":["Steam","Sweeping Beam"],"picked":"Conserve Battery","floor":3},{"not_picked":["Rebound","Chill"],"picked":"Leap","floor":5},{"not_picked":["Rebound","Hello World"],"picked":"Streamline","floor":7},{"not_picked":["Reboot","Hologram"],"picked":"Coolheaded","floor":8},{"not_picked":["Streamline","Conserve Battery"],"picked":"Steam","floor":13},{"not_picked":["Rainbow","Buffer"],"picked":"Creative AI","floor":16},{"not_picked":["Rebound"],"picked":"SKIP","floor":18},{"not_picked":["Streamline"],"picked":"SKIP","floor":21},{"not_picked":[],"picked":"Gash","floor":22},{"not_picked":["Streamline+1"],"picked":"SKIP","floor":24}],"player_experience":1268846,"relics_obtained":[{"floor":8,"key":"Old Coin"},{"floor":9,"key":"Sundial"},{"floor":26,"key":"War Paint"}],"event_choices":[{"damage_healed":0,"gold_gain":0,"player_choice":"Trade","damage_taken":0,"relics_obtained":["FaceOfCleric"],"max_hp_gain":0,"max_hp_loss":0,"event_name":"FaceTrader","floor":2,"gold_loss":0},{"damage_healed":0,"gold_gain":0,"player_choice":"1 cards matched","damage_taken":0,"max_hp_gain":0,"max_hp_loss":0,"event_name":"Match and Keep!","floor":4,"gold_loss":0,"cards_obtained":["Cold Snap"]},{"damage_healed":0,"gold_gain":0,"player_choice":"Entered Light","damage_taken":25,"max_hp_gain":0,"max_hp_loss":0,"event_name":"Shining Light","floor":10,"gold_loss":0,"cards_upgraded":["Sweeping Beam","Leap"]},{"cards_removed":["Strike_B"],"damage_healed":0,"gold_gain":0,"player_choice":"Purged","damage_taken":0,"max_hp_gain":0,"max_hp_loss":0,"event_name":"Purifier","floor":19,"gold_loss":0}],"is_beta":false,"boss_relics":[{"not_picked":["Inserter","Ectoplasm"],"picked":"Busted Crown"}],"items_purged_floors":[11,20],"is_endless":false,"potions_floor_spawned":[5,7,18,21],"killed_by":"Slavers","ascension_level":19}