{"gold_per_floor":[117,127,127,145,52,52,79,79,106,106,106,106,61,79,79,176,176,190,207,132,152,67,67,67,67,113,148,148,247,247,2,2,107,107,118,218,229,243,118,118,134,168,191,210,210,60,60,135,135,135],"floor_reached":50,"playtime":1591,"items_purged":["Strike_R","Strike_R","Strike_R","Defend_R"],"score":612,"play_id":"4cad521b-ffc2-4de1-904f-2311605c8eeb","local_time":"20190202213107","is_ascension_mode":true,"campfire_choices":[{"data":"Entrench","floor":6,"key":"SMITH"},{"data":"Body Slam","floor":8,"key":"SMITH"},{"data":"Rampage","floor":11,"key":"SMITH"},{"data":"Armaments","floor":15,"key":"SMITH"},{"data":"Barricade","floor":23,"key":"SMITH"},{"data":"Shrug It Off","floor":28,"key":"SMITH"},{"data":"Impervious","floor":32,"key":"SMITH"},{"floor":40,"key":"REST"},{"data":"Limit Break","floor":45,"key":"SMITH"},{"floor":49,"key":"REST"}],"neow_cost":"NONE","seed_source_timestamp":1120750186465562,"circlet_count":0,"master_deck":["Strike_R","Defend_R","Defend_R","Bash","Iron Wave+1","Spot Weakness","Iron Wave+1","Entrench+1","Battle Trance","Body Slam+1","Rampage+1","Armaments+1","Flame Barrier","Barricade+1","Inflame","Armaments+1","Fire Breathing","Shrug It Off+1","Rage+1","Impervious+1","Limit Break+1","Flex","Burning Pact+1","Thunderclap+1","Feel No Pain+1","Pummel","Entrench+1","Enlightenment"],"relics":["Burning Blood","Omamori","Vajra","Letter Opener","Philosopher\u0027s Stone","Ginger","Bag of Preparation","Mango","Blue Candle","Mark of Pain","Turnip","Whetstone"],"potions_floor_usage":[4,7,16,21,38,38,42,50,50],"damage_taken":[{"damage":3,"enemies":"Small Slimes","floor":1,"turns":4},{"damage":0,"enemies":"Cultist","floor":2,"turns":4},{"damage":7,"enemies":"Jaw Worm","floor":4,"turns":3},{"damage":24,"enemies":"Lagavulin","floor":7,"turns":11},{"damage":0,"enemies":"3 Louse","floor":14,"turns":3},{"damage":51,"enemies":"Hexaghost","floor":16,"turns":11},{"damage":0,"enemies":"Chosen","floor":18,"turns":7},{"damage":14,"enemies":"2 Thieves","floor":19,"turns":4},{"damage":15,"enemies":"Shelled Parasite and Fungi","floor":21,"turns":6},{"damage":42,"enemies":"Slavers","floor":27,"turns":6},{"damage":8,"enemies":"Champ","floor":33,"turns":10},{"damage":15,"enemies":"Orb Walker","floor":35,"turns":6},{"damage":57,"enemies":"3 Darklings","floor":37,"turns":6},{"damage":32,"enemies":"Sphere and 2 Shapes","floor":38,"turns":6},{"damage":13,"enemies":"Transient","floor":41,"turns":5},{"damage":0,"enemies":"Giant Head","floor":42,"turns":5},{"damage":10,"enemies":"Maw","floor":44,"turns":7},{"damage":73,"enemies":"Awakened One","floor":50,"turns":7}],"seed_played":"-6713333813534459317","potions_obtained":[{"floor":1,"key":"PowerPotion"},{"floor":4,"key":"PowerPotion"},{"floor":14,"key":"Swift Potion"},{"floor":18,"key":"Regen Potion"},{"floor":19,"key":"GamblersBrew"},{"floor":33,"key":"Energy Potion"},{"floor":35,"key":"Regen Potion"},{"floor":38,"key":"SkillPotion"},{"floor":44,"key":"Strength Potion"}],"is_trial":false,"path_per_floor":["M","M","?","M","$","R","E","R","T","?","R","?","$","M","R","B",null,"M","M","$","M","?","R","?","?","T","E","R","?","T","$","R","B",null,"M","?","M","M","$","R","M","E","T","M","R","$","?","?","R","B"],"character_chosen":"IRONCLAD","items_purchased":["Battle Trance","Body Slam","Armaments","Impervious"],"campfire_rested":2,"item_purchase_floors":[5,5,13,31],"current_hp_per_floor":[80,80,80,79,79,79,61,61,61,61,61,61,61,67,67,22,80,80,72,72,77,77,77,62,62,62,40,40,40,40,40,40,38,99,90,90,39,27,27,56,49,55,55,51,51,51,51,42,71,0],"gold":135,"neow_bonus":"THREE_CARDS","is_prod":false,"is_daily":false,"chose_seed":false,"campfire_upgraded":8,"win_rate":0,"timestamp":1549139467,"path_taken":["M","M","?","?","$","R","E","R","T","?","R","?","$","M","R","BOSS","M","M","$","M","?","R","?","?","T","E","R","?","?","$","R","BOSS","M","?","M","?","$","R","M","E","T","M","R","$","?","?","R","BOSS"],"build_version":"2019-01-23","purchased_purges":4,"victory":false,"max_hp_per_floor":[80,80,80,80,80,80,80,80,80,80,80,80,80,80,80,80,80,80,80,80,80,80,80,85,85,85,99,99,99,99,99,99,99,99,99,99,99,99,99,99,99,99,99,99,99,99,99,99,99,99],"card_choices":[{"not_picked":["Combust","Body Slam"],"picked":"Iron Wave","floor":0},{"not_picked":["Perfected Strike","Second Wind"],"picked":"Spot Weakness","floor":1},{"not_picked":["Perfected Strike","Havoc"],"picked":"Iron Wave","floor":2},{"not_picked":["Anger","Blood for Blood"],"picked":"Entrench","floor":4},{"not_picked":["Burning Pact","Berserk"],"picked":"Rampage","floor":7},{"not_picked":["Pummel","Heavy Blade"],"picked":"Flame Barrier","floor":14},{"not_picked":["Brutality","Impervious"],"picked":"Barricade","floor":16},{"not_picked":["Twin Strike","Clash+1"],"picked":"Inflame","floor":18},{"not_picked":["Twin Strike","Combust","Warcry"],"picked":"SKIP","floor":19},{"not_picked":["Whirlwind","Dropkick"],"picked":"Armaments+1","floor":21},{"not_picked":["Seeing Red","Wild Strike+1"],"picked":"Rage+1","floor":27},{"not_picked":["Juggernaut","Impervious"],"picked":"Limit Break","floor":33},{"not_picked":["Cleave+1","Perfected Strike"],"picked":"Flex","floor":35},{"not_picked":["Anger","Perfected Strike+1"],"picked":"Burning Pact+1","floor":37},{"not_picked":["Warcry","Evolve"],"picked":"Thunderclap+1","floor":38},{"not_picked":["Pummel+1","Bloodletting"],"picked":"Feel No Pain+1","floor":41},{"not_picked":["Shockwave","Berserk"],"picked":"Pummel","floor":42},{"not_picked":["Cleave+1","Rupture"],"picked":"Entrench+1","floor":44},{"not_picked":["Dramatic Entrance","Flash of Steel"],"picked":"Enlightenment","floor":47}],"player_experience":577738,"relics_obtained":[{"floor":7,"key":"Omamori"},{"floor":9,"key":"Vajra"},{"floor":26,"key":"Bag of Preparation"},{"floor":27,"key":"Mango"},{"floor":30,"key":"Blue Candle"},{"floor":42,"key":"Turnip"},{"floor":43,"key":"Whetstone"}],"event_choices":[{"damage_healed":0,"gold_gain":0,"player_choice":"Full Heal","damage_taken":0,"max_hp_gain":0,"max_hp_loss":0,"event_name":"Wheel of Change","floor":3,"gold_loss":0},{"damage_healed":0,"gold_gain":0,"player_choice":"Ignored","damage_taken":0,"max_hp_gain":0,"max_hp_loss":0,"event_name":"Liars Game","floor":10,"gold_loss":0},{"damage_healed":0,"gold_gain":0,"player_choice":"Searched \u00271\u0027 times","damage_taken":0,"relics_obtained":["Letter Opener"],"max_hp_gain":0,"max_hp_loss":0,"event_name":"Dead Adventurer","floor":12,"gold_loss":0},{"damage_healed":0,"gold_gain":0,"player_choice":"Obtained Relic","damage_taken":0,"relics_obtained":["Ginger"],"max_hp_gain":0,"max_hp_loss":0,"event_name":"Addict","floor":22,"gold_loss":85},{"damage_healed":0,"gold_gain":0,"player_choice":"Shed Blood","damage_taken":20,"max_hp_gain":5,"max_hp_loss":0,"event_name":"Forgotten Altar","floor":24,"gold_loss":0},{"damage_healed":0,"gold_gain":0,"cards_transformed":["Strike_R","Defend_R"],"player_choice":"Became Test Subject","damage_taken":0,"max_hp_gain":0,"max_hp_loss":0,"event_name":"Drug Dealer","floor":25,"gold_loss":0,"cards_obtained":["Fire Breathing","Shrug It Off"]},{"damage_healed":0,"gold_gain":99,"player_choice":"Stole From Cult","damage_taken":0,"max_hp_gain":0,"max_hp_loss":0,"event_name":"Nest","floor":29,"gold_loss":0},{"damage_healed":0,"gold_gain":100,"player_choice":"Pray","damage_taken":0,"max_hp_gain":0,"max_hp_loss":0,"event_name":"Golden Shrine","floor":36,"gold_loss":0},{"damage_healed":0,"gold_gain":0,"player_choice":"Memory 1","damage_taken":0,"max_hp_gain":0,"max_hp_loss":0,"event_name":"SensoryStone","floor":47,"gold_loss":0},{"damage_healed":0,"gold_gain":75,"player_choice":"Touch","damage_taken":9,"max_hp_gain":0,"max_hp_loss":0,"event_name":"FaceTrader","floor":48,"gold_loss":0}],"is_beta":false,"boss_relics":[{"not_picked":["Astrolabe","White Beast Statue"],"picked":"Philosopher\u0027s Stone"},{"not_picked":["Runic Cube","Velvet Choker"],"picked":"Mark of Pain"}],"items_purged_floors":[20,31,39,46],"is_endless":false,"potions_floor_spawned":[1,4,14,18,19,33,35,38,44],"killed_by":"Awakened One","ascension_level":2}