{"gold_per_floor":[115,134,153,6,25,53,53,63,63,94,94,94,124,142,142,216,266,248,268,268,19,34,34],"floor_reached":23,"playtime":1154,"items_purged":[],"score":434,"play_id":"a1f93c0f-b813-42fe-b4f6-81800498987a","local_time":"20190228230049","is_ascension_mode":true,"campfire_choices":[{"floor":7,"key":"REST"},{"floor":11,"key":"REST"},{"data":"Demon Form","floor":15,"key":"SMITH"}],"neow_cost":"NONE","seed_source_timestamp":192959375479589,"circlet_count":0,"master_deck":["AscendersBane","Strike_R","Strike_R+1","Strike_R","Strike_R+1","Defend_R","Defend_R","Defend_R","Defend_R","Bash","Sword Boomerang","Armaments+1","Uppercut","Disarm","Reckless Charge","Corruption","Demon Form+1","Clothesline","Sever Soul","Double Tap","Second Wind","Clothesline+1","Sentinel+1"],"relics":["Burning Blood","Whetstone","Bag of Preparation","Dead Branch","Gambling Chip","Magic Flower","Unceasing Top","Gremlin Horn","Tiny House","Kunai"],"potions_floor_usage":[14,18,22],"damage_taken":[{"damage":1,"enemies":"Cultist","floor":1,"turns":3},{"damage":14,"enemies":"Small Slimes","floor":2,"turns":4},{"damage":8,"enemies":"2 Louse","floor":3,"turns":2},{"damage":9,"enemies":"Blue Slaver","floor":5,"turns":4},{"damage":49,"enemies":"Lagavulin","floor":6,"turns":8},{"damage":18,"enemies":"Red Slaver","floor":8,"turns":3},{"damage":7,"enemies":"3 Sentries","floor":10,"turns":4},{"damage":20,"enemies":"Gremlin Nob","floor":13,"turns":4},{"damage":20,"enemies":"Gremlin Gang","floor":14,"turns":2},{"damage":23,"enemies":"Slime Boss","floor":16,"turns":7},{"damage":16,"enemies":"2 Thieves","floor":18,"turns":4},{"damage":6,"enemies":"Chosen","floor":19,"turns":3},{"damage":29,"enemies":"3 Cultists","floor":22,"turns":4},{"damage":45,"enemies":"Gremlin Leader","floor":23,"turns":2}],"seed_played":"-1590898025978797470","potions_obtained":[{"floor":5,"key":"Ancient Potion"},{"floor":8,"key":"Explosive Potion"},{"floor":14,"key":"Weak Potion"},{"floor":16,"key":"Energy Potion"},{"floor":17,"key":"SneckoOil"},{"floor":22,"key":"Energy Potion"}],"is_trial":false,"path_per_floor":["M","M","M","$","M","E","R","M","T","E","R","?","E","M","R","B",null,"M","M","?","$","M","E"],"character_chosen":"IRONCLAD","items_purchased":["Bag of Preparation","Kunai"],"campfire_rested":2,"item_purchase_floors":[4,21],"current_hp_per_floor":[77,69,67,67,64,21,45,33,33,32,56,53,42,31,31,17,69,62,65,65,65,45,0],"gold":34,"neow_bonus":"RANDOM_COMMON_RELIC","is_prod":false,"is_daily":false,"chose_seed":false,"campfire_upgraded":1,"win_rate":0,"timestamp":1551391249,"path_taken":["M","?","M","$","M","E","R","M","T","E","R","?","E","M","R","BOSS","M","M","?","$","M","E"],"build_version":"2019-01-23","purchased_purges":0,"victory":false,"max_hp_per_floor":[80,80,80,80,80,80,80,80,80,80,80,80,80,80,80,80,85,85,85,85,85,85,85],"card_choices":[{"not_picked":["Wild Strike","Cleave"],"picked":"Sword Boomerang","floor":1},{"not_picked":["Evolve","Clash"],"picked":"Armaments","floor":2},{"not_picked":["Pummel","Dual Wield"],"picked":"Uppercut","floor":3},{"not_picked":["Flex","Perfected Strike"],"picked":"Disarm","floor":5},{"not_picked":["Headbutt","Iron Wave"],"picked":"Reckless Charge","floor":6},{"not_picked":["Armaments","True Grit"],"picked":"Corruption","floor":8},{"not_picked":["Perfected Strike","Fire Breathing"],"picked":"Demon Form","floor":10},{"not_picked":["Dropkick","Uppercut"],"picked":"Clothesline","floor":13},{"not_picked":["Perfected Strike","Power Through"],"picked":"Sever Soul","floor":14},{"not_picked":["Demon Form","Immolate"],"picked":"Double Tap","floor":16},{"not_picked":["Cleave","Wild Strike"],"picked":"Second Wind","floor":17},{"not_picked":["Anger","Disarm"],"picked":"Clothesline+1","floor":18},{"not_picked":["Twin Strike","Inflame","Anger"],"picked":"SKIP","floor":19},{"not_picked":["Blood for Blood","Flex"],"picked":"Sentinel+1","floor":22}],"player_experience":791552,"relics_obtained":[{"floor":6,"key":"Dead Branch"},{"floor":9,"key":"Gambling Chip"},{"floor":10,"key":"Magic Flower"},{"floor":13,"key":"Gremlin Horn"}],"event_choices":[{"damage_healed":0,"gold_gain":0,"player_choice":"Success","damage_taken":3,"relics_obtained":["Unceasing Top"],"max_hp_gain":0,"max_hp_loss":0,"event_name":"Scrap Ooze","floor":12,"gold_loss":0},{"cards_removed":["Strike_R"],"damage_healed":0,"gold_gain":0,"player_choice":"Purged","damage_taken":0,"max_hp_gain":0,"max_hp_loss":0,"event_name":"Purifier","floor":20,"gold_loss":0}],"is_beta":false,"boss_relics":[{"not_picked":["Pandora\u0027s Box","Runic Pyramid"],"picked":"Tiny House"}],"items_purged_floors":[],"is_endless":false,"potions_floor_spawned":[5,8,10,14,16,22],"killed_by":"Gremlin Leader","ascension_level":13}