{"gold_per_floor":[117,192,40,40,61,61,92,113,113,113,39,52,85,109,109,234,297,320,419,419,419,432,472,472,511,511,544,544,544],"floor_reached":29,"playtime":2246,"items_purged":["Strike_G"],"score":293,"play_id":"cc2b7c1f-63c3-4db5-8367-a8f317d388a2","local_time":"20190224055017","is_ascension_mode":true,"campfire_choices":[{"floor":6,"key":"REST"},{"data":"Flechettes","floor":10,"key":"SMITH"},{"data":"Noxious Fumes","floor":15,"key":"SMITH"},{"data":"Corpse Explosion","floor":24,"key":"SMITH"}],"neow_cost":"PERCENT_DAMAGE","seed_source_timestamp":663573932241143,"circlet_count":0,"master_deck":["Defend_G+1","Defend_G","Defend_G","Defend_G","Defend_G","Strike_G","Survivor","Neutralize","Noxious Fumes+1","Footwork","Injury","Deflect+1","Flechettes+1","PiercingWail","Leg Sweep","Poisoned Stab","Dodge and Roll+1","Backflip","Corpse Explosion+1","Bouncing Flask","Deadly Poison","Writhe","Prepared","Reflex","Prepared+1","Footwork"],"relics":["Ring of the Snake","Golden Idol","Matryoshka","Bottled Lightning","Ancient Tea Set","Odd Mushroom","Tiny House","Dodecahedron","Boot","Ornamental Fan","The Courier","Bronze Scales","Singing Bowl","War Paint"],"potions_floor_usage":[7,13,16,22,23,25,27],"damage_taken":[{"damage":0,"enemies":"2 Louse","floor":1,"turns":3},{"damage":3,"enemies":"Jaw Worm","floor":5,"turns":6},{"damage":20,"enemies":"Lagavulin","floor":7,"turns":11},{"damage":0,"enemies":"Small Slimes","floor":8,"turns":4},{"damage":13,"enemies":"2 Fungi Beasts","floor":12,"turns":4},{"damage":6,"enemies":"The Mushroom Lair","floor":13,"turns":6},{"damage":1,"enemies":"Large Slime","floor":14,"turns":8},{"damage":12,"enemies":"The Guardian","floor":16,"turns":11},{"damage":20,"enemies":"Spheric Guardian","floor":18,"turns":4},{"damage":0,"enemies":"Shell Parasite","floor":22,"turns":6},{"damage":19,"enemies":"Gremlin Leader","floor":23,"turns":7},{"damage":24,"enemies":"Slavers","floor":25,"turns":3},{"damage":11,"enemies":"Book of Stabbing","floor":27,"turns":5},{"damage":3,"enemies":"3 Cultists","floor":29,"turns":2}],"seed_played":"5305607707655988220","potions_obtained":[{"floor":5,"key":"Regen Potion"},{"floor":7,"key":"EssenceOfSteel"},{"floor":8,"key":"Ancient Potion"},{"floor":13,"key":"LiquidBronze"},{"floor":14,"key":"Strength Potion"},{"floor":17,"key":"Energy Potion"},{"floor":18,"key":"SkillPotion"},{"floor":23,"key":"SkillPotion"},{"floor":27,"key":"FearPotion"}],"is_trial":false,"path_per_floor":["M","?","$","?","M","R","E","M","T","R","$","M","?","M","R","B",null,"M","?","?","T","M","E","R","E","T","E","?","M"],"character_chosen":"THE_SILENT","items_purchased":["Footwork","Leg Sweep"],"campfire_rested":1,"item_purchase_floors":[3,11],"current_hp_per_floor":[49,38,38,38,35,56,51,51,51,51,51,38,32,31,31,19,75,55,55,55,55,55,36,36,12,12,3,3,0],"gold":544,"neow_bonus":"REMOVE_TWO","is_prod":false,"is_daily":false,"chose_seed":false,"campfire_upgraded":3,"win_rate":0,"timestamp":1551005417,"path_taken":["M","?","$","?","M","R","E","M","T","R","$","M","?","M","R","BOSS","M","?","?","?","M","E","R","E","T","E","?","?"],"build_version":"2019-01-23","purchased_purges":1,"victory":false,"max_hp_per_floor":[70,70,70,70,70,70,70,70,70,70,70,70,70,70,70,70,75,75,75,75,75,75,75,75,75,75,77,77,77],"card_choices":[{"not_picked":["Dagger Throw","Escape Plan"],"picked":"Noxious Fumes","floor":1},{"not_picked":["Dagger Throw","Outmaneuver"],"picked":"Deflect","floor":5},{"not_picked":["Riddle With Holes","Quick Slash"],"picked":"Flechettes","floor":7},{"not_picked":["Infinite Blades","Blade Dance"],"picked":"PiercingWail","floor":8},{"not_picked":["Finisher","Bullet Time"],"picked":"Poisoned Stab","floor":12},{"not_picked":["Blade Dance","Flying Knee"],"picked":"Dodge and Roll","floor":13},{"not_picked":["Outmaneuver","Dagger Throw"],"picked":"Backflip","floor":14},{"not_picked":["Malaise","Die Die Die"],"picked":"Corpse Explosion","floor":16},{"not_picked":["Leg Sweep","Sucker Punch"],"picked":"Bouncing Flask","floor":17},{"not_picked":["Tactician","Dodge and Roll"],"picked":"Deadly Poison","floor":18},{"not_picked":["Blade Dance","Concentrate"],"picked":"Prepared","floor":22},{"not_picked":["Setup+1","Dash"],"picked":"Reflex","floor":23},{"not_picked":["Well Laid Plans","PiercingWail"],"picked":"Prepared+1","floor":25},{"not_picked":["Predator","Glass Knife","Backstab"],"picked":"Singing Bowl","floor":27}],"player_experience":443905,"relics_obtained":[{"floor":7,"key":"Matryoshka"},{"floor":9,"key":"Bottled Lightning"},{"floor":9,"key":"Ancient Tea Set"},{"floor":13,"key":"Odd Mushroom"},{"floor":21,"key":"Boot"},{"floor":21,"key":"Ornamental Fan"},{"floor":23,"key":"The Courier"},{"floor":25,"key":"Bronze Scales"},{"floor":26,"key":"Singing Bowl"},{"floor":27,"key":"War Paint"}],"event_choices":[{"damage_healed":0,"gold_gain":75,"player_choice":"Gather Gold","damage_taken":11,"max_hp_gain":0,"max_hp_loss":0,"event_name":"World of Goop","floor":2,"gold_loss":0},{"damage_healed":0,"gold_gain":0,"player_choice":"Take Wound","damage_taken":0,"relics_obtained":["Golden Idol"],"max_hp_gain":0,"max_hp_loss":0,"event_name":"Golden Idol","floor":4,"gold_loss":0,"cards_obtained":["Injury"]},{"damage_healed":0,"gold_gain":0,"player_choice":"Fought Mushrooms","damage_taken":0,"max_hp_gain":0,"max_hp_loss":0,"event_name":"Mushrooms","floor":13,"gold_loss":0},{"damage_healed":0,"gold_gain":99,"player_choice":"Stole From Cult","damage_taken":0,"max_hp_gain":0,"max_hp_loss":0,"event_name":"Nest","floor":19,"gold_loss":0},{"damage_healed":0,"gold_gain":0,"player_choice":"Opened","damage_taken":0,"relics_obtained":["Dodecahedron"],"max_hp_gain":0,"max_hp_loss":0,"event_name":"The Mausoleum","floor":20,"gold_loss":0,"cards_obtained":["Writhe"]},{"damage_healed":0,"gold_gain":0,"cards_transformed":["Strike_G"],"player_choice":"Transformed","damage_taken":0,"max_hp_gain":0,"max_hp_loss":0,"event_name":"Transmorgrifier","floor":28,"gold_loss":0,"cards_obtained":["Footwork"]}],"is_beta":false,"boss_relics":[{"not_picked":["Black Star","Fusion Hammer"],"picked":"Tiny House"}],"items_purged_floors":[3],"is_endless":false,"potions_floor_spawned":[5,7,8,13,14,18,23,27],"killed_by":"3 Cultists","ascension_level":1}