{"gold_per_floor":[109,109,123,123,36,69,88,88,113,147,16,39,59,72,72,176,226,239,239,16,16,16,36,36,51,100,100,100,119,119,139,139,139],"floor_reached":33,"playtime":1418,"items_purged":[],"score":408,"play_id":"b5fdf425-9832-481a-bfb6-0581f032f369","local_time":"20190211174534","is_ascension_mode":true,"campfire_choices":[{"data":"All Out Attack","floor":8,"key":"SMITH"},{"floor":15,"key":"REST"},{"data":"Burst","floor":24,"key":"SMITH"},{"data":"Footwork","floor":27,"key":"SMITH"},{"floor":30,"key":"REST"},{"data":"Noxious Fumes","floor":32,"key":"SMITH"}],"neow_cost":"NONE","seed_source_timestamp":710499605061283,"circlet_count":0,"master_deck":["AscendersBane","Defend_G","Defend_G","Defend_G","Defend_G","Defend_G","Strike_G","Strike_G","Strike_G","Survivor","Neutralize+1","PiercingWail","Dagger Throw","All Out Attack+1","Dagger Spray+1","Dagger Spray","Noxious Fumes+1","Backflip","PiercingWail","Dash","Glass Knife","Cloak And Dagger","Escape Plan","Burst+1","Footwork+1","Crippling Poison"],"relics":["Ring of the Snake","Orichalcum","Potion Belt","Letter Opener","Odd Mushroom","Tiny House","Vajra","Omamori"],"potions_floor_usage":[10,13,16,16,25,25,33],"damage_taken":[{"damage":0,"enemies":"2 Louse","floor":1,"turns":4},{"damage":0,"enemies":"Cultist","floor":3,"turns":6},{"damage":27,"enemies":"Lagavulin","floor":6,"turns":7},{"damage":1,"enemies":"Jaw Worm","floor":7,"turns":3},{"damage":6,"enemies":"3 Sentries","floor":10,"turns":4},{"damage":0,"enemies":"The Mushroom Lair","floor":12,"turns":2},{"damage":0,"enemies":"Looter","floor":13,"turns":4},{"damage":2,"enemies":"Exordium Wildlife","floor":14,"turns":4},{"damage":41,"enemies":"Slime Boss","floor":16,"turns":11},{"damage":0,"enemies":"3 Byrds","floor":18,"turns":5},{"damage":6,"enemies":"Spheric Guardian","floor":23,"turns":8},{"damage":13,"enemies":"Snake Plant","floor":25,"turns":7},{"damage":16,"enemies":"Colosseum Slavers","floor":28,"turns":6},{"damage":4,"enemies":"Snecko","floor":29,"turns":7},{"damage":11,"enemies":"3 Cultists","floor":31,"turns":4},{"damage":50,"enemies":"Automaton","floor":33,"turns":6}],"seed_played":"6346100326554417268","potions_obtained":[{"floor":6,"key":"Weak Potion"},{"floor":12,"key":"Dexterity Potion"},{"floor":13,"key":"Block Potion"},{"floor":14,"key":"Ancient Potion"},{"floor":17,"key":"Block Potion"},{"floor":23,"key":"Regen Potion"}],"is_trial":false,"path_per_floor":["M","?","M","?","$","E","M","R","T","E","$","?","M","M","R","B",null,"M","?","$","?","$","M","R","M","T","R","?","M","R","M","R","B"],"character_chosen":"THE_SILENT","items_purchased":["All Out Attack","Energy Potion","Noxious Fumes","Backflip","Fire Potion","Vajra","Footwork"],"campfire_rested":2,"item_purchase_floors":[5,5,11,11,11,20,20],"current_hp_per_floor":[63,63,63,63,63,36,35,35,35,29,29,29,29,27,48,7,59,59,59,59,59,59,53,53,55,55,55,39,35,57,46,46,0],"gold":139,"neow_bonus":"UPGRADE_CARD","is_prod":false,"is_daily":false,"chose_seed":false,"campfire_upgraded":4,"win_rate":0,"timestamp":1549903534,"path_taken":["M","?","M","?","$","E","M","R","T","E","$","?","M","M","R","BOSS","M","?","?","?","$","M","R","M","T","R","?","M","R","M","R","BOSS"],"build_version":"2019-01-23","purchased_purges":0,"victory":false,"max_hp_per_floor":[70,70,70,70,70,70,70,70,70,70,70,70,70,70,70,70,75,75,75,75,75,75,75,75,75,75,75,75,75,75,75,75,75],"card_choices":[{"not_picked":["Dodge and Roll","Backflip"],"picked":"PiercingWail","floor":1},{"not_picked":["Backflip","Slice"],"picked":"Dagger Throw","floor":3},{"not_picked":["Bullet Time","Acrobatics","Dodge and Roll"],"picked":"SKIP","floor":6},{"not_picked":["Choke","Setup"],"picked":"Dagger Spray","floor":7},{"not_picked":["Concentrate","Quick Slash"],"picked":"Dagger Spray","floor":10},{"not_picked":["Deflect","Finisher"],"picked":"PiercingWail","floor":12},{"not_picked":["Bullet Time","Outmaneuver"],"picked":"Dash","floor":13},{"not_picked":["Masterful Stab","Slice","Bane"],"picked":"SKIP","floor":14},{"not_picked":["Night Terror","Envenom"],"picked":"Glass Knife","floor":16},{"not_picked":["Riddle With Holes","Poisoned Stab"],"picked":"Cloak And Dagger","floor":17},{"not_picked":["Blade Dance","Cloak And Dagger"],"picked":"Escape Plan","floor":18},{"not_picked":["Dagger Throw","Acrobatics","Corpse Explosion"],"picked":"SKIP","floor":23},{"not_picked":["Underhanded Strike","All Out Attack","Quick Slash"],"picked":"SKIP","floor":25},{"not_picked":["Outmaneuver","Blade Dance","Sucker Punch"],"picked":"SKIP","floor":29},{"not_picked":["Flechettes","Accuracy"],"picked":"Crippling Poison","floor":31}],"player_experience":616022,"relics_obtained":[{"floor":6,"key":"Orichalcum"},{"floor":9,"key":"Potion Belt"},{"floor":10,"key":"Letter Opener"},{"floor":12,"key":"Odd Mushroom"},{"floor":26,"key":"Omamori"}],"event_choices":[{"damage_healed":0,"gold_gain":0,"player_choice":"Ignored","damage_taken":0,"max_hp_gain":0,"max_hp_loss":0,"event_name":"Liars Game","floor":2,"gold_loss":0},{"cards_removed":["Strike_G"],"damage_healed":0,"gold_gain":0,"player_choice":"Forget","damage_taken":0,"max_hp_gain":0,"max_hp_loss":0,"event_name":"Living Wall","floor":4,"gold_loss":0},{"damage_healed":0,"gold_gain":0,"player_choice":"Fought Mushrooms","damage_taken":0,"max_hp_gain":0,"max_hp_loss":0,"event_name":"Mushrooms","floor":12,"gold_loss":0},{"damage_healed":0,"gold_gain":0,"cards_transformed":["Strike_G"],"player_choice":"Transformed","damage_taken":0,"max_hp_gain":0,"max_hp_loss":0,"event_name":"Transmorgrifier","floor":19,"gold_loss":0,"cards_obtained":["Burst"]},{"damage_healed":0,"gold_gain":0,"player_choice":"Ignored","damage_taken":0,"max_hp_gain":0,"max_hp_loss":0,"event_name":"Vampires","floor":21,"gold_loss":0},{"damage_healed":0,"gold_gain":0,"player_choice":"Fight","damage_taken":0,"max_hp_gain":0,"max_hp_loss":0,"event_name":"Colosseum","floor":28,"gold_loss":0},{"damage_healed":0,"gold_gain":0,"player_choice":"Fled From Nobs","damage_taken":0,"max_hp_gain":0,"max_hp_loss":0,"event_name":"Colosseum","floor":28,"gold_loss":0}],"is_beta":false,"boss_relics":[{"not_picked":["Astrolabe","Velvet Choker"],"picked":"Tiny House"}],"items_purged_floors":[],"is_endless":false,"potions_floor_spawned":[6,12,13,14,23,28],"killed_by":"Automaton","ascension_level":12}