{"path_per_floor":["M","M","?","M","$","E","?","R","T","?","R","$","?","M","R","B",null,"M","?","M","?","M","M","R","M","T","M","R","M","$","M","R"],"character_chosen":"THE_SILENT","items_purchased":["Finisher","Backstab","Infinite Blades","Pen Nib","Glass Knife"],"gold_per_floor":[114,127,127,147,34,64,64,64,144,169,169,12,112,132,132,228,228,242,167,180,180,200,214,214,225,225,241,241,256,20,37,37],"floor_reached":33,"campfire_rested":5,"playtime":4583,"current_hp_per_floor":[68,68,68,54,54,38,26,47,47,47,68,68,68,68,68,20,70,67,67,57,57,50,13,34,23,23,10,31,16,16,11,32],"items_purged":["Catalyst"],"gold":37,"score":249,"play_id":"fe46e4dc-d65c-4ec6-aab7-3d0fd1f5d62d","local_time":"20180302112616","is_prod":false,"is_daily":false,"is_ascension_mode":false,"campfire_upgraded":1,"timestamp":1520007976,"path_taken":["M","M","?","?","$","E","?","R","T","?","R","?","?","M","R","BOSS","M","?","M","?","M","M","R","M","T","?","R","M","$","M","R","BOSS"],"build_version":"2018-03-01-PROD1","purchased_purges":1,"victory":false,"master_deck":["Defend_G+1","Defend_G","Defend_G","Defend_G+1","Defend_G","Strike_G","Strike_G","Strike_G","Survivor","Neutralize","Prepared","Dagger Spray","Skewer","Finisher","PiercingWail","Deflect","Backstab","Infinite Blades+1","Dagger Spray","Venomology","Slice","Dagger Spray+1","Dodge and Roll","Malaise+1","Malaise","Flechettes","Slice+1","Glass Knife","Flechettes"],"max_hp_per_floor":[70,70,70,70,70,70,70,70,70,70,70,70,70,70,70,70,70,70,70,70,70,70,70,70,70,70,70,70,70,70,70,70],"relics":["Ring of the Snake","Gambling Chip","Bag of Preparation","Gremlin Horn","Odd Mushroom","Runic Pyramid","War Paint","Pen Nib"],"card_choices":[{"not_picked":["Slice","Endless Agony"],"picked":"Prepared"},{"not_picked":["Poisoned Stab","Heel Hook"],"picked":"Dagger Spray"},{"not_picked":["Dodge and Roll","Catalyst"],"picked":"Skewer"},{"not_picked":["Expertise","Dash"],"picked":"PiercingWail"},{"not_picked":["Eviscerate","Poisoned Stab"],"picked":"Deflect"},{"not_picked":["Dodge and Roll","Eviscerate"],"picked":"Dagger Spray"},{"not_picked":["Bullet Time","Night Terror"],"picked":"Venomology"},{"not_picked":["Backflip","Prepared"],"picked":"Slice"},{"not_picked":["Quick Slash","Acrobatics"],"picked":"Dagger Spray"},{"not_picked":["Expertise","Backflip"],"picked":"Dodge and Roll"},{"not_picked":["Bane","Sucker Punch"],"picked":"Malaise"},{"not_picked":["Deflect","Bane"],"picked":"Malaise"},{"not_picked":["Prepared","Slice"],"picked":"Flechettes"},{"not_picked":["Bouncing Flask","Poisoned Stab"],"picked":"Slice"},{"not_picked":["Malaise","Quick Slash"],"picked":"Flechettes"}],"player_experience":28853,"potions_floor_usage":[31,31,33,33,33],"damage_taken":[{"damage":2.0,"enemies":"Small Slimes","floor":1.0,"turns":4.0},{"damage":0.0,"enemies":"2 Louse","floor":2.0,"turns":3.0},{"damage":14.0,"enemies":"Jaw Worm","floor":4.0,"turns":4.0},{"damage":16.0,"enemies":"3 Sentries","floor":6.0,"turns":6.0},{"damage":0.0,"enemies":"The Mushroom Lair","floor":10.0,"turns":3.0},{"damage":0.0,"enemies":"Lots of Slimes","floor":14.0,"turns":1.0},{"damage":48.0,"enemies":"The Guardian","floor":16.0,"turns":13.0},{"damage":3.0,"enemies":"3 Byrds","floor":18.0,"turns":3.0},{"damage":10.0,"enemies":"Spheric Guardian","floor":20.0,"turns":3.0},{"damage":13.0,"enemies":"Centurion and Healer","floor":22.0,"turns":4.0},{"damage":37.0,"enemies":"Snake Plant","floor":23.0,"turns":7.0},{"damage":11,"enemies":"Cultist and Chosen","floor":25,"turns":8},{"damage":13,"enemies":"Snecko","floor":27,"turns":5},{"damage":15,"enemies":"Centurion and Healer","floor":29,"turns":6},{"damage":14,"enemies":"Sentry and Sphere","floor":31,"turns":4},{"damage":50,"enemies":"Champ","floor":33,"turns":11}],"event_choices":[{"event_name":"Liars Game","player_choice":"disagreed","floor":3.0,"damage_taken":0.0},{"event_name":"Scrap Ooze","player_choice":"success","floor":7.0,"damage_taken":12.0},{"event_name":"Mushrooms","player_choice":"Fought Mushrooms","floor":10.0,"damage_taken":0.0},{"event_name":"Golden Shrine","player_choice":"Pray","floor":13.0,"damage_taken":0.0},{"event_name":"Beggar","player_choice":"Gave Gold","floor":19.0,"damage_taken":0.0},{"event_name":"Drug Dealer","player_choice":"Ignored","floor":21.0,"damage_taken":0.0}],"boss_relics":[],"potions_floor_spawned":[2,10,14,18,20,31],"seed_played":"-4284754724476892851","killed_by":"Champ","ascension_level":0,"is_trial":false}