{"gold_per_floor":[113,123,123,198,198,227,227,246,269,269,289,318,318,35,35,106,106,124,136,16,27,27,57,57,92,92,125,125,44,44,54,54,127,127,147,160,160,160,171,171,198,198,223,235,247,13,29,76,76,76],"floor_reached":50,"playtime":2113,"items_purged":["Defend_R"],"score":1056,"play_id":"12dadf0c-6bcc-4c77-a2b1-266b1252b900","local_time":"20190304120407","is_ascension_mode":true,"campfire_choices":[{"data":"Bash","floor":7,"key":"SMITH"},{"data":"Feed","floor":10,"key":"SMITH"},{"data":"Pommel Strike","floor":13,"key":"SMITH"},{"data":"Double Tap","floor":15,"key":"SMITH"},{"data":"Shockwave","floor":24,"key":"SMITH"},{"data":"Battle Trance","floor":28,"key":"SMITH"},{"data":"Limit Break","floor":30,"key":"SMITH"},{"floor":32,"key":"REST"},{"data":"Reaper","floor":40,"key":"SMITH"},{"floor":49,"key":"REST"}],"neow_cost":"NONE","seed_source_timestamp":206724150082237,"circlet_count":0,"master_deck":["AscendersBane","Strike_R","Strike_R","Strike_R","Strike_R","Strike_R","Defend_R","Defend_R","Defend_R","Bash+1","Reaper+1","Perfected Strike+1","Shrug It Off","Feed+1","Twin Strike","Pommel Strike+1","Double Tap+1","Impervious","Warcry+1","Shockwave+1","Battle Trance+1","Limit Break+1","Pommel Strike","Flex","Immolate","Rage+1"],"relics":["Burning Blood","Boot","PreservedInsect","Art of War","Self Forming Clay","Velvet Choker","FaceOfCleric","Pen Nib","Juzu Bracelet","Meat on the Bone","Matryoshka","Busted Crown","Centennial Puzzle","Red Skull","MawBank","Lantern","Ice Cream"],"potions_floor_usage":[11,12,19,23,33,33,50,50],"damage_taken":[{"damage":0,"enemies":"Small Slimes","floor":1,"turns":3},{"damage":8,"enemies":"2 Louse","floor":2,"turns":4},{"damage":52,"enemies":"3 Sentries","floor":6,"turns":11},{"damage":6,"enemies":"Jaw Worm","floor":8,"turns":4},{"damage":1,"enemies":"Lots of Slimes","floor":11,"turns":2},{"damage":0,"enemies":"Gremlin Nob","floor":12,"turns":2},{"damage":46,"enemies":"Slime Boss","floor":16,"turns":8},{"damage":0,"enemies":"Chosen","floor":18,"turns":3},{"damage":14,"enemies":"Shell Parasite","floor":19,"turns":6},{"damage":0,"enemies":"Shelled Parasite and Fungi","floor":21,"turns":2},{"damage":18,"enemies":"Book of Stabbing","floor":23,"turns":3},{"damage":25,"enemies":"Slavers","floor":25,"turns":5},{"damage":12,"enemies":"Gremlin Leader","floor":27,"turns":5},{"damage":9,"enemies":"Cultist and Chosen","floor":31,"turns":6},{"damage":46,"enemies":"Champ","floor":33,"turns":7},{"damage":19,"enemies":"3 Darklings","floor":35,"turns":4},{"damage":9,"enemies":"Orb Walker","floor":36,"turns":3},{"damage":4,"enemies":"Transient","floor":39,"turns":5},{"damage":8,"enemies":"Giant Head","floor":41,"turns":7},{"damage":0,"enemies":"Sphere and 2 Shapes","floor":47,"turns":3},{"damage":52,"enemies":"2 Orb Walkers","floor":48,"turns":4},{"damage":142,"enemies":"Time Eater","floor":50,"turns":9}],"seed_played":"-9043000595575980194","potions_obtained":[{"floor":2,"key":"FearPotion"},{"floor":6,"key":"FearPotion"},{"floor":8,"key":"Explosive Potion"},{"floor":18,"key":"Energy Potion"},{"floor":19,"key":"EssenceOfSteel"},{"floor":27,"key":"PowerPotion"},{"floor":36,"key":"BloodPotion"},{"floor":44,"key":"GamblersBrew"},{"floor":47,"key":"Strength Potion"}],"is_trial":false,"path_per_floor":["M","M","?","?","?","E","R","M","T","R","M","E","R","$","R","B",null,"M","M","$","M","?","E","R","E","T","E","R","$","R","M","R","B",null,"M","M","$","$","M","R","E","$","T","?","$","$","M","?","R","B"],"character_chosen":"IRONCLAD","items_purchased":["Self Forming Clay","Shockwave","Flex","Dexterity Potion","Lantern","Regen Potion"],"campfire_rested":2,"item_purchase_floors":[14,20,29,29,46,46],"current_hp_per_floor":[74,75,75,64,64,29,29,34,34,34,50,56,56,56,56,25,69,79,75,75,81,81,74,74,75,75,80,80,80,80,84,103,64,94,82,80,80,80,101,101,106,106,106,106,106,106,113,88,114,0],"gold":76,"neow_bonus":"ONE_RANDOM_RARE_CARD","is_prod":false,"is_daily":false,"chose_seed":false,"campfire_upgraded":8,"win_rate":0,"timestamp":1551697447,"path_taken":["M","M","?","?","?","E","R","M","T","R","M","E","R","$","R","BOSS","M","M","$","M","?","E","R","E","T","E","R","$","R","M","R","BOSS","M","M","?","$","M","R","E","$","T","?","?","$","M","?","R","BOSS"],"build_version":"2019-01-23","purchased_purges":1,"victory":false,"max_hp_per_floor":[75,75,75,75,75,75,75,75,75,75,79,79,79,79,79,83,83,87,91,91,91,91,96,96,101,101,102,102,102,102,103,103,104,104,105,106,106,106,107,107,108,108,108,108,108,108,113,114,114,114],"card_choices":[{"not_picked":["Metallicize","Evolve"],"picked":"Perfected Strike","floor":1},{"not_picked":["Pommel Strike","Cleave"],"picked":"Shrug It Off","floor":2},{"not_picked":["Second Wind","Shockwave"],"picked":"Feed","floor":6},{"not_picked":["Clothesline","Wild Strike"],"picked":"Twin Strike","floor":8},{"not_picked":["Shrug It Off","Battle Trance"],"picked":"Pommel Strike","floor":11},{"not_picked":["Flame Barrier","Warcry"],"picked":"Double Tap","floor":12},{"not_picked":["Reaper","Immolate"],"picked":"Impervious","floor":16},{"not_picked":["Uppercut","True Grit","Clash"],"picked":"SKIP","floor":18},{"not_picked":["Body Slam","Battle Trance"],"picked":"Warcry+1","floor":19},{"not_picked":["Clothesline","Shrug It Off"],"picked":"Battle Trance","floor":21},{"not_picked":["Shrug It Off","Reaper","Sever Soul"],"picked":"SKIP","floor":23},{"not_picked":["Rampage","Cleave"],"picked":"Limit Break","floor":25},{"not_picked":["Anger","Carnage+1"],"picked":"Pommel Strike","floor":27},{"not_picked":["Flex","Rampage","Corruption"],"picked":"SKIP","floor":31},{"not_picked":["Reaper","Bludgeon"],"picked":"Immolate","floor":33},{"not_picked":["Headbutt"],"picked":"SKIP","floor":35},{"not_picked":["Sever Soul"],"picked":"SKIP","floor":36},{"not_picked":[],"picked":"Rage+1","floor":39},{"not_picked":["True Grit"],"picked":"SKIP","floor":41},{"not_picked":["Warcry+1"],"picked":"SKIP","floor":47}],"player_experience":822970,"relics_obtained":[{"floor":6,"key":"Boot"},{"floor":9,"key":"PreservedInsect"},{"floor":12,"key":"Art of War"},{"floor":23,"key":"Pen Nib"},{"floor":25,"key":"Juzu Bracelet"},{"floor":26,"key":"Meat on the Bone"},{"floor":27,"key":"Matryoshka"},{"floor":41,"key":"Centennial Puzzle"},{"floor":43,"key":"Red Skull"},{"floor":43,"key":"MawBank"},{"floor":48,"key":"Ice Cream"}],"event_choices":[{"damage_healed":0,"gold_gain":0,"player_choice":"Grow","damage_taken":0,"max_hp_gain":0,"max_hp_loss":0,"event_name":"Living Wall","floor":3,"gold_loss":0,"cards_upgraded":["Perfected Strike"]},{"damage_healed":0,"gold_gain":75,"player_choice":"Gather Gold","damage_taken":11,"max_hp_gain":0,"max_hp_loss":0,"event_name":"World of Goop","floor":4,"gold_loss":0},{"damage_healed":0,"gold_gain":0,"player_choice":"Ignored","damage_taken":0,"max_hp_gain":0,"max_hp_loss":0,"event_name":"Liars Game","floor":5,"gold_loss":0},{"damage_healed":0,"gold_gain":0,"player_choice":"Trade","damage_taken":0,"relics_obtained":["FaceOfCleric"],"max_hp_gain":0,"max_hp_loss":0,"event_name":"FaceTrader","floor":22,"gold_loss":0},{"damage_healed":0,"gold_gain":0,"player_choice":"Got Potions","damage_taken":0,"max_hp_gain":0,"max_hp_loss":0,"event_name":"Lab","floor":44,"gold_loss":0},{"damage_healed":0,"gold_gain":0,"player_choice":"Fight","damage_taken":0,"max_hp_gain":0,"max_hp_loss":0,"event_name":"Mysterious Sphere","floor":48,"gold_loss":0}],"is_beta":false,"boss_relics":[{"not_picked":["Cursed Key","Orrery"],"picked":"Velvet Choker"},{"not_picked":["Black Star","Coffee Dripper"],"picked":"Busted Crown"}],"items_purged_floors":[20],"is_endless":false,"potions_floor_spawned":[2,6,8,18,19,27,31,36,47,48],"killed_by":"Time Eater","ascension_level":16}