{"path_per_floor":["M","M","?","T","?","E","R","M","T","M","E","$","$","M","R"],"character_chosen":"DEFECT","items_purchased":["Hello World","Redo+1","Heatsinks"],"gold_per_floor":[111,125,125,125,200,231,231,251,251,271,297,126,48,66,66,66],"floor_reached":16,"campfire_rested":2,"playtime":1046,"item_purchase_floors":[12,12,13],"current_hp_per_floor":[69,63,56,56,45,13,35,35,35,32,13,13,13,2,24,0],"items_purged":["Strike_B"],"gold":66,"score":110,"play_id":"4bfe8d4e-1c1a-4527-b0ac-48c7d82af9a5","local_time":"20180601030654","is_prod":false,"is_daily":false,"chose_seed":false,"is_ascension_mode":false,"campfire_upgraded":0,"win_rate":0.0,"timestamp":1527836814,"campfire_choices":[{"floor":7,"key":"REST"},{"floor":15,"key":"REST"}],"path_taken":["M","M","?","?","?","E","R","M","T","M","E","?","$","M","R","BOSS"],"build_version":"2018-05-31","seed_source_timestamp":42782833917298,"purchased_purges":1,"victory":false,"master_deck":["Strike_B","Strike_B","Defend_B","Defend_B","Defend_B","Defend_B","Zap","Dualcast","Multi-Cast","Force Field","FTL","Cold Snap","Redo","Beam Cell","Storm","Hello World","Redo+1","Heatsinks","Barrage"],"max_hp_per_floor":[75,75,75,75,75,75,75,75,75,75,75,75,75,75,75,75],"relics":["Cracked Core","Ornamental Fan","Juzu Bracelet","Letter Opener","Toxic Egg 2"],"card_choices":[{"not_picked":["Leap","Melter"],"picked":"Force Field","floor":1},{"not_picked":["Scrape","Gash"],"picked":"FTL","floor":2},{"not_picked":["Hologram","Doom and Gloom"],"picked":"Cold Snap","floor":6},{"not_picked":["Steam","Stack"],"picked":"Redo","floor":8},{"not_picked":["Conserve Battery","Go for the Eyes"],"picked":"Beam Cell","floor":10},{"not_picked":["Biased Cognition","Sweeping Beam"],"picked":"Storm","floor":11},{"not_picked":["Gash","FTL"],"picked":"Barrage","floor":14}],"player_experience":355646,"potions_floor_usage":[6,16],"damage_taken":[{"damage":6,"enemies":"Jaw Worm","floor":1,"turns":2},{"damage":6,"enemies":"2 Louse","floor":2,"turns":3},{"damage":32,"enemies":"Lagavulin","floor":6,"turns":7},{"damage":0,"enemies":"Small Slimes","floor":8,"turns":3},{"damage":3,"enemies":"Exordium Thugs","floor":10,"turns":4},{"damage":19,"enemies":"3 Sentries","floor":11,"turns":7},{"damage":11,"enemies":"Looter","floor":14,"turns":3},{"damage":28,"enemies":"Hexaghost","floor":16,"turns":7}],"relics_obtained":[{"floor":4,"key":"Ornamental Fan"},{"floor":6,"key":"Juzu Bracelet"},{"floor":9,"key":"Letter Opener"},{"floor":11,"key":"Toxic Egg 2"}],"event_choices":[{"event_name":"Golden Wing","player_choice":"Card Removal","floor":3,"damage_taken":0},{"event_name":"World of Goop","player_choice":"Gather Gold","floor":5,"damage_taken":0}],"boss_relics":[],"items_purged_floors":[12],"potions_floor_spawned":[2,6,10],"seed_played":"5946239527721195640","killed_by":"Hexaghost","ascension_level":0,"potions_obtained":[{"floor":2,"key":"AttackPotion"},{"floor":6,"key":"Dexterity Potion"},{"floor":10,"key":"Block Potion"}],"is_trial":false}