{"gold_per_floor":[110,120,135,13,13,13,27,27,27,46,56,85,85,119,119,218,218,231,249,260,271,271,297,297,44,68,68,142,17,28,28,28,125,125,137,147,147,247,157,157,121,121,145,162,175,25,37,52,52,52],"floor_reached":51,"playtime":3164,"items_purged":["Strike_G","Blade Dance","Setup","Dagger Spray"],"score":799,"play_id":"8a095ae8-02cf-45a8-9fc0-3f2858cc1c68","local_time":"20181216143113","is_ascension_mode":true,"campfire_choices":[{"data":"Deflect","floor":6,"key":"SMITH"},{"data":"Backflip","floor":8,"key":"SMITH"},{"floor":13,"key":"REST"},{"data":"Footwork","floor":15,"key":"SMITH"},{"data":"After Image","floor":24,"key":"SMITH"},{"floor":27,"key":"REST"},{"floor":32,"key":"REST"},{"floor":40,"key":"RECALL"},{"data":"Noxious Fumes","floor":42,"key":"SMITH"},{"data":"Doppelganger","floor":49,"key":"SMITH"}],"neow_cost":"NONE","seed_source_timestamp":164801996369323,"circlet_count":0,"master_deck":["Survivor+1","Neutralize+1","Deadly Poison","Cloak And Dagger","Deflect+1","Backflip+1","Footwork+1","All Out Attack","Well Laid Plans","Doppelganger+1","Bouncing Flask","Slice","After Image+1","Escape Plan","Bouncing Flask","Bane","Skewer+1","Poisoned Stab+1","Setup+1","Bandage Up+1","Malaise","Blur+1","Dark Shackles","Backflip+1","Noxious Fumes+1","Backflip+1","Noxious Fumes+1","Sucker Punch"],"relics":["Ring of the Snake","Matryoshka","Blood Vial","Turnip","Pandora\u0027s Box","Singing Bowl","Vajra","Dream Catcher","Shuriken","Darkstone Periapt","Sozu","Prayer Wheel","Oddly Smooth Stone"],"potions_floor_usage":[11,18,20,23,30,35],"damage_taken":[{"damage":0,"enemies":"Cultist","floor":1,"turns":4},{"damage":7,"enemies":"Jaw Worm","floor":2,"turns":4},{"damage":0,"enemies":"Small Slimes","floor":3,"turns":3},{"damage":0,"enemies":"3 Louse","floor":7,"turns":3},{"damage":1,"enemies":"2 Fungi Beasts","floor":10,"turns":5},{"damage":16,"enemies":"Exordium Thugs","floor":11,"turns":7},{"damage":20,"enemies":"3 Sentries","floor":12,"turns":11},{"damage":0,"enemies":"Lagavulin","floor":14,"turns":7},{"damage":0,"enemies":"Slime Boss","floor":16,"turns":17},{"damage":12,"enemies":"2 Thieves","floor":18,"turns":4},{"damage":5,"enemies":"Chosen","floor":19,"turns":5},{"damage":8,"enemies":"Centurion and Healer","floor":20,"turns":6},{"damage":14,"enemies":"3 Cultists","floor":21,"turns":6},{"damage":21,"enemies":"Book of Stabbing","floor":23,"turns":6},{"damage":35,"enemies":"Snake Plant","floor":30,"turns":4},{"damage":22,"enemies":"Champ","floor":33,"turns":12},{"damage":10,"enemies":"Orb Walker","floor":35,"turns":5},{"damage":33,"enemies":"3 Shapes","floor":36,"turns":4},{"damage":0,"enemies":"Mind Bloom Boss Battle","floor":38,"turns":7},{"damage":0,"enemies":"Maw","floor":44,"turns":7},{"damage":13,"enemies":"Spire Growth","floor":45,"turns":6},{"damage":23,"enemies":"Transient","floor":47,"turns":5},{"damage":0,"enemies":"Maw","floor":48,"turns":7},{"damage":40,"enemies":"Donu and Deca","floor":50,"turns":9}],"seed_played":"3642932928299166926","potions_obtained":[{"floor":2,"key":"GhostInAJar"},{"floor":10,"key":"Block Potion"},{"floor":12,"key":"LiquidBronze"},{"floor":16,"key":"Explosive Potion"},{"floor":21,"key":"Ancient Potion"},{"floor":23,"key":"Explosive Potion"},{"floor":33,"key":"AttackPotion"}],"is_trial":false,"path_per_floor":["M","M","M","$","?","R","M","R","T","M","M","E","R","E","R","B",null,"M","M","M","M","?","E","R","$","T","R","T","$","M","?","R","B",null,"M","M","?","?","?","R","$","R","T","M","M","$","M","M","R","B",null],"character_chosen":"THE_SILENT","items_purchased":["Deflect","Vajra","Noxious Fumes"],"campfire_rested":3,"item_purchase_floors":[4,25,41],"current_hp_per_floor":[70,63,63,63,63,63,63,63,63,62,46,26,47,49,49,51,70,58,55,49,37,60,41,41,41,41,62,62,62,31,31,54,38,74,66,39,39,45,45,45,45,45,45,57,54,54,39,47,47,15],"gold":52,"neow_bonus":"UPGRADE_CARD","is_prod":false,"is_daily":false,"chose_seed":false,"campfire_upgraded":6,"win_rate":0,"timestamp":1544967073,"path_taken":["M","M","?","$","?","R","M","R","T","?","M","E","R","E","R","BOSS","M","M","M","M","?","E","R","$","T","R","?","$","?","?","R","BOSS","M","?","?","?","?","R","$","R","T","?","M","$","M","M","R","BOSS"],"build_version":"2018-12-13","purchased_purges":4,"victory":true,"max_hp_per_floor":[70,70,70,70,70,70,70,70,70,70,70,70,70,70,70,70,70,70,70,70,70,70,70,70,70,70,70,70,70,72,72,74,74,74,76,76,76,76,76,76,76,76,76,80,82,82,82,82,82,82],"card_choices":[{"not_picked":["Underhanded Strike","Dagger Throw"],"picked":"Deadly Poison","floor":1},{"not_picked":["Flying Knee","Dagger Throw"],"picked":"Dagger Spray","floor":2},{"not_picked":["Blade Dance","Calculated Gamble"],"picked":"Cloak And Dagger","floor":3},{"not_picked":["Prepared","Predator"],"picked":"Backflip","floor":7},{"not_picked":["Flying Knee","Crippling Poison"],"picked":"Footwork","floor":10},{"not_picked":["Deadly Poison","Skewer","Bane"],"picked":"SKIP","floor":11},{"not_picked":["Terror","Crippling Poison"],"picked":"All Out Attack","floor":12},{"not_picked":["Dodge and Roll","Calculated Gamble"],"picked":"Well Laid Plans","floor":14},{"not_picked":["Glass Knife","Storm of Steel"],"picked":"Doppelganger","floor":16},{"not_picked":["Cloak And Dagger","Heel Hook","Slice"],"picked":"SKIP","floor":18},{"not_picked":["Slice","Infinite Blades","Well Laid Plans"],"picked":"SKIP","floor":19},{"not_picked":["Predator","Concentrate","Eviscerate"],"picked":"SKIP","floor":20},{"not_picked":["Slice","Blade Dance"],"picked":"Skewer+1","floor":21},{"not_picked":["Phantasmal Killer","Acrobatics"],"picked":"Poisoned Stab+1","floor":23},{"not_picked":["Prepared","Bane"],"picked":"Setup+1","floor":27},{"not_picked":["Underhanded Strike","Prepared+1","Dagger Spray"],"picked":"Singing Bowl","floor":30},{"not_picked":["Terror","Underhanded Strike","Cloak And Dagger+1"],"picked":"Singing Bowl","floor":32},{"not_picked":["Unload","Wraith Form v2"],"picked":"Malaise","floor":33},{"not_picked":["Bouncing Flask+1","Reflex+1","Finisher+1"],"picked":"Singing Bowl","floor":35},{"not_picked":["Sucker Punch","Bane+1"],"picked":"Blur+1","floor":36},{"not_picked":["Trip","PanicButton"],"picked":"Dark Shackles","floor":37},{"not_picked":["Slice","Concentrate"],"picked":"Backflip+1","floor":38},{"not_picked":["Slice","PiercingWail+1","Accuracy"],"picked":"Singing Bowl","floor":44},{"not_picked":["Backstab+1","Prepared+1","Acrobatics"],"picked":"Singing Bowl","floor":44},{"not_picked":["Blade Dance","Dodge and Roll"],"picked":"Backflip+1","floor":45},{"not_picked":["Deadly Poison","Cloak And Dagger+1","Quick Slash+1"],"picked":"Singing Bowl","floor":45},{"not_picked":["Setup","Cloak And Dagger"],"picked":"Noxious Fumes+1","floor":47},{"not_picked":["Deflect","Blur","Prepared"],"picked":"SKIP","floor":47},{"not_picked":["Burst","Well Laid Plans+1"],"picked":"Sucker Punch","floor":48},{"not_picked":["Flying Knee","Leg Sweep","Backflip+1"],"picked":"SKIP","floor":48}],"player_experience":401075,"relics_obtained":[{"floor":9,"key":"Matryoshka"},{"floor":12,"key":"Blood Vial"},{"floor":14,"key":"Turnip"},{"floor":23,"key":"Singing Bowl"},{"floor":26,"key":"Dream Catcher"},{"floor":28,"key":"Shuriken"},{"floor":28,"key":"Darkstone Periapt"},{"floor":38,"key":"Prayer Wheel"},{"floor":43,"key":"Oddly Smooth Stone"}],"event_choices":[{"damage_healed":0,"gold_gain":0,"player_choice":"Upgraded","damage_taken":0,"max_hp_gain":0,"max_hp_loss":0,"event_name":"Upgrade Shrine","floor":5,"gold_loss":0,"cards_upgraded":["Survivor"]},{"damage_healed":23,"gold_gain":0,"player_choice":"Heal","damage_taken":0,"max_hp_gain":0,"max_hp_loss":0,"event_name":"The Library","floor":22,"gold_loss":0},{"damage_healed":0,"gold_gain":0,"player_choice":"1 cards matched","damage_taken":0,"max_hp_gain":0,"max_hp_loss":0,"event_name":"Match and Keep!","floor":31,"gold_loss":0,"cards_obtained":["Bandage Up"]},{"damage_healed":0,"gold_gain":0,"player_choice":"Memory 1","damage_taken":0,"max_hp_gain":0,"max_hp_loss":0,"event_name":"SensoryStone","floor":37,"gold_loss":0},{"damage_healed":0,"gold_gain":0,"player_choice":"Fight","damage_taken":0,"max_hp_gain":0,"max_hp_loss":0,"event_name":"MindBloom","floor":38,"gold_loss":0},{"cards_removed":["Riddle With Holes"],"damage_healed":0,"gold_gain":0,"player_choice":"Upgrade and Remove","damage_taken":0,"max_hp_gain":0,"max_hp_loss":0,"event_name":"Designer","floor":39,"gold_loss":90,"cards_upgraded":["Bandage Up"]}],"is_beta":false,"boss_relics":[{"not_picked":["Calling Bell","White Beast Statue"],"picked":"Pandora\u0027s Box"},{"not_picked":["Fusion Hammer","Eternal Feather"],"picked":"Sozu"}],"items_purged_floors":[4,25,29,46],"is_endless":false,"potions_floor_spawned":[2,10,12,16,21,23,33,36,38,45,47],"ascension_level":2}