{"gold_per_floor":[216,216,216,228,246,258,258,268,268,268,282,282,155,168,168,168],"floor_reached":16,"playtime":686,"items_purged":["Dualcast"],"score":94,"play_id":"6a0ca150-723f-447d-b688-39269343318a","local_time":"20180727190606","is_ascension_mode":false,"campfire_choices":[{"data":"Zap","floor":7,"key":"SMITH"},{"data":"Redo","floor":10,"key":"SMITH"},{"data":"Go for the Eyes","floor":12,"key":"SMITH"},{"floor":15,"key":"REST"}],"neow_cost":"NONE","seed_source_timestamp":1216125927428754,"circlet_count":0,"master_deck":["Strike_B","Strike_B","Strike_B","Strike_B","Defend_B","Defend_B","Defend_B","Defend_B","Zap+1","Stack","Go for the Eyes+1","Steam","Redo+1","Ball Lightning","Amplify","Redo","Go for the Eyes"],"relics":["Cracked Core","Calipers","Pear"],"potions_floor_usage":[],"damage_taken":[{"damage":2,"enemies":"Cultist","floor":1,"turns":5},{"damage":1,"enemies":"Jaw Worm","floor":4,"turns":5},{"damage":11,"enemies":"2 Louse","floor":5,"turns":4},{"damage":5,"enemies":"Large Slime","floor":6,"turns":5},{"damage":10,"enemies":"Exordium Wildlife","floor":8,"turns":4},{"damage":19,"enemies":"Exordium Thugs","floor":11,"turns":4},{"damage":18,"enemies":"Gremlin Gang","floor":14,"turns":4},{"damage":50,"enemies":"Slime Boss","floor":16,"turns":8}],"seed_played":"7443404716694142304","potions_obtained":[{"floor":4,"key":"EssenceOfSteel"},{"floor":5,"key":"LiquidBronze"},{"floor":6,"key":"Regen Potion"},{"floor":8,"key":"Block Potion"}],"is_trial":false,"path_per_floor":["M","?","?","M","M","M","R","M","T","R","M","R","$","M","R"],"character_chosen":"DEFECT","items_purchased":["Redo"],"campfire_rested":1,"item_purchase_floors":[13],"current_hp_per_floor":[73,70,70,69,58,53,53,43,53,53,34,34,34,16,41,0],"gold":168,"neow_bonus":"HUNDRED_GOLD","is_prod":false,"is_daily":false,"chose_seed":false,"campfire_upgraded":3,"win_rate":0.0,"timestamp":1532711166,"path_taken":["M","?","?","?","M","M","R","M","T","R","?","R","$","M","R","BOSS"],"build_version":"2018-07-26","purchased_purges":1,"victory":false,"max_hp_per_floor":[75,75,75,75,75,75,75,75,85,85,85,85,85,85,85,85],"card_choices":[{"not_picked":["Gash","Storm"],"picked":"Stack","floor":1},{"not_picked":["Undo","Consume"],"picked":"Go for the Eyes","floor":4},{"not_picked":["Gash","Turbo"],"picked":"Steam","floor":5},{"not_picked":["Barrage","Melter"],"picked":"Redo","floor":6},{"not_picked":["Turbo","Rebound"],"picked":"Ball Lightning","floor":8},{"not_picked":["Steam","Storm"],"picked":"Amplify","floor":11},{"not_picked":["Rebound","Heatsinks"],"picked":"Go for the Eyes","floor":14}],"player_experience":62337,"relics_obtained":[{"floor":9,"key":"Pear"}],"event_choices":[{"event_name":"Scrap Ooze","player_choice":"success","floor":2,"damage_taken":3},{"event_name":"Liars Game","player_choice":"disagreed","floor":3,"damage_taken":0}],"is_beta":false,"boss_relics":[],"items_purged_floors":[13],"is_endless":false,"potions_floor_spawned":[4,5,6,8],"killed_by":"Slime Boss","ascension_level":0}