{"gold_per_floor":[118,129,79,89,89,89,115,115,138,171,181,181,200,53,53,155,155,175,188,214,489,508,508,521,146,171,171,184,202,213,40,40,143,143,162,177,277,277,291,291,311,311,311,86,106,106],"floor_reached":46,"playtime":3641,"items_purged":["Strike_R","Regret","Strike_R"],"score":673,"play_id":"11e005c1-d3d7-4e3e-8993-522064ec5ebe","local_time":"20190125222847","is_ascension_mode":true,"campfire_choices":[{"data":"Bash","floor":6,"key":"SMITH"},{"data":"Metallicize","floor":8,"key":"SMITH"},{"data":"Metallicize","floor":12,"key":"SMITH"},{"floor":15,"key":"REST"},{"floor":23,"key":"REST"},{"floor":27,"key":"REST"},{"floor":32,"key":"REST"},{"floor":40,"key":"REST"}],"neow_cost":"NONE","seed_source_timestamp":1312720586994849,"circlet_count":0,"master_deck":["AscendersBane","Strike_R","Strike_R","Defend_R","Defend_R","Defend_R","Defend_R","Bash+1","Clothesline","Metallicize+1","Iron Wave","Seeing Red","Metallicize+1","Ghostly Armor","Armaments","Offering","Combust+1","Heavy Blade+1","Juggernaut","Parasite","Ghostly Armor","True Grit","Spot Weakness","Barricade","Uppercut+1","Headbutt+1","Seeing Red+1","Iron Wave+1","Body Slam"],"relics":["Burning Blood","Bronze Scales","Ancient Tea Set","Pantograph","Oddly Smooth Stone","Cursed Key","Red Mask","Ginger","Centennial Puzzle","Fusion Hammer","Peace Pipe"],"potions_floor_usage":[7,7,20,24,29,33,46],"damage_taken":[{"damage":2,"enemies":"Small Slimes","floor":1,"turns":4},{"damage":1,"enemies":"Cultist","floor":2,"turns":5},{"damage":0,"enemies":"2 Louse","floor":4,"turns":5},{"damage":13,"enemies":"Gremlin Nob","floor":7,"turns":4},{"damage":26,"enemies":"Lagavulin","floor":10,"turns":9},{"damage":11,"enemies":"Large Slime","floor":11,"turns":6},{"damage":11,"enemies":"Lots of Slimes","floor":13,"turns":4},{"damage":24,"enemies":"The Guardian","floor":16,"turns":17},{"damage":15,"enemies":"Chosen","floor":18,"turns":6},{"damage":6,"enemies":"Shell Parasite","floor":19,"turns":6},{"damage":32,"enemies":"Masked Bandits","floor":20,"turns":5},{"damage":18,"enemies":"Shelled Parasite and Fungi","floor":22,"turns":8},{"damage":21,"enemies":"Cultist and Chosen","floor":24,"turns":9},{"damage":7,"enemies":"Snake Plant","floor":28,"turns":5},{"damage":13,"enemies":"Shelled Parasite and Fungi","floor":29,"turns":8},{"damage":31,"enemies":"3 Cultists","floor":30,"turns":4},{"damage":70,"enemies":"Champ","floor":33,"turns":13},{"damage":31,"enemies":"3 Shapes","floor":35,"turns":5},{"damage":29,"enemies":"3 Darklings","floor":36,"turns":6},{"damage":0,"enemies":"Mind Bloom Boss Battle","floor":37,"turns":8},{"damage":36,"enemies":"Jaw Worm Horde","floor":39,"turns":6},{"damage":0,"enemies":"Maw","floor":41,"turns":9},{"damage":30,"enemies":"Sphere and 2 Shapes","floor":45,"turns":8},{"damage":32,"enemies":"Giant Head","floor":46,"turns":8}],"seed_played":"-582742265736141996","potions_obtained":[{"floor":1,"key":"Poison Potion"},{"floor":2,"key":"Poison Potion"},{"floor":11,"key":"FairyPotion"},{"floor":13,"key":"SpeedPotion"},{"floor":22,"key":"Strength Potion"},{"floor":24,"key":"Explosive Potion"},{"floor":30,"key":"Weak Potion"},{"floor":33,"key":"GamblersBrew"},{"floor":36,"key":"LiquidBronze"}],"is_trial":false,"path_per_floor":["M","M","?","M","?","R","E","R","T","E","M","R","M","$","R","B",null,"M","M","?","?","M","R","M","$","T","R","M","M","M","$","R","B",null,"M","M","?","?","M","R","M","?","T","$","M","E"],"character_chosen":"IRONCLAD","items_purchased":["Oddly Smooth Stone","Ginger","Spot Weakness","Body Slam","Dexterity Potion"],"campfire_rested":5,"item_purchase_floors":[14,25,31,44,44],"current_hp_per_floor":[76,80,80,80,80,80,73,73,73,53,48,48,43,43,67,62,76,67,67,41,41,29,53,38,38,38,62,61,54,29,29,53,14,64,39,16,47,47,17,41,47,47,47,47,23,0],"gold":106,"neow_bonus":"THREE_CARDS","is_prod":false,"is_daily":false,"chose_seed":false,"campfire_upgraded":3,"win_rate":0,"timestamp":1548473327,"path_taken":["M","M","?","M","?","R","E","R","T","E","M","R","?","$","R","BOSS","M","M","?","?","M","R","M","$","T","R","M","?","M","?","R","BOSS","M","M","?","?","M","R","M","?","T","$","M","E"],"build_version":"2019-01-23","purchased_purges":3,"victory":false,"max_hp_per_floor":[80,80,80,80,80,80,80,80,80,80,80,80,80,80,80,80,80,80,80,80,80,80,80,80,80,80,80,80,80,80,80,80,80,80,80,80,80,80,80,80,80,80,80,80,80,80],"card_choices":[{"not_picked":["Rage","Clash"],"picked":"Clothesline","floor":0},{"not_picked":["Cleave","Hemokinesis"],"picked":"Metallicize","floor":1},{"not_picked":["Infernal Blade","Sword Boomerang","Havoc"],"picked":"SKIP","floor":2},{"not_picked":["Sword Boomerang","Bloodletting"],"picked":"Iron Wave","floor":4},{"not_picked":["Body Slam","Iron Wave"],"picked":"Seeing Red","floor":7},{"not_picked":["Shockwave","Perfected Strike"],"picked":"Metallicize","floor":10},{"not_picked":["Body Slam","Sword Boomerang"],"picked":"Ghostly Armor","floor":11},{"not_picked":["Feel No Pain","Corruption"],"picked":"Armaments","floor":13},{"not_picked":["Bludgeon","Fiend Fire"],"picked":"Offering","floor":16},{"not_picked":["Clothesline","Heavy Blade"],"picked":"Combust+1","floor":18},{"not_picked":["Havoc","Evolve"],"picked":"Heavy Blade+1","floor":19},{"not_picked":["Heavy Blade","Flex","Pommel Strike"],"picked":"SKIP","floor":22},{"not_picked":["Feel No Pain","Havoc"],"picked":"Juggernaut","floor":24},{"not_picked":["Clash","Wild Strike"],"picked":"Ghostly Armor","floor":28},{"not_picked":["Pommel Strike","Heavy Blade+1"],"picked":"True Grit","floor":29},{"not_picked":["Wild Strike","Cleave+1","Bludgeon"],"picked":"SKIP","floor":30},{"not_picked":["Brutality","Feed"],"picked":"Barricade","floor":33},{"not_picked":["Clash+1","Corruption+1"],"picked":"Uppercut+1","floor":35},{"not_picked":["Thunderclap+1","Armaments+1"],"picked":"Headbutt+1","floor":36},{"not_picked":["Cleave","True Grit"],"picked":"Seeing Red+1","floor":37},{"not_picked":["Twin Strike","Whirlwind"],"picked":"Iron Wave+1","floor":39},{"not_picked":["Anger","Sentinel","Dual Wield+1"],"picked":"SKIP","floor":41},{"not_picked":["Clothesline+1","Intimidate+1","Corruption+1"],"picked":"SKIP","floor":45}],"player_experience":492384,"relics_obtained":[{"floor":7,"key":"Bronze Scales"},{"floor":9,"key":"Ancient Tea Set"},{"floor":10,"key":"Pantograph"},{"floor":20,"key":"Red Mask"},{"floor":26,"key":"Centennial Puzzle"},{"floor":37,"key":"Peace Pipe"}],"event_choices":[{"cards_removed":["Strike_R"],"damage_healed":0,"gold_gain":0,"player_choice":"Card Removal","damage_taken":0,"max_hp_gain":0,"max_hp_loss":0,"event_name":"The Cleric","floor":3,"gold_loss":50},{"damage_healed":0,"gold_gain":0,"player_choice":"Got Potions","damage_taken":0,"max_hp_gain":0,"max_hp_loss":0,"event_name":"Lab","floor":5,"gold_loss":0},{"damage_healed":0,"gold_gain":0,"player_choice":"Fought Bandits","damage_taken":0,"max_hp_gain":0,"max_hp_loss":0,"event_name":"Masked Bandits","floor":20,"gold_loss":0},{"damage_healed":0,"gold_gain":275,"player_choice":"Desecrate","damage_taken":0,"max_hp_gain":0,"max_hp_loss":0,"event_name":"Golden Shrine","floor":21,"gold_loss":0,"cards_obtained":["Regret"]},{"damage_healed":0,"gold_gain":0,"player_choice":"Fight","damage_taken":0,"max_hp_gain":0,"max_hp_loss":0,"event_name":"MindBloom","floor":37,"gold_loss":0},{"damage_healed":0,"gold_gain":0,"player_choice":"Memory 1","damage_taken":0,"max_hp_gain":0,"max_hp_loss":0,"event_name":"SensoryStone","floor":38,"gold_loss":0},{"damage_healed":0,"gold_gain":0,"player_choice":"Ignored","damage_taken":0,"max_hp_gain":0,"max_hp_loss":0,"event_name":"Mysterious Sphere","floor":42,"gold_loss":0}],"is_beta":false,"boss_relics":[{"not_picked":["Black Blood","Sozu"],"picked":"Cursed Key"},{"not_picked":["Philosopher\u0027s Stone","Snecko Eye"],"picked":"Fusion Hammer"}],"items_purged_floors":[25,31,44],"is_endless":false,"potions_floor_spawned":[1,2,11,13,22,24,30,33,36,41,45],"killed_by":"Giant Head","ascension_level":11}