{"gold_per_floor":[118,133,19,19,35,61,61,61,61,80,91,118,118,134,134,236,236,247,235,89,107,107,117,117,128,128,128,227,227,31,31,31,126,126,126],"floor_reached":35,"playtime":1446,"items_purged":["Strike_G"],"score":367,"play_id":"467d75a6-400a-4f18-b760-c06820071d40","local_time":"20181027223839","is_ascension_mode":false,"campfire_choices":[{"floor":8,"key":"REST"},{"data":"Noxious Fumes","floor":15,"key":"SMITH"},{"floor":24,"key":"REST"},{"floor":29,"key":"REST"},{"data":"Adrenaline","floor":32,"key":"SMITH"}],"neow_cost":"NONE","seed_source_timestamp":864006601288314,"circlet_count":0,"master_deck":["Defend_G","Defend_G","Defend_G","Defend_G","Defend_G","Strike_G","Strike_G","Strike_G","Strike_G","Survivor","Neutralize+1","Sucker Punch","Dagger Spray","Noxious Fumes+1","Backflip","Slice","PiercingWail","Prepared","Glass Knife","Deflect","Unload","Escape Plan+1","Quick Slash","Finisher+1","Deflect","Cloak And Dagger+1","Adrenaline+1","Burst"],"relics":["Ring of the Snake","Orichalcum","Pantograph","Blue Candle","Snake Skull","Meat on the Bone","Ninja Scroll","Philosopher\u0027s Stone","Oddly Smooth Stone","Enchiridion","Tingsha","TwistedFunnel","HoveringKite"],"potions_floor_usage":[11,12,12,33,33,33],"damage_taken":[{"damage":0,"enemies":"Cultist","floor":1,"turns":4},{"damage":0,"enemies":"Small Slimes","floor":2,"turns":4},{"damage":2,"enemies":"2 Louse","floor":5,"turns":3},{"damage":12,"enemies":"3 Sentries","floor":6,"turns":8},{"damage":0,"enemies":"Exordium Thugs","floor":10,"turns":4},{"damage":0,"enemies":"2 Fungi Beasts","floor":11,"turns":4},{"damage":16,"enemies":"Gremlin Nob","floor":12,"turns":5},{"damage":13,"enemies":"3 Louse","floor":14,"turns":4},{"damage":33,"enemies":"Slime Boss","floor":16,"turns":11},{"damage":22,"enemies":"Spheric Guardian","floor":18,"turns":4},{"damage":9,"enemies":"2 Thieves","floor":19,"turns":4},{"damage":12,"enemies":"Snecko","floor":21,"turns":6},{"damage":9,"enemies":"Chosen and Byrds","floor":23,"turns":6},{"damage":7,"enemies":"Shelled Parasite and Fungi","floor":25,"turns":6},{"damage":66,"enemies":"Champ","floor":33,"turns":11},{"damage":34,"enemies":"3 Darklings","floor":35,"turns":4}],"seed_played":"-7159844432412689651","potions_obtained":[{"floor":1,"key":"Dexterity Potion"},{"floor":6,"key":"Dexterity Potion"},{"floor":10,"key":"Regen Potion"},{"floor":12,"key":"AttackPotion"},{"floor":16,"key":"GamblersBrew"},{"floor":23,"key":"Ancient Potion"},{"floor":25,"key":"Explosive Potion"},{"floor":33,"key":"Swift Potion"}],"is_trial":false,"path_per_floor":["M","M","$","?","M","E","?","R","T","M","M","E","T","M","R","B",null,"M","M","$","M","?","M","R","M","T","?","?","R","$","?","R","B",null],"character_chosen":"THE_SILENT","items_purchased":["Noxious Fumes","Oddly Smooth Stone","TwistedFunnel"],"campfire_rested":3,"item_purchase_floors":[3,20,30],"current_hp_per_floor":[70,70,70,70,68,56,38,59,59,59,59,57,57,44,44,36,70,48,39,39,39,23,26,47,40,40,27,27,49,49,49,49,20,75,41],"gold":126,"neow_bonus":"RANDOM_COMMON_RELIC","is_prod":false,"is_daily":false,"chose_seed":false,"campfire_upgraded":2,"win_rate":0,"timestamp":1540672719,"path_taken":["M","?","?","?","?","E","?","R","T","?","M","E","?","M","R","BOSS","M","M","$","M","?","M","R","?","T","?","?","R","$","?","R","BOSS","M"],"build_version":"2018-10-25v2","purchased_purges":1,"victory":false,"max_hp_per_floor":[70,70,70,70,70,70,70,70,70,70,70,70,70,70,70,70,70,70,70,70,70,70,70,70,70,70,75,75,75,75,75,75,75,75,75],"card_choices":[{"not_picked":["Masterful Stab","PiercingWail"],"picked":"Sucker Punch","floor":1},{"not_picked":["Calculated Gamble","Setup"],"picked":"Dagger Spray","floor":2},{"not_picked":["Crippling Poison","Expertise"],"picked":"Backflip","floor":5},{"not_picked":["Calculated Gamble","PiercingWail"],"picked":"Slice","floor":6},{"not_picked":["Poisoned Stab","Dodge and Roll"],"picked":"PiercingWail","floor":10},{"not_picked":["Acrobatics","Blade Dance"],"picked":"Prepared","floor":11},{"not_picked":["Well Laid Plans","Dagger Throw"],"picked":"Glass Knife","floor":12},{"not_picked":["Well Laid Plans","Slice"],"picked":"Deflect","floor":14},{"not_picked":["Grand Finale","Envenom"],"picked":"Unload","floor":16},{"not_picked":["Flying Knee","Acrobatics"],"picked":"Escape Plan+1","floor":18},{"not_picked":["Dagger Spray","Slice"],"picked":"Quick Slash","floor":19},{"not_picked":["Dagger Spray","Deflect"],"picked":"Finisher+1","floor":21},{"not_picked":["Acrobatics","Dagger Throw"],"picked":"Deflect","floor":23},{"not_picked":["All Out Attack","Acrobatics"],"picked":"Cloak And Dagger+1","floor":25},{"not_picked":["Grand Finale","Corpse Explosion"],"picked":"Burst","floor":33}],"player_experience":239569,"relics_obtained":[{"floor":6,"key":"Pantograph"},{"floor":9,"key":"Snake Skull"},{"floor":12,"key":"Meat on the Bone"},{"floor":13,"key":"Ninja Scroll"},{"floor":22,"key":"Enchiridion"},{"floor":26,"key":"Tingsha"}],"event_choices":[{"damage_healed":0,"gold_gain":0,"player_choice":"Grow","damage_taken":0,"max_hp_gain":0,"max_hp_loss":0,"event_name":"Living Wall","floor":4,"gold_loss":0,"cards_upgraded":["Neutralize"]},{"damage_healed":0,"gold_gain":0,"player_choice":"Success","damage_taken":18,"relics_obtained":["Blue Candle"],"max_hp_gain":0,"max_hp_loss":0,"event_name":"Scrap Ooze","floor":7,"gold_loss":0},{"damage_healed":0,"gold_gain":0,"player_choice":"Obtained Book","damage_taken":16,"max_hp_gain":0,"max_hp_loss":0,"event_name":"Cursed Tome","floor":22,"gold_loss":0},{"damage_healed":0,"gold_gain":0,"player_choice":"Shed Blood","damage_taken":18,"max_hp_gain":5,"max_hp_loss":0,"event_name":"Forgotten Altar","floor":27,"gold_loss":0},{"damage_healed":0,"gold_gain":99,"player_choice":"Stole From Cult","damage_taken":0,"max_hp_gain":0,"max_hp_loss":0,"event_name":"Nest","floor":28,"gold_loss":0},{"damage_healed":0,"gold_gain":0,"player_choice":"1 cards matched","damage_taken":0,"max_hp_gain":0,"max_hp_loss":0,"event_name":"Match and Keep!","floor":31,"gold_loss":0,"cards_obtained":["Adrenaline"]}],"is_beta":false,"boss_relics":[{"not_picked":["Runic Pyramid","Orrery"],"picked":"Philosopher\u0027s Stone"},{"not_picked":["Runic Dome","Velvet Choker"],"picked":"HoveringKite"}],"items_purged_floors":[3],"is_endless":false,"potions_floor_spawned":[1,6,10,12,16,23,25,33],"killed_by":"3 Darklings","ascension_level":0}