{"gold_per_floor":[215,215,57,74,89,115,190,190,215,229,258,258,258,14,14,109,109,119,119,119,119,131,131,157,4,30,30,30,50,25,52,52,52],"floor_reached":33,"playtime":1204,"items_purged":["Strike_G"],"score":289,"play_id":"2d7cd1c2-993a-43cf-8086-d16062c5290d","local_time":"20181109001814","is_ascension_mode":false,"campfire_choices":[{"data":"Neutralize","floor":8,"key":"SMITH"},{"floor":15,"key":"REST"},{"data":"Bouncing Flask","floor":23,"key":"SMITH"},{"floor":28,"key":"REST"},{"floor":32,"key":"REST"}],"neow_cost":"NONE","seed_source_timestamp":1910628442372456,"circlet_count":0,"master_deck":["Defend_G","Defend_G","Defend_G","Defend_G","Defend_G","Strike_G","Strike_G","Strike_G","Survivor","Neutralize+1","Sucker Punch","Backflip","Adrenaline","Deflect","Bouncing Flask+1","Prepared","Heel Hook","Sucker Punch","Noxious Fumes+1","After Image","Poisoned Stab+1","Noxious Fumes","Poisoned Stab","Distraction+1","Adrenaline","Outmaneuver","Tactician"],"relics":["Ring of the Snake","Potion Belt","Smiling Mask","Omamori","Happy Flower","WristBlade","MutagenicStrength","Peace Pipe","Snake Skull","Blood Vial","Dodecahedron"],"potions_floor_usage":[6,11,11,22,31,33],"damage_taken":[{"damage":6,"enemies":"2 Louse","floor":1,"turns":3},{"damage":0,"enemies":"Cultist","floor":4,"turns":4},{"damage":0,"enemies":"Jaw Worm","floor":5,"turns":3},{"damage":16,"enemies":"3 Sentries","floor":6,"turns":11},{"damage":0,"enemies":"3 Louse","floor":10,"turns":4},{"damage":20,"enemies":"Gremlin Nob","floor":11,"turns":4},{"damage":4,"enemies":"Hexaghost","floor":16,"turns":8},{"damage":7,"enemies":"Shell Parasite","floor":18,"turns":7},{"damage":34,"enemies":"2 Thieves","floor":22,"turns":5},{"damage":27,"enemies":"Book of Stabbing","floor":24,"turns":6},{"damage":0,"enemies":"Snake Plant","floor":29,"turns":3},{"damage":34,"enemies":"Gremlin Leader","floor":31,"turns":5},{"damage":29,"enemies":"Automaton","floor":33,"turns":4}],"seed_played":"8481208483011342939","potions_obtained":[{"floor":1,"key":"Poison Potion"},{"floor":6,"key":"AttackPotion"},{"floor":10,"key":"Weak Potion"},{"floor":18,"key":"Regen Potion"},{"floor":22,"key":"Swift Potion"},{"floor":31,"key":"PowerPotion"}],"is_trial":false,"path_per_floor":["M","?","$","M","M","E","?","R","T","M","E","?","?","$","R","B",null,"M","?","?","?","M","R","E","$","T","?","R","M","$","E","R","B"],"character_chosen":"THE_SILENT","items_purchased":["Adrenaline","Noxious Fumes","Happy Flower","Snake Skull","Outmaneuver"],"campfire_rested":3,"item_purchase_floors":[3,14,14,25,30],"current_hp_per_floor":[64,64,64,64,64,48,37,37,37,37,17,17,17,17,38,34,70,63,63,63,63,41,41,14,14,14,14,35,37,37,5,26,0],"gold":52,"neow_bonus":"HUNDRED_GOLD","is_prod":false,"is_daily":false,"chose_seed":false,"campfire_upgraded":2,"win_rate":0,"timestamp":1541719094,"path_taken":["M","?","$","?","M","E","?","R","T","M","E","?","?","?","R","BOSS","M","?","?","?","?","R","E","$","T","?","R","?","?","E","R","BOSS"],"build_version":"2018-11-01","purchased_purges":1,"victory":false,"max_hp_per_floor":[70,70,70,70,70,70,70,70,70,70,70,70,70,70,70,70,70,70,70,70,70,70,70,70,70,70,70,70,70,70,70,70,70],"card_choices":[{"not_picked":["Leg Sweep","Bane"],"picked":"Sucker Punch","floor":1},{"not_picked":["Underhanded Strike","Poisoned Stab"],"picked":"Deflect","floor":4},{"not_picked":["Blade Dance","Caltrops"],"picked":"Bouncing Flask","floor":5},{"not_picked":["Bullet Time","Predator"],"picked":"Prepared","floor":6},{"not_picked":["Acrobatics","Skewer"],"picked":"Heel Hook","floor":10},{"not_picked":["Cloak And Dagger","Dagger Throw"],"picked":"Sucker Punch","floor":11},{"not_picked":["Glass Knife","Venomology"],"picked":"After Image","floor":16},{"not_picked":["Sucker Punch","Underhanded Strike+1"],"picked":"Poisoned Stab+1","floor":18},{"not_picked":["Dagger Throw","Caltrops"],"picked":"Poisoned Stab","floor":22},{"not_picked":["Flying Knee","Endless Agony"],"picked":"Distraction+1","floor":24},{"not_picked":["Quick Slash+1","Dodge and Roll","Sucker Punch"],"picked":"SKIP","floor":29},{"not_picked":["Bouncing Flask+1","Crippling Poison"],"picked":"Tactician","floor":31}],"player_experience":280015,"relics_obtained":[{"floor":6,"key":"Potion Belt"},{"floor":9,"key":"Smiling Mask"},{"floor":11,"key":"Omamori"},{"floor":24,"key":"Peace Pipe"},{"floor":26,"key":"Blood Vial"},{"floor":31,"key":"Dodecahedron"}],"event_choices":[{"damage_healed":0,"gold_gain":0,"cards_transformed":["Strike_G"],"player_choice":"Transformed","damage_taken":0,"max_hp_gain":0,"max_hp_loss":0,"event_name":"Transmorgrifier","floor":2,"gold_loss":0,"cards_obtained":["Backflip"]},{"damage_healed":0,"gold_gain":75,"player_choice":"Gather Gold","damage_taken":11,"max_hp_gain":0,"max_hp_loss":0,"event_name":"World of Goop","floor":7,"gold_loss":0},{"damage_healed":0,"gold_gain":0,"player_choice":"Fled","damage_taken":0,"max_hp_gain":0,"max_hp_loss":0,"event_name":"Scrap Ooze","floor":12,"gold_loss":0},{"damage_healed":0,"gold_gain":0,"player_choice":"Searched \u00270\u0027 times","damage_taken":0,"max_hp_gain":0,"max_hp_loss":0,"event_name":"Dead Adventurer","floor":13,"gold_loss":0},{"damage_healed":0,"gold_gain":0,"player_choice":"Read","damage_taken":0,"max_hp_gain":0,"max_hp_loss":0,"event_name":"The Library","floor":19,"gold_loss":0,"cards_obtained":["Noxious Fumes"]},{"damage_healed":0,"gold_gain":0,"player_choice":"Inject Mutagens","damage_taken":0,"relics_obtained":["MutagenicStrength"],"max_hp_gain":0,"max_hp_loss":0,"event_name":"Drug Dealer","floor":20,"gold_loss":0},{"damage_healed":0,"gold_gain":0,"player_choice":"Upgraded","damage_taken":0,"max_hp_gain":0,"max_hp_loss":0,"event_name":"Upgrade Shrine","floor":21,"gold_loss":0,"cards_upgraded":["Noxious Fumes"]},{"damage_healed":0,"gold_gain":0,"player_choice":"Copied","damage_taken":0,"max_hp_gain":0,"max_hp_loss":0,"event_name":"Duplicator","floor":27,"gold_loss":0,"cards_obtained":["Adrenaline"]}],"is_beta":false,"boss_relics":[{"not_picked":["Velvet Choker","Astrolabe"],"picked":"WristBlade"}],"items_purged_floors":[14],"is_endless":false,"potions_floor_spawned":[1,6,10,18,22,31],"killed_by":"Automaton","ascension_level":0}