{"gold_per_floor":[114,134,148,162,87,115,130,130,130,156,175,175,175],"floor_reached":13,"playtime":979,"items_purged":["Strike_B"],"score":112,"play_id":"c39a87de-db79-40e3-9d61-4a511ef1ade6","local_time":"20181221050520","is_ascension_mode":true,"campfire_choices":[{"data":"Self Repair","floor":8,"key":"SMITH"}],"neow_cost":"NONE","seed_source_timestamp":731492718727162,"circlet_count":0,"master_deck":["Strike_B","Strike_B","Strike_B","Defend_B","Defend_B","Defend_B","Defend_B","Zap","Dualcast","Cold Snap","BootSequence","Self Repair+1","Capacitor","Electrodynamics","Chill"],"relics":["Cracked Core","Centennial Puzzle","Gremlin Horn","Letter Opener","Sundial","Golden Idol"],"potions_floor_usage":[10,11,11],"damage_taken":[{"damage":0,"enemies":"Cultist","floor":1,"turns":4},{"damage":0,"enemies":"Jaw Worm","floor":2,"turns":4},{"damage":7,"enemies":"2 Louse","floor":3,"turns":2},{"damage":1,"enemies":"Looter","floor":4,"turns":3},{"damage":27,"enemies":"3 Sentries","floor":6,"turns":9},{"damage":5,"enemies":"Blue Slaver","floor":7,"turns":5},{"damage":19,"enemies":"Lagavulin","floor":10,"turns":10},{"damage":0,"enemies":"Lots of Slimes","floor":11,"turns":1},{"damage":39,"enemies":"Gremlin Nob","floor":13,"turns":4}],"seed_played":"3916947189663090767","potions_obtained":[{"floor":2,"key":"Dexterity Potion"},{"floor":3,"key":"Energy Potion"},{"floor":6,"key":"GamblersBrew"},{"floor":10,"key":"GamblersBrew"}],"is_trial":false,"path_per_floor":["M","M","M","M","$","E","M","R","T","E","M","?","E"],"character_chosen":"DEFECT","items_purchased":[],"campfire_rested":0,"item_purchase_floors":[],"current_hp_per_floor":[75,75,68,67,67,47,49,49,49,40,40,22,0],"gold":175,"neow_bonus":"RANDOM_COMMON_RELIC","is_prod":false,"is_daily":false,"chose_seed":false,"campfire_upgraded":1,"win_rate":0,"timestamp":1545390320,"path_taken":["M","M","M","M","?","E","M","R","T","E","?","?","E"],"build_version":"2018-12-13","purchased_purges":1,"victory":false,"max_hp_per_floor":[75,75,75,75,75,75,75,75,75,75,75,75,75],"card_choices":[{"not_picked":["Lockon","Static Discharge"],"picked":"Cold Snap","floor":1},{"not_picked":["Tempest","Compile Driver","Barrage"],"picked":"SKIP","floor":2},{"not_picked":["Streamline","Rebound"],"picked":"BootSequence","floor":3},{"not_picked":["Leap","Skim"],"picked":"Self Repair","floor":4},{"not_picked":["Leap","Beam Cell"],"picked":"Capacitor","floor":6},{"not_picked":["Aggregate","Conserve Battery"],"picked":"Electrodynamics","floor":7},{"not_picked":["Doom and Gloom","Steam","Force Field"],"picked":"SKIP","floor":10},{"not_picked":["Coolheaded","Reprogram"],"picked":"Chill","floor":11}],"player_experience":348176,"relics_obtained":[{"floor":6,"key":"Gremlin Horn"},{"floor":9,"key":"Letter Opener"},{"floor":10,"key":"Sundial"}],"event_choices":[{"damage_healed":0,"gold_gain":0,"player_choice":"Take Damage","damage_taken":18,"relics_obtained":["Golden Idol"],"max_hp_gain":0,"max_hp_loss":0,"event_name":"Golden Idol","floor":12,"gold_loss":0}],"is_beta":false,"boss_relics":[],"items_purged_floors":[5],"is_endless":false,"potions_floor_spawned":[2,3,6,7,10],"killed_by":"Gremlin Nob","ascension_level":3}