{"path_per_floor":["M","?","M","?","M","R","E","$","T","R","M","M","M","M","R","B",null,"M","M","?"],"character_chosen":"IRONCLAD","items_purchased":["Paper Frog"],"gold_per_floor":[111,286,303,253,268,268,295,43,43,43,62,74,91,108,108,210,210,224,238,238],"floor_reached":21,"campfire_rested":1,"playtime":6037,"current_hp_per_floor":[80,80,80,80,74,74,56,56,56,56,60,64,65,55,79,44,80,76,43,43],"items_purged":[],"gold":238,"score":183,"play_id":"12cf216a-566e-4322-b00e-a0a7fac4e7a6","local_time":"20180306000915","is_prod":false,"is_daily":false,"is_ascension_mode":false,"campfire_upgraded":2,"timestamp":1520312955,"path_taken":["M","?","M","?","M","R","E","$","T","R","M","M","M","M","R","BOSS","M","M","?","M"],"build_version":"2018-03-01-PROD1","purchased_purges":0,"victory":false,"master_deck":["Strike_R","Strike_R","Strike_R","Strike_R","Strike_R","Defend_R","Defend_R","Defend_R","Defend_R","Bash","Dark Embrace","Thunderclap","Metallicize","Fire Breathing+1","Armaments+1","Anger","Flex","Pummel","Disarm","Double Tap","Twin Strike+1","Feed","Infernal Blade"],"max_hp_per_floor":[80,80,80,80,80,80,80,80,80,80,80,80,80,80,80,80,80,80,80,80],"relics":["Burning Blood","Gambling Chip","Paper Frog","Unceasing Top","White Beast Statue"],"card_choices":[{"not_picked":["Twin Strike","Clash"],"picked":"Thunderclap"},{"not_picked":["Headbutt","Evolve"],"picked":"Metallicize"},{"not_picked":["Carnage","Pommel Strike"],"picked":"Fire Breathing"},{"not_picked":["Cleave","Brutality"],"picked":"Armaments"},{"not_picked":["Carnage","Entrench"],"picked":"Anger"},{"not_picked":["Perfected Strike","Rupture"],"picked":"Flex"},{"not_picked":["Sword Boomerang","Sentinel"],"picked":"Pummel"},{"not_picked":["Intimidate","Clash"],"picked":"Disarm"},{"not_picked":["Impervious","Dark Embrace"],"picked":"Double Tap"},{"not_picked":["Shrug It Off","Headbutt"],"picked":"Twin Strike"},{"not_picked":["Flex","Perfected Strike"],"picked":"Feed"}],"player_experience":118950,"potions_floor_usage":[16,18],"damage_taken":[{"damage":6,"enemies":"Cultist","floor":1,"turns":3},{"damage":3,"enemies":"2 Louse","floor":3,"turns":3},{"damage":12,"enemies":"Small Slimes","floor":5,"turns":5},{"damage":24,"enemies":"Gremlin Nob","floor":7,"turns":5},{"damage":2,"enemies":"Blue Slaver","floor":11,"turns":5},{"damage":2,"enemies":"Large Slime","floor":12,"turns":7},{"damage":5,"enemies":"Red Slaver","floor":13,"turns":4},{"damage":16,"enemies":"Gremlin Gang","floor":14,"turns":4},{"damage":41,"enemies":"The Guardian","floor":16,"turns":11},{"damage":10,"enemies":"Shell Parasite","floor":18,"turns":5},{"damage":39,"enemies":"2 Thieves","floor":19,"turns":4},{"damage":70,"enemies":"Cultist and Chosen","floor":21,"turns":9}],"event_choices":[{"event_name":"Liars Game","player_choice":"agreed","floor":2,"damage_taken":0},{"event_name":"The Cleric","player_choice":"Card Removal","floor":4,"damage_taken":0},{"event_name":"The Library","player_choice":"Read","floor":20,"damage_taken":0}],"boss_relics":[{"not_picked":["Velvet Choker","Mark of Pain"],"picked":"White Beast Statue"}],"potions_floor_spawned":[7,12,14,16,18,19],"seed_played":"1069967851513647517","killed_by":"Cultist and Chosen","ascension_level":0,"is_trial":false}