{"gold_per_floor":[113,123,153,2,2,2,34,52,102,121,121,132,167,167,167,167],"floor_reached":16,"playtime":587,"items_purged":["Strike_B"],"score":160,"play_id":"f948c1ba-b3b7-4693-a6ad-e23b126312a9","local_time":"20190116123654","is_ascension_mode":true,"campfire_choices":[{"data":"Gash","floor":6.0,"key":"SMITH"},{"floor":11.0,"key":"REST"},{"floor":15.0,"key":"REST"}],"neow_cost":"PERCENT_DAMAGE","seed_source_timestamp":112499198541022,"circlet_count":0,"master_deck":["Defend_B","Defend_B","Defend_B","Defend_B","Zap","Dualcast","Gash+1","Seek","Compile Driver","Genetic Algorithm","Scrape","Streamline"],"special_seed":0,"relics":["Cracked Core","Tiny Chest","FaceOfCleric","Potion Belt","Juzu Bracelet","Bag of Preparation"],"potions_floor_usage":[16],"damage_taken":[{"damage":0.0,"enemies":"Small Slimes","floor":1.0,"turns":3.0},{"damage":3.0,"enemies":"Jaw Worm","floor":2.0,"turns":4.0},{"damage":15.0,"enemies":"Lagavulin","floor":7.0,"turns":7.0},{"damage":0.0,"enemies":"Cultist","floor":8.0,"turns":3.0},{"damage":6.0,"enemies":"Looter","floor":10.0,"turns":4.0},{"damage":4.0,"enemies":"Red Slaver","floor":12.0,"turns":4.0},{"damage":34.0,"enemies":"Gremlin Nob","floor":13.0,"turns":4.0},{"damage":33,"enemies":"Slime Boss","floor":16,"turns":9}],"seed_played":"5137944532585979008","potions_obtained":[{"floor":1.0,"key":"Fire Potion"},{"floor":2.0,"key":"Swift Potion"},{"floor":8.0,"key":"Dexterity Potion"}],"is_trial":false,"path_per_floor":["M","M","?","$","?","R","E","M","T","M","R","M","E","?","R","B"],"character_chosen":"DEFECT","items_purchased":["Seek"],"campfire_rested":2,"item_purchase_floors":[4],"current_hp_per_floor":[50,47,40,40,40,40,26,27,27,22,45,42,9,2,26,0],"gold":167,"neow_bonus":"REMOVE_TWO","is_prod":false,"is_daily":false,"chose_seed":false,"campfire_upgraded":1,"win_rate":0,"timestamp":1547663814,"path_taken":["M","M","?","$","?","R","E","M","T","M","R","M","E","?","R","BOSS"],"build_version":"2019-01-10","purchased_purges":1,"victory":false,"max_hp_per_floor":[75,75,75,75,75,75,76,77,77,78,78,79,80,80,80,80],"card_choices":[{"not_picked":["Reinforced Body","Barrage","Steam"],"picked":"SKIP","floor":1.0},{"not_picked":["Blizzard","Leap"],"picked":"Gash","floor":2.0},{"not_picked":["Sweeping Beam","Stack"],"picked":"Compile Driver","floor":7.0},{"not_picked":["Conserve Battery","Rainbow"],"picked":"Genetic Algorithm","floor":8.0},{"not_picked":["Genetic Algorithm","Turbo","Redo"],"picked":"SKIP","floor":10.0},{"not_picked":["Stack","Redo"],"picked":"Scrape","floor":12.0},{"not_picked":["Fusion","Cold Snap"],"picked":"Streamline","floor":13.0}],"player_experience":655471,"relics_obtained":[{"floor":7.0,"key":"Potion Belt"},{"floor":9.0,"key":"Juzu Bracelet"},{"floor":13.0,"key":"Bag of Preparation"}],"event_choices":[{"damage_healed":0.0,"max_hp_gain":0.0,"max_hp_loss":0.0,"gold_gain":0.0,"event_name":"Scrap Ooze","player_choice":"Success","floor":3.0,"gold_loss":0.0,"damage_taken":7.0,"relics_obtained":["Tiny Chest"]},{"damage_healed":0.0,"max_hp_gain":0.0,"max_hp_loss":0.0,"gold_gain":0.0,"event_name":"FaceTrader","player_choice":"Trade","floor":5.0,"gold_loss":0.0,"damage_taken":0.0,"relics_obtained":["FaceOfCleric"]},{"cards_removed":["Strike_B"],"damage_healed":0.0,"max_hp_gain":0.0,"max_hp_loss":0.0,"gold_gain":0.0,"event_name":"Golden Wing","player_choice":"Card Removal","floor":14.0,"gold_loss":0.0,"damage_taken":7.0}],"is_beta":false,"boss_relics":[],"items_purged_floors":[4],"is_endless":false,"potions_floor_spawned":[1,2,8],"killed_by":"Slime Boss","ascension_level":9}