{"gold_per_floor":[114,114,77,57,70,102,102,130,156,166,193,193,193,208,208,208],"floor_reached":16,"playtime":1950,"items_purged":[],"score":286,"play_id":"bca657c9-77d1-483d-ada8-3d3d4354cbfc","local_time":"20190302203141","is_ascension_mode":true,"campfire_choices":[{"data":"Shockwave","floor":7,"key":"SMITH"},{"data":"True Grit","floor":12,"key":"SMITH"},{"data":"Sword Boomerang","floor":15,"key":"SMITH"}],"neow_cost":"NONE","seed_source_timestamp":21362222683233,"circlet_count":0,"master_deck":["AscendersBane","Strike_R","Strike_R","Strike_R","Strike_R","Strike_R","Defend_R","Defend_R","Defend_R","Defend_R+1","Bash","Power Through","Shockwave+1","Pommel Strike","Burning Pact+1","True Grit+1","Twin Strike","Sword Boomerang+1"],"relics":["Burning Blood","NeowsBlessing","Bag of Preparation","War Paint","Bag of Marbles"],"potions_floor_usage":[8,16,16],"damage_taken":[{"damage":0,"enemies":"Jaw Worm","floor":1,"turns":1},{"damage":0,"enemies":"Small Slimes","floor":5,"turns":1},{"damage":0,"enemies":"Lagavulin","floor":6,"turns":1},{"damage":30,"enemies":"Gremlin Nob","floor":8,"turns":5},{"damage":0,"enemies":"Cultist","floor":10,"turns":3},{"damage":24,"enemies":"Lagavulin","floor":11,"turns":8},{"damage":0,"enemies":"2 Fungi Beasts","floor":14,"turns":4},{"damage":52,"enemies":"Slime Boss","floor":16,"turns":10}],"seed_played":"-7457074820837099398","potions_obtained":[{"floor":1,"key":"Weak Potion"},{"floor":4,"key":"GamblersBrew"},{"floor":8,"key":"SpeedPotion"}],"is_trial":false,"path_per_floor":["M","?","$","?","M","E","R","E","T","M","E","R","?","M","R","B"],"character_chosen":"IRONCLAD","items_purchased":["Shockwave"],"campfire_rested":0,"item_purchase_floors":[3],"current_hp_per_floor":[74,74,74,74,75,75,75,51,51,57,39,39,39,45,45,0],"gold":208,"neow_bonus":"THREE_ENEMY_KILL","is_prod":false,"is_daily":false,"chose_seed":false,"campfire_upgraded":3,"win_rate":0,"timestamp":1551519101,"path_taken":["M","?","$","?","?","E","R","E","T","M","E","R","?","M","R","BOSS"],"build_version":"2019-01-23","purchased_purges":0,"victory":false,"max_hp_per_floor":[75,75,75,75,75,75,75,75,75,75,75,75,75,75,75,75],"card_choices":[{"not_picked":["Twin Strike","Flame Barrier"],"picked":"Power Through","floor":1},{"not_picked":["Shrug It Off","Thunderclap"],"picked":"Pommel Strike","floor":5},{"not_picked":["Pummel","Havoc"],"picked":"Burning Pact","floor":6},{"not_picked":["Pummel","Wild Strike"],"picked":"True Grit","floor":8},{"not_picked":["Body Slam","Reckless Charge"],"picked":"Twin Strike","floor":10},{"not_picked":["Bloodletting","Warcry"],"picked":"Sword Boomerang","floor":11},{"not_picked":["Flex","Sword Boomerang","Armaments"],"picked":"SKIP","floor":14},{"not_picked":["Flex","Sword Boomerang","Armaments"],"picked":"SKIP","floor":14}],"player_experience":779464,"relics_obtained":[{"floor":6,"key":"Bag of Preparation"},{"floor":8,"key":"War Paint"},{"floor":9,"key":"Bag of Marbles"}],"event_choices":[{"damage_healed":0,"gold_gain":0,"player_choice":"Leave","damage_taken":0,"max_hp_gain":0,"max_hp_loss":0,"event_name":"The Cleric","floor":2,"gold_loss":0},{"damage_healed":0,"gold_gain":0,"player_choice":"Bought 1 Potion","damage_taken":0,"max_hp_gain":0,"max_hp_loss":0,"event_name":"The Woman in Blue","floor":4,"gold_loss":0},{"damage_healed":0,"gold_gain":0,"player_choice":"Ignored","damage_taken":0,"max_hp_gain":0,"max_hp_loss":0,"event_name":"Liars Game","floor":13,"gold_loss":0}],"is_beta":false,"boss_relics":[],"items_purged_floors":[],"is_endless":false,"potions_floor_spawned":[1,8,10],"killed_by":"Slime Boss","ascension_level":20}