{"gold_per_floor":[114,125,145,34,47,75,75,30,53,53],"floor_reached":10,"playtime":325,"items_purged":["Strike_R"],"score":75,"play_id":"5c8d7283-6ad7-443a-9e59-321a2abb5ed8","local_time":"20181224154320","is_ascension_mode":true,"campfire_choices":[],"neow_cost":"NONE","seed_source_timestamp":111459986058947,"circlet_count":0,"master_deck":["Strike_R","Strike_R","Strike_R","Strike_R","Defend_R","Defend_R","Defend_R","Defend_R","Bash","Body Slam","Entrench+1","Uppercut+1","Disarm","Shockwave"],"relics":["Burning Blood","NeowsBlessing","Orichalcum","Boot"],"potions_floor_usage":[],"damage_taken":[{"damage":0,"enemies":"Small Slimes","floor":1,"turns":1},{"damage":0,"enemies":"Jaw Worm","floor":2,"turns":1},{"damage":0,"enemies":"Cultist","floor":3,"turns":1},{"damage":20,"enemies":"Blue Slaver","floor":5,"turns":9},{"damage":32,"enemies":"Lagavulin","floor":6,"turns":9},{"damage":23,"enemies":"Lots of Slimes","floor":10,"turns":3}],"seed_played":"283374523103369454","potions_obtained":[{"floor":1,"key":"Ancient Potion"},{"floor":5,"key":"Swift Potion"}],"is_trial":false,"path_per_floor":["M","M","M","$","M","E","?","?","T","M"],"character_chosen":"IRONCLAD","items_purchased":["Uppercut"],"campfire_rested":0,"item_purchase_floors":[4],"current_hp_per_floor":[80,80,80,80,66,40,24,24,24,1],"gold":53,"neow_bonus":"THREE_ENEMY_KILL","is_prod":false,"is_daily":false,"chose_seed":false,"campfire_upgraded":0,"win_rate":0,"timestamp":1545662600,"path_taken":["M","M","M","$","M","E","?","?","T","M"],"build_version":"2018-12-20","purchased_purges":1,"victory":false,"max_hp_per_floor":[80,80,80,80,80,80,80,80,80,80],"card_choices":[{"not_picked":["Dropkick","Warcry"],"picked":"Body Slam","floor":1},{"not_picked":["Blood for Blood","Dropkick"],"picked":"Entrench","floor":2},{"not_picked":["Warcry","Headbutt","Evolve"],"picked":"SKIP","floor":3},{"not_picked":["Rampage","True Grit"],"picked":"Disarm","floor":5},{"not_picked":["Bludgeon","Searing Blow"],"picked":"Shockwave","floor":6}],"player_experience":455218,"relics_obtained":[{"floor":6,"key":"Orichalcum"},{"floor":9,"key":"Boot"}],"event_choices":[{"damage_healed":0,"gold_gain":0,"player_choice":"Entered Light","damage_taken":16,"max_hp_gain":0,"max_hp_loss":0,"event_name":"Shining Light","floor":7,"gold_loss":0,"cards_upgraded":["Entrench","Uppercut"]},{"damage_healed":0,"gold_gain":0,"player_choice":"Left Gold","damage_taken":0,"max_hp_gain":0,"max_hp_loss":0,"event_name":"World of Goop","floor":8,"gold_loss":45}],"is_beta":false,"boss_relics":[],"items_purged_floors":[4],"is_endless":false,"potions_floor_spawned":[1,5],"killed_by":"Lots of Slimes","ascension_level":2}