{"gold_per_floor":[118,132,142,142,142,169,169,169,169,185,185,199,199,224,224,354,384,400,400,384,405,405,405,419,419,445,459,459],"floor_reached":28,"playtime":1441,"items_purged":[],"score":300,"play_id":"5822efaf-40e4-4610-85cf-14f2691853dc","local_time":"20190113112104","is_ascension_mode":true,"campfire_choices":[{"data":"Noxious Fumes","floor":8,"key":"SMITH"},{"data":"Neutralize","floor":11,"key":"SMITH"},{"data":"Flechettes","floor":13,"key":"SMITH"},{"data":"Backflip","floor":15,"key":"SMITH"},{"floor":23,"key":"REST"}],"neow_cost":"NONE","seed_source_timestamp":152080155451777,"circlet_count":0,"master_deck":["Defend_G","Defend_G","Defend_G","Defend_G","Defend_G","Strike_G","Strike_G","Strike_G","Strike_G","Survivor","Neutralize+1","Deadly Poison","Backflip+1","Flying Knee","Noxious Fumes+1","Escape Plan","Flechettes+1","Malaise","Clumsy","Writhe","Shame","Cloak And Dagger+1","Deep Breath","Cloak And Dagger+1","Dash+1","Necronomicurse","Storm of Steel"],"relics":["Ring of the Snake","NeowsBlessing","Incense Burner","Boot","Bloody Idol","Pear","Calling Bell","Tiny Chest","Mummified Hand","Dead Branch","Necronomicon","Bronze Scales"],"potions_floor_usage":[6,16,16,16],"damage_taken":[{"damage":0,"enemies":"Jaw Worm","floor":1,"turns":1},{"damage":0,"enemies":"2 Louse","floor":2,"turns":1},{"damage":0,"enemies":"Cultist","floor":3,"turns":1},{"damage":10,"enemies":"3 Sentries","floor":6,"turns":9},{"damage":1,"enemies":"3 Louse","floor":10,"turns":4},{"damage":0,"enemies":"2 Fungi Beasts","floor":12,"turns":4},{"damage":0,"enemies":"Large Slime","floor":14,"turns":4},{"damage":5,"enemies":"Hexaghost","floor":16,"turns":8},{"damage":14,"enemies":"Shell Parasite","floor":18,"turns":6},{"damage":0,"enemies":"2 Thieves","floor":20,"turns":4},{"damage":7,"enemies":"Cultist and Chosen","floor":21,"turns":7},{"damage":30,"enemies":"Chosen and Byrds","floor":24,"turns":8},{"damage":10,"enemies":"Snake Plant","floor":27,"turns":4},{"damage":25,"enemies":"3 Cultists","floor":28,"turns":6}],"seed_played":"-3249615721592278559","potions_obtained":[{"floor":2,"key":"Explosive Potion"},{"floor":6,"key":"EssenceOfSteel"},{"floor":10,"key":"Block Potion"},{"floor":12,"key":"LiquidBronze"},{"floor":21,"key":"Ancient Potion"}],"is_trial":false,"path_per_floor":["M","M","M","?","?","E","?","R","T","M","R","M","R","M","R","B",null,"M","?","M","M","?","R","M","?","T","M","M"],"character_chosen":"THE_SILENT","items_purchased":[],"campfire_rested":1,"item_purchase_floors":[],"current_hp_per_floor":[63,63,63,51,51,41,41,41,51,50,50,50,50,50,50,45,68,54,40,40,33,33,55,30,14,19,14,0],"gold":459,"neow_bonus":"THREE_ENEMY_KILL","is_prod":false,"is_daily":false,"chose_seed":false,"campfire_upgraded":4,"win_rate":0,"timestamp":1547374864,"path_taken":["M","M","M","?","?","E","?","R","T","M","R","M","R","M","R","BOSS","M","?","?","M","?","R","M","?","T","M","M"],"build_version":"2019-01-10","purchased_purges":0,"victory":false,"max_hp_per_floor":[70,70,70,70,70,70,65,65,75,75,75,75,75,75,75,75,75,75,75,75,75,75,75,75,75,75,75,75],"card_choices":[{"not_picked":["Underhanded Strike","Dagger Throw"],"picked":"Deadly Poison","floor":1},{"not_picked":["Dodge and Roll","Dash"],"picked":"Backflip","floor":2},{"not_picked":["Catalyst","Deadly Poison"],"picked":"Flying Knee","floor":3},{"not_picked":["Unload","Terror"],"picked":"Noxious Fumes","floor":6},{"not_picked":["Skewer","Deadly Poison"],"picked":"Escape Plan","floor":10},{"not_picked":["Dash","Distraction"],"picked":"Flechettes","floor":12},{"not_picked":["Expertise","Outmaneuver","Riddle With Holes"],"picked":"SKIP","floor":14},{"not_picked":["Corpse Explosion","Storm of Steel"],"picked":"Malaise","floor":16},{"not_picked":["Dodge and Roll","Masterful Stab+1"],"picked":"Cloak And Dagger+1","floor":18},{"not_picked":["Dash+1","Blade Dance+1"],"picked":"Cloak And Dagger+1","floor":20},{"not_picked":["Masterful Stab+1","Dodge and Roll"],"picked":"Dash+1","floor":21},{"not_picked":["Acrobatics","Underhanded Strike","Prepared+1"],"picked":"SKIP","floor":24},{"not_picked":["Deadly Poison+1","Acrobatics"],"picked":"Storm of Steel","floor":27}],"player_experience":501905,"relics_obtained":[{"floor":6,"key":"Boot"},{"floor":9,"key":"Pear"},{"floor":17,"key":"Tiny Chest"},{"floor":17,"key":"Mummified Hand"},{"floor":17,"key":"Dead Branch"},{"floor":25,"key":"Necronomicon"},{"floor":26,"key":"Bronze Scales"}],"event_choices":[{"damage_healed":0,"gold_gain":0,"player_choice":"Success","damage_taken":12,"relics_obtained":["Incense Burner"],"max_hp_gain":0,"max_hp_loss":0,"event_name":"Scrap Ooze","floor":4,"gold_loss":0},{"cards_removed":["Strike_G"],"damage_healed":0,"gold_gain":0,"player_choice":"Forget","damage_taken":0,"max_hp_gain":0,"max_hp_loss":0,"event_name":"Living Wall","floor":5,"gold_loss":0},{"damage_healed":0,"gold_gain":0,"player_choice":"Lose Max HP","damage_taken":0,"relics_obtained":["Golden Idol"],"max_hp_gain":0,"max_hp_loss":5,"event_name":"Golden Idol","floor":7,"gold_loss":0},{"damage_healed":0,"gold_gain":0,"player_choice":"CARD ","damage_taken":14,"max_hp_gain":0,"max_hp_loss":0,"event_name":"Knowing Skull","floor":19,"potions_obtained":[],"gold_loss":0,"cards_obtained":["Deep Breath"]},{"damage_healed":0,"gold_gain":0,"player_choice":"Gave Idol","damage_taken":0,"relics_obtained":["Bloody Idol"],"max_hp_gain":0,"max_hp_loss":0,"event_name":"Forgotten Altar","floor":22,"relics_lost":["Golden Idol"],"gold_loss":0},{"damage_healed":0,"gold_gain":0,"player_choice":"Obtained Book","damage_taken":16,"max_hp_gain":0,"max_hp_loss":0,"event_name":"Cursed Tome","floor":25,"gold_loss":0}],"is_beta":false,"boss_relics":[{"not_picked":["Runic Dome","Snecko Eye"],"picked":"Calling Bell"}],"items_purged_floors":[],"is_endless":false,"potions_floor_spawned":[2,6,10,12,21],"killed_by":"3 Cultists","ascension_level":7}