{"gold_per_floor":[117,129,129,143,143,143,68,78,131,164,176,211,211,228,228,326,326,326,251,251,251,251,251,251,251,251,151,151,151,151,151,151,151,151,151,151,151,151,151,151,151,151,151,151,151,151,151,151,151,151],"floor_reached":51,"playtime":51412,"items_purged":["Strike_B","Strike_B"],"score":951,"play_id":"db073b93-9b29-490d-8020-13d97f04dc79","local_time":"20181217194557","is_ascension_mode":true,"campfire_choices":[{"data":"Conserve Battery","floor":6.0,"key":"SMITH"},{"data":"Consume","floor":13.0,"key":"SMITH"},{"data":"Zap","floor":15.0,"key":"SMITH"},{"data":"Defragment","floor":32,"key":"SMITH"},{"data":"Redo","floor":42,"key":"SMITH"},{"data":"Coolheaded","floor":49,"key":"SMITH"}],"neow_cost":"PERCENT_DAMAGE","seed_source_timestamp":371461554746428,"circlet_count":0,"master_deck":["Strike_B+1","Defend_B","Defend_B+1","Defend_B","Zap+1","Dualcast+1","Cold Snap","Conserve Battery+1","Ball Lightning","Consume+1","Redo+1","Buffer+1","FTL","Beam Cell","Genetic Algorithm","Defragment+1","Seek","Hologram","Echo Form","Defragment+1","Cold Snap+1","Lockon+1","Loop+1","Coolheaded+1","BootSequence+1"],"special_seed":0,"relics":["Cracked Core","StoneCalendar","Bag of Preparation","Orichalcum","Happy Flower","Ectoplasm","Bottled Tornado","Blood Vial","Art of War","Inserter","Du-Vu Doll","Whetstone","Dodecahedron","Anchor","Nunchaku","Bottled Flame","Ice Cream"],"potions_floor_usage":[24,33,35,37,39,46],"damage_taken":[{"damage":0.0,"enemies":"2 Louse","floor":1.0,"turns":3.0},{"damage":0.0,"enemies":"Jaw Worm","floor":2.0,"turns":3.0},{"damage":0.0,"enemies":"Small Slimes","floor":4.0,"turns":4.0},{"damage":0.0,"enemies":"2 Fungi Beasts","floor":8.0,"turns":5.0},{"damage":16.0,"enemies":"3 Sentries","floor":10.0,"turns":7.0},{"damage":0.0,"enemies":"3 Louse","floor":11.0,"turns":2.0},{"damage":3.0,"enemies":"Gremlin Nob","floor":12.0,"turns":4.0},{"damage":0.0,"enemies":"Lots of Slimes","floor":14.0,"turns":4.0},{"damage":3,"enemies":"Hexaghost","floor":16,"turns":10},{"damage":0,"enemies":"Spheric Guardian","floor":18,"turns":3},{"damage":4,"enemies":"Shell Parasite","floor":21,"turns":4},{"damage":6,"enemies":"Book of Stabbing","floor":23,"turns":5},{"damage":0,"enemies":"3 Cultists","floor":24,"turns":5},{"damage":0,"enemies":"Chosen and Byrds","floor":25,"turns":7},{"damage":6,"enemies":"Centurion and Healer","floor":29,"turns":6},{"damage":10,"enemies":"Gremlin Leader","floor":30,"turns":7},{"damage":0,"enemies":"Cultist and Chosen","floor":31,"turns":7},{"damage":29,"enemies":"Collector","floor":33,"turns":13},{"damage":0,"enemies":"3 Shapes","floor":35,"turns":5},{"damage":0,"enemies":"Orb Walker","floor":36,"turns":3},{"damage":0,"enemies":"Writhing Mass","floor":37,"turns":7},{"damage":30,"enemies":"2 Orb Walkers","floor":38,"turns":5},{"damage":1,"enemies":"4 Shapes","floor":39,"turns":6},{"damage":3,"enemies":"Nemesis","floor":40,"turns":7},{"damage":0,"enemies":"Giant Head","floor":44,"turns":7},{"damage":0,"enemies":"Mind Bloom Boss Battle","floor":45,"turns":6},{"damage":16,"enemies":"Reptomancer","floor":46,"turns":7},{"damage":4,"enemies":"Nemesis","floor":48,"turns":7},{"damage":0,"enemies":"Time Eater","floor":50,"turns":11}],"seed_played":"5512458503471931962","potions_obtained":[{"floor":4.0,"key":"Weak Potion"},{"floor":12.0,"key":"Ancient Potion"},{"floor":14.0,"key":"Energy Potion"},{"floor":23,"key":"Swift Potion"},{"floor":24,"key":"Explosive Potion"},{"floor":30,"key":"SteroidPotion"},{"floor":33,"key":"Fire Potion"},{"floor":36,"key":"AttackPotion"},{"floor":38,"key":"Explosive Potion"},{"floor":40,"key":"Dexterity Potion"},{"floor":46,"key":"FearPotion"}],"is_trial":false,"path_per_floor":["M","M","?","M","?","R","$","M","T","E","M","E","R","M","R","B",null,"M","?","?","M","?","E","M","M","T","$","T","M","E","M","R","B",null,"M","M","M","?","M","E","?","R","T","E","?","E","?","E","R","B",null],"character_chosen":"DEFECT","items_purchased":[],"campfire_rested":0,"item_purchase_floors":[],"current_hp_per_floor":[54,54,39,39,44,44,44,44,44,28,28,25,25,25,25,22,80,80,80,80,76,76,70,70,70,70,70,70,66,58,60,60,33,80,80,80,80,50,51,50,50,50,50,52,54,40,40,38,38,40],"gold":151,"neow_bonus":"ONE_RARE_RELIC","is_prod":false,"is_daily":false,"chose_seed":false,"campfire_upgraded":6,"win_rate":0,"timestamp":1545097557,"path_taken":["M","M","?","M","?","R","?","M","T","E","M","E","R","?","R","BOSS","M","?","?","M","?","E","?","?","T","?","?","?","E","M","R","BOSS","M","M","M","?","M","E","?","R","T","E","?","E","?","E","R","BOSS"],"build_version":"2018-12-13","purchased_purges":2,"victory":true,"max_hp_per_floor":[75,75,75,75,80,80,80,80,80,80,80,80,80,80,80,80,80,80,80,80,80,80,80,80,80,80,80,80,80,80,80,80,80,80,80,80,80,80,80,80,80,80,80,80,80,80,80,80,80,80],"card_choices":[{"not_picked":["Leap","Ball Lightning"],"picked":"Cold Snap","floor":1.0},{"not_picked":["Beam Cell","Streamline"],"picked":"Conserve Battery","floor":2.0},{"not_picked":["Barrage","Amplify","Aggregate"],"picked":"SKIP","floor":4.0},{"not_picked":["Conserve Battery","Scrape"],"picked":"Ball Lightning","floor":8.0},{"not_picked":["Streamline","Rebound","Storm"],"picked":"SKIP","floor":10.0},{"not_picked":["Turbo","Streamline","Compile Driver"],"picked":"SKIP","floor":11.0},{"not_picked":["Hologram","Melter"],"picked":"Consume","floor":12.0},{"not_picked":["Go for the Eyes","Biased Cognition"],"picked":"Redo","floor":14.0},{"not_picked":["Biased Cognition","Thunder Strike"],"picked":"Buffer","floor":16},{"not_picked":["Compile Driver","Force Field"],"picked":"FTL","floor":18},{"not_picked":["Turbo","Sweeping Beam+1"],"picked":"Beam Cell","floor":21},{"not_picked":["Leap+1","Gash"],"picked":"Genetic Algorithm","floor":23},{"not_picked":["Steam+1","White Noise"],"picked":"Defragment","floor":24},{"not_picked":["Lockon","Skim"],"picked":"FTL+1","floor":25},{"not_picked":["Conserve Battery","Reprogram","Force Field"],"picked":"SKIP","floor":29},{"not_picked":["Sweeping Beam","Fusion"],"picked":"Seek","floor":30},{"not_picked":["Compile Driver","Gash"],"picked":"Hologram","floor":31},{"not_picked":["Amplify","Meteor Strike"],"picked":"Echo Form","floor":33},{"not_picked":["Auto Shields+1","Scrape"],"picked":"Defragment+1","floor":35},{"not_picked":["Sweeping Beam","Loop"],"picked":"Cold Snap","floor":36},{"not_picked":["Stack+1","Storm+1","Ball Lightning"],"picked":"SKIP","floor":37},{"not_picked":["Steam+1","Doom and Gloom+1"],"picked":"Lockon+1","floor":38},{"not_picked":["Reinforced Body","Cold Snap"],"picked":"Loop+1","floor":39},{"not_picked":["Tempest+1","Aggregate","Streamline+1"],"picked":"SKIP","floor":40},{"not_picked":["Ball Lightning+1","Seek"],"picked":"Coolheaded","floor":44},{"not_picked":["Rebound+1","Consume","Steam+1"],"picked":"SKIP","floor":46},{"not_picked":["Buffer","Conserve Battery"],"picked":"BootSequence+1","floor":48}],"player_experience":200812,"relics_obtained":[{"floor":9.0,"key":"Bag of Preparation"},{"floor":10.0,"key":"Orichalcum"},{"floor":12.0,"key":"Happy Flower"},{"floor":23,"key":"Bottled Tornado"},{"floor":26,"key":"Blood Vial"},{"floor":30,"key":"Art of War"},{"floor":38,"key":"Du-Vu Doll"},{"floor":40,"key":"Whetstone"},{"floor":43,"key":"Dodecahedron"},{"floor":44,"key":"Anchor"},{"floor":45,"key":"Nunchaku"},{"floor":46,"key":"Bottled Flame"},{"floor":48,"key":"Ice Cream"}],"event_choices":[{"damage_healed":0.0,"max_hp_gain":0.0,"max_hp_loss":0.0,"gold_gain":0.0,"event_name":"Shining Light","player_choice":"Entered Light","floor":3.0,"gold_loss":0.0,"damage_taken":15.0,"cards_upgraded":["Defend_B","Dualcast"]},{"damage_healed":0.0,"max_hp_gain":5.0,"max_hp_loss":0.0,"gold_gain":0.0,"event_name":"Big Fish","player_choice":"Donut","floor":5.0,"gold_loss":0.0,"damage_taken":0.0},{"cards_removed":["Strike_B"],"damage_healed":0,"gold_gain":0,"player_choice":"Gave Gold","damage_taken":0,"max_hp_gain":0,"max_hp_loss":0,"event_name":"Beggar","floor":19,"gold_loss":75},{"damage_healed":0,"gold_gain":0,"player_choice":"Ignored","damage_taken":0,"max_hp_gain":0,"max_hp_loss":0,"event_name":"Vampires","floor":20,"gold_loss":0},{"damage_healed":0,"gold_gain":0,"player_choice":"Upgraded","damage_taken":0,"max_hp_gain":0,"max_hp_loss":0,"event_name":"Upgrade Shrine","floor":22,"gold_loss":0,"cards_upgraded":["Buffer"]},{"damage_healed":0,"gold_gain":0,"player_choice":"Fight","damage_taken":0,"max_hp_gain":0,"max_hp_loss":0,"event_name":"Mysterious Sphere","floor":38,"gold_loss":0},{"cards_removed":["FTL"],"damage_healed":0,"gold_gain":0,"player_choice":"Removed Attack","damage_taken":0,"max_hp_gain":0,"max_hp_loss":0,"event_name":"Falling","floor":41,"gold_loss":0},{"damage_healed":0,"gold_gain":0,"player_choice":"Fight","damage_taken":0,"max_hp_gain":0,"max_hp_loss":0,"event_name":"MindBloom","floor":45,"gold_loss":0},{"cards_removed":["Defend_B"],"damage_healed":0,"gold_gain":0,"player_choice":"Purged","damage_taken":0,"max_hp_gain":0,"max_hp_loss":0,"event_name":"Purifier","floor":47,"gold_loss":0}],"is_beta":false,"boss_relics":[{"not_picked":["Velvet Choker","Runic Pyramid"],"picked":"Ectoplasm"},{"not_picked":["Astrolabe","Nuclear Battery"],"picked":"Inserter"}],"items_purged_floors":[7,27],"is_endless":false,"potions_floor_spawned":[4,12,14,23,24,30,33,36,38,40,44,46],"ascension_level":2}