{"gold_per_floor":[117,13,13,13,32,58,58,92,92,92,54,89,107,122,122,221,221,231,231,231,231,18,18,18],"floor_reached":24,"playtime":872,"items_purged":[],"score":323,"play_id":"1946a7fc-1191-42e6-b1b9-38de512c1e47","local_time":"20190221220004","is_ascension_mode":true,"campfire_choices":[{"data":"Infernal Blade","floor":7,"key":"SMITH"},{"data":"Armaments","floor":10,"key":"SMITH"},{"data":"Perfected Strike","floor":15,"key":"SMITH"},{"floor":23,"key":"REST"}],"neow_cost":"NONE","seed_source_timestamp":360135850091387,"circlet_count":0,"master_deck":["Defend_R","Defend_R","Defend_R","Defend_R","Bash","Perfected Strike+1","Infernal Blade+1","Rage","Armaments+1","Perfected Strike","Pommel Strike","Shrug It Off","Shockwave","Clash","Demon Form","Armaments","Bite","Bite","Bite","Bite","Bite","Ghostly","Ghostly","Ghostly","Ghostly","Ghostly","Seeing Red","Enlightenment","Metallicize","Metallicize"],"relics":["Burning Blood","Thread and Needle","Oddly Smooth Stone","The Courier","Shuriken","Fusion Hammer"],"potions_floor_usage":[0,6,6,8,8,8,12,12,16],"damage_taken":[{"damage":3,"enemies":"2 Louse","floor":1,"turns":3},{"damage":5,"enemies":"Small Slimes","floor":5,"turns":3},{"damage":27,"enemies":"3 Sentries","floor":6,"turns":8},{"damage":9,"enemies":"Lagavulin","floor":8,"turns":6},{"damage":12,"enemies":"Gremlin Nob","floor":12,"turns":3},{"damage":0,"enemies":"Cultist","floor":13,"turns":3},{"damage":0,"enemies":"Exordium Wildlife","floor":14,"turns":4},{"damage":46,"enemies":"The Guardian","floor":16,"turns":16},{"damage":0,"enemies":"Spheric Guardian","floor":18,"turns":1},{"damage":37,"enemies":"Gremlin Leader","floor":24,"turns":6}],"seed_played":"5804306798759391170","potions_obtained":[{"floor":0,"key":"FearPotion"},{"floor":0,"key":"Ancient Potion"},{"floor":0,"key":"Fruit Juice"},{"floor":4,"key":"EntropicBrew"},{"floor":4,"key":"Strength Potion"},{"floor":4,"key":"SteroidPotion"},{"floor":5,"key":"Explosive Potion"},{"floor":6,"key":"EssenceOfSteel"},{"floor":8,"key":"LiquidBronze"},{"floor":16,"key":"SkillPotion"},{"floor":18,"key":"Fire Potion"}],"is_trial":false,"path_per_floor":["M","$","?","?","M","E","R","E","T","R","$","E","M","M","R","B",null,"M","?","$","?","$","R","E"],"character_chosen":"IRONCLAD","items_purchased":["Infernal Blade","Rage","Shrug It Off","Seeing Red","Enlightenment","Metallicize","Metallicize"],"campfire_rested":1,"item_purchase_floors":[2,2,11,22,22,22,22],"current_hp_per_floor":[80,80,80,80,81,60,60,57,57,57,57,51,57,63,63,23,70,76,59,59,29,29,29,0],"gold":18,"neow_bonus":"THREE_SMALL_POTIONS","is_prod":false,"is_daily":false,"chose_seed":false,"campfire_upgraded":3,"win_rate":0,"timestamp":1550782804,"path_taken":["M","$","?","?","?","E","R","E","T","R","$","E","M","M","R","BOSS","M","?","$","?","$","R","E"],"build_version":"2019-01-23","purchased_purges":0,"victory":false,"max_hp_per_floor":[85,85,85,85,85,85,85,85,85,85,85,85,85,85,85,85,85,85,59,59,29,29,29,29],"card_choices":[{"not_picked":["Havoc","Iron Wave"],"picked":"Perfected Strike","floor":1},{"not_picked":["Perfected Strike","Cleave"],"picked":"Armaments","floor":5},{"not_picked":["Brutality","Twin Strike"],"picked":"Perfected Strike","floor":6},{"not_picked":["Burning Pact","Anger"],"picked":"Pommel Strike","floor":8},{"not_picked":["Havoc","Fire Breathing","Evolve"],"picked":"SKIP","floor":12},{"not_picked":["Body Slam","Anger"],"picked":"Shockwave","floor":13},{"not_picked":["Wild Strike","Sword Boomerang"],"picked":"Clash","floor":14},{"not_picked":["Juggernaut","Offering"],"picked":"Demon Form","floor":16},{"not_picked":["Rampage","Twin Strike"],"picked":"Armaments","floor":18}],"player_experience":708088,"relics_obtained":[{"floor":6,"key":"Thread and Needle"},{"floor":8,"key":"Oddly Smooth Stone"},{"floor":9,"key":"The Courier"},{"floor":12,"key":"Shuriken"}],"event_choices":[{"damage_healed":0,"gold_gain":0,"player_choice":"Ignored","damage_taken":0,"max_hp_gain":0,"max_hp_loss":0,"event_name":"Liars Game","floor":3,"gold_loss":0},{"damage_healed":0,"gold_gain":0,"player_choice":"Got Potions","damage_taken":0,"max_hp_gain":0,"max_hp_loss":0,"event_name":"Lab","floor":4,"gold_loss":0},{"damage_healed":0,"gold_gain":0,"player_choice":"Became a vampire","damage_taken":0,"max_hp_gain":0,"max_hp_loss":26,"event_name":"Vampires","floor":19,"gold_loss":0,"cards_obtained":["Bite","Bite","Bite","Bite","Bite"]},{"damage_healed":0,"gold_gain":0,"player_choice":"Became a Ghost","damage_taken":0,"max_hp_gain":0,"max_hp_loss":30,"event_name":"Ghosts","floor":21,"gold_loss":0,"cards_obtained":["Ghostly","Ghostly","Ghostly","Ghostly","Ghostly"]}],"is_beta":false,"boss_relics":[{"not_picked":["Orrery","Astrolabe"],"picked":"Fusion Hammer"}],"items_purged_floors":[],"is_endless":false,"potions_floor_spawned":[5,6,8,16,18],"killed_by":"Gremlin Leader","ascension_level":6}