{"path_per_floor":["M","?","?","M","M","E","?","E","T","R","M","E","M"],"character_chosen":"IRONCLAD","items_purchased":[],"gold_per_floor":[112,112,77,87,104,133,195,221,221,221,238,268,278,278],"floor_reached":14,"campfire_rested":1,"playtime":1746,"current_hp_per_floor":[80,64,80,77,72,42,22,9,9,33,39,28,19,0],"items_purged":[],"gold":278,"score":116,"play_id":"5b9dcf72-b34d-4e60-a19c-ce7a7f968cf2","local_time":"20180421185947","is_prod":false,"is_daily":false,"chose_seed":false,"is_ascension_mode":true,"campfire_upgraded":0,"timestamp":1524351587,"path_taken":["M","?","?","M","M","E","?","E","T","R","M","E","M","M"],"build_version":"2018-04-19","seed_source_timestamp":0,"purchased_purges":0,"victory":false,"master_deck":["Strike_R+1","Strike_R","Strike_R","Strike_R","Strike_R","Defend_R+1","Defend_R","Defend_R","Defend_R","Bash","Evolve","Infernal Blade","Burning Pact","Wild Strike","Iron Wave","Wild Strike","Twin Strike","Havoc"],"max_hp_per_floor":[80,80,80,80,80,80,80,80,80,80,80,82,82,82],"relics":["Burning Blood","Matryoshka","Ornamental Fan","Singing Bowl","Darkstone Periapt","Gremlin Horn","Juzu Bracelet"],"card_choices":[{"not_picked":["Cleave","Feel No Pain"],"picked":"Evolve","floor":1.0},{"not_picked":["Dual Wield","Shrug It Off"],"picked":"Infernal Blade","floor":4.0},{"not_picked":["Dropkick","Flex"],"picked":"Burning Pact","floor":5.0},{"not_picked":["Armaments","Fiend Fire"],"picked":"Wild Strike","floor":6.0},{"not_picked":["Pommel Strike","Hemokinesis"],"picked":"Iron Wave","floor":7.0},{"not_picked":["Headbutt","Combust"],"picked":"Wild Strike","floor":8.0},{"not_picked":["Headbutt","Pummel"],"picked":"Twin Strike","floor":11},{"not_picked":["Carnage","Clash"],"picked":"Havoc","floor":13}],"player_experience":268439,"potions_floor_usage":[12,14],"damage_taken":[{"damage":5.0,"enemies":"Small Slimes","floor":1.0,"turns":3.0},{"damage":9.0,"enemies":"2 Louse","floor":4.0,"turns":3.0},{"damage":11.0,"enemies":"Jaw Worm","floor":5.0,"turns":2.0},{"damage":36.0,"enemies":"Lagavulin","floor":6.0,"turns":6.0},{"damage":32.0,"enemies":"Lagavulin Event","floor":7.0,"turns":8.0},{"damage":19.0,"enemies":"Gremlin Nob","floor":8.0,"turns":4.0},{"damage":0,"enemies":"3 Louse","floor":11,"turns":2},{"damage":19,"enemies":"Lagavulin","floor":12,"turns":5},{"damage":15,"enemies":"Looter","floor":13,"turns":3},{"damage":22,"enemies":"Exordium Wildlife","floor":14,"turns":2}],"event_choices":[{"event_name":"Shining Light","player_choice":"Entered Light","floor":2.0,"damage_taken":0.0},{"event_name":"The Cleric","player_choice":"Healed","floor":3.0,"damage_taken":0.0},{"event_name":"Dead Adventurer","player_choice":"Searched \u00272\u0027 times","floor":7.0,"damage_taken":0.0}],"boss_relics":[],"potions_floor_spawned":[4,5,7,8,11],"seed_played":"6588254249548917556","killed_by":"Exordium Wildlife","ascension_level":1,"is_trial":false}