{"gold_per_floor":[109,122,47,47,70,70,109,122,122,137,137,161,161,196,196,196],"floor_reached":16,"playtime":836,"items_purged":["Strike_R"],"score":118,"play_id":"72bee425-a437-4a22-a926-7fcc19f9378f","local_time":"20181126220815","is_ascension_mode":true,"campfire_choices":[{"data":"Bash","floor":6,"key":"SMITH"},{"floor":13,"key":"REST"},{"data":"Metallicize","floor":15,"key":"SMITH"}],"neow_cost":"NONE","seed_source_timestamp":771018220439175,"circlet_count":0,"master_deck":["Strike_R","Strike_R","Strike_R","Strike_R","Defend_R","Defend_R","Defend_R","Defend_R","Bash+1","Pommel Strike","Burning Pact+1","Power Through","Body Slam","Sword Boomerang+1","Metallicize+1","Shrug It Off","Feel No Pain"],"relics":["Burning Blood","PreservedInsect","Golden Idol","Gremlin Horn","Sundial","Kunai"],"potions_floor_usage":[7,7],"damage_taken":[{"damage":3,"enemies":"Jaw Worm","floor":1,"turns":7},{"damage":7,"enemies":"2 Louse","floor":2,"turns":3},{"damage":7,"enemies":"Small Slimes","floor":5,"turns":4},{"damage":20,"enemies":"3 Sentries","floor":7,"turns":12},{"damage":41,"enemies":"Gremlin Gang","floor":8,"turns":8},{"damage":2,"enemies":"3 Louse","floor":10,"turns":4},{"damage":0,"enemies":"2 Fungi Beasts","floor":12,"turns":4},{"damage":22,"enemies":"Lagavulin","floor":14,"turns":8},{"damage":36,"enemies":"Slime Boss","floor":16,"turns":6}],"seed_played":"3044804823790894941","potions_obtained":[{"floor":2,"key":"PowerPotion"},{"floor":5,"key":"Energy Potion"}],"is_trial":false,"path_per_floor":["M","M","$","?","M","R","E","M","T","M","?","M","R","E","R","B"],"character_chosen":"IRONCLAD","items_purchased":[],"campfire_rested":1,"item_purchase_floors":[],"current_hp_per_floor":[80,79,79,74,73,73,59,24,24,28,13,19,41,25,25,0],"gold":196,"neow_bonus":"RANDOM_COMMON_RELIC","is_prod":false,"is_daily":false,"chose_seed":false,"campfire_upgraded":2,"win_rate":0,"timestamp":1543266495,"path_taken":["M","M","$","?","M","R","E","M","T","M","?","M","R","E","R","BOSS"],"build_version":"2018-11-15","purchased_purges":1,"victory":false,"max_hp_per_floor":[80,80,80,74,74,74,74,74,74,74,74,74,74,74,74,74],"card_choices":[{"not_picked":["Cleave","Thunderclap"],"picked":"Pommel Strike","floor":1},{"not_picked":["Thunderclap","Warcry"],"picked":"Burning Pact","floor":2},{"not_picked":["Body Slam","Pommel Strike"],"picked":"Power Through","floor":5},{"not_picked":["Second Wind","Pummel"],"picked":"Body Slam","floor":7},{"not_picked":["Intimidate","Headbutt"],"picked":"Sword Boomerang","floor":8},{"not_picked":["Cleave","Immolate"],"picked":"Metallicize","floor":10},{"not_picked":["Shockwave","Iron Wave"],"picked":"Shrug It Off","floor":12},{"not_picked":["Twin Strike","Anger"],"picked":"Feel No Pain","floor":14}],"player_experience":351279,"relics_obtained":[{"floor":7,"key":"Gremlin Horn"},{"floor":9,"key":"Sundial"},{"floor":14,"key":"Kunai"}],"event_choices":[{"damage_healed":0,"gold_gain":0,"player_choice":"Lose Max HP","damage_taken":0,"relics_obtained":["Golden Idol"],"max_hp_gain":0,"max_hp_loss":6,"event_name":"Golden Idol","floor":4,"gold_loss":0},{"damage_healed":0,"gold_gain":0,"player_choice":"Entered Light","damage_taken":15,"max_hp_gain":0,"max_hp_loss":0,"event_name":"Shining Light","floor":11,"gold_loss":0,"cards_upgraded":["Sword Boomerang","Burning Pact"]}],"is_beta":false,"boss_relics":[],"items_purged_floors":[3],"is_endless":false,"potions_floor_spawned":[2,5],"killed_by":"Slime Boss","ascension_level":1}