{"gold_per_floor":[110,126,146,146,246,246,256,291,342,372,387,387],"floor_reached":12,"playtime":509,"items_purged":[],"score":144,"play_id":"4c146c76-9690-4e30-962d-abbc0ad683d6","local_time":"20190303120351","is_ascension_mode":true,"campfire_choices":[{"data":"Zap","floor":6,"key":"SMITH"}],"neow_cost":"NONE","seed_source_timestamp":78912503029880,"circlet_count":0,"master_deck":["AscendersBane","Strike_B","Strike_B","Strike_B","Strike_B","Defend_B","Defend_B","Defend_B+1","Defend_B","Zap+1","Dualcast","Go for the Eyes","Sunder+1","Gash","Rebound","Electrodynamics","FTL"],"relics":["Cracked Core","NeowsBlessing","Kunai","Regal Pillow","Omamori"],"potions_floor_usage":[10,10],"damage_taken":[{"damage":0,"enemies":"Small Slimes","floor":1,"turns":1},{"damage":0,"enemies":"2 Louse","floor":2,"turns":1},{"damage":0,"enemies":"Cultist","floor":3,"turns":1},{"damage":0,"enemies":"Large Slime","floor":7,"turns":4},{"damage":10,"enemies":"3 Sentries","floor":8,"turns":4},{"damage":8,"enemies":"Gremlin Nob","floor":10,"turns":3},{"damage":0,"enemies":"3 Louse","floor":11,"turns":2},{"damage":35,"enemies":"Lagavulin","floor":12,"turns":4}],"seed_played":"2090169361377804136","potions_obtained":[{"floor":3,"key":"Energy Potion"},{"floor":8,"key":"Swift Potion"},{"floor":10,"key":"FearPotion"}],"is_trial":false,"path_per_floor":["M","M","M","?","?","R","M","E","T","E","M","E"],"character_chosen":"DEFECT","items_purchased":[],"campfire_rested":0,"item_purchase_floors":[],"current_hp_per_floor":[68,68,68,53,53,53,53,43,43,35,35,0],"gold":387,"neow_bonus":"THREE_ENEMY_KILL","is_prod":false,"is_daily":false,"chose_seed":false,"campfire_upgraded":1,"win_rate":0,"timestamp":1551611031,"path_taken":["M","M","M","?","?","R","M","E","T","E","?","E"],"build_version":"2019-01-23","purchased_purges":0,"victory":false,"max_hp_per_floor":[75,75,75,75,75,75,75,75,75,75,75,75],"card_choices":[{"not_picked":["Barrage","Genetic Algorithm"],"picked":"Go for the Eyes","floor":1},{"not_picked":["Blizzard","Barrage"],"picked":"Sunder","floor":2},{"not_picked":["Hologram","Go for the Eyes"],"picked":"Gash","floor":3},{"not_picked":["Redo","Reinforced Body"],"picked":"Rebound","floor":7},{"not_picked":["Redo","Self Repair"],"picked":"Electrodynamics","floor":8},{"not_picked":["Rip and Tear","Scrape"],"picked":"FTL","floor":10},{"not_picked":["Rebound","Cold Snap","Darkness"],"picked":"SKIP","floor":11}],"player_experience":835552,"relics_obtained":[{"floor":8,"key":"Kunai"},{"floor":9,"key":"Regal Pillow"},{"floor":10,"key":"Omamori"}],"event_choices":[{"damage_healed":0,"gold_gain":0,"player_choice":"Entered Light","damage_taken":15,"max_hp_gain":0,"max_hp_loss":0,"event_name":"Shining Light","floor":4,"gold_loss":0,"cards_upgraded":["Sunder","Defend_B"]},{"damage_healed":0,"gold_gain":100,"player_choice":"Pray","damage_taken":0,"max_hp_gain":0,"max_hp_loss":0,"event_name":"Golden Shrine","floor":5,"gold_loss":0}],"is_beta":false,"boss_relics":[],"items_purged_floors":[],"is_endless":false,"potions_floor_spawned":[3,8,10],"killed_by":"Lagavulin","ascension_level":12}