{"gold_per_floor":[117,132,106,122,122,122,197,197,220,220,237,250,215,1,1,1],"floor_reached":16,"playtime":2722,"items_purged":["Strike_G"],"score":90,"play_id":"f0a7d4ed-a59e-4912-aee9-6123ff12e98f","local_time":"20181003235857","is_ascension_mode":false,"campfire_choices":[{"floor":10,"key":"REST"},{"data":"Footwork","floor":15,"key":"SMITH"}],"neow_cost":"PERCENT_DAMAGE","seed_source_timestamp":28987127161141,"circlet_count":0,"master_deck":["Defend_G","Defend_G","Defend_G","Defend_G","Defend_G","Strike_G","Strike_G","Strike_G","Survivor","Neutralize","Die Die Die","Well Laid Plans","Prepared","Backflip","Backflip","Footwork+1","Leg Sweep","Dagger Spray"],"relics":["Ring of the Snake","Smiling Mask","Tingsha","PreservedInsect"],"potions_floor_usage":[],"damage_taken":[{"damage":3,"enemies":"2 Louse","floor":1,"turns":2},{"damage":0,"enemies":"Cultist","floor":2,"turns":4},{"damage":0,"enemies":"Jaw Worm","floor":4,"turns":5},{"damage":0,"enemies":"3 Louse","floor":11,"turns":1},{"damage":0,"enemies":"Exordium Wildlife","floor":12,"turns":3},{"damage":71,"enemies":"Hexaghost","floor":16,"turns":23}],"seed_played":"-8841188082059478312","potions_obtained":[{"floor":11,"key":"Weak Potion"}],"is_trial":false,"path_per_floor":["M","M","$","M","?","?","?","T","T","R","M","M","?","$","R"],"character_chosen":"THE_SILENT","items_purchased":["Prepared","Footwork","Leg Sweep","Dagger Spray"],"campfire_rested":1,"item_purchase_floors":[3,14,14,14],"current_hp_per_floor":[46,46,46,46,46,43,36,36,36,57,57,57,70,70,70,0],"gold":1,"neow_bonus":"THREE_RARE_CARDS","is_prod":false,"is_daily":false,"chose_seed":false,"campfire_upgraded":1,"win_rate":0.0,"timestamp":1538603937,"path_taken":["M","M","$","M","?","?","?","?","T","R","M","M","?","$","R","BOSS"],"build_version":"2018-09-20","purchased_purges":1,"victory":false,"max_hp_per_floor":[70,70,70,70,70,70,70,70,70,70,70,70,70,70,70,70],"card_choices":[{"not_picked":["Wraith Form v2","Bullet Time"],"picked":"Die Die Die","floor":0},{"not_picked":["Prepared","Poisoned Stab"],"picked":"Well Laid Plans","floor":1},{"not_picked":["Endless Agony","Deflect","Flying Knee"],"picked":"SKIP","floor":2},{"not_picked":["Flechettes","Sucker Punch"],"picked":"Backflip","floor":4},{"not_picked":["Masterful Stab","Dagger Throw"],"picked":"Backflip","floor":11},{"not_picked":["Bane","Heel Hook","Poisoned Stab"],"picked":"SKIP","floor":12}],"player_experience":64156,"relics_obtained":[{"floor":8,"key":"Tingsha"},{"floor":9,"key":"PreservedInsect"}],"event_choices":[{"event_name":"Purifier","player_choice":"One Purge","floor":5,"damage_taken":0},{"event_name":"Scrap Ooze","player_choice":"success","floor":6,"damage_taken":3},{"event_name":"FaceTrader","player_choice":"Touch","floor":7,"damage_taken":0},{"event_name":"The Cleric","player_choice":"Healed","floor":13,"damage_taken":0}],"is_beta":false,"boss_relics":[],"items_purged_floors":[14],"is_endless":false,"potions_floor_spawned":[11],"killed_by":"Hexaghost","ascension_level":0}