{"gold_per_floor":[113,124,124,49,61,61,9,37,37,37,54,54,54,54,54,152,152,172,172,188,188,213,213,234,247,274,75,75],"floor_reached":28,"playtime":873,"items_purged":["Strike_G"],"score":452,"play_id":"62f97bdd-70bc-4370-b26e-e49d3ed38e61","local_time":"20190217142856","is_ascension_mode":true,"campfire_choices":[{"data":"Noxious Fumes","floor":6,"key":"SMITH"},{"floor":12,"key":"REST"},{"floor":15,"key":"REST"},{"data":"Footwork","floor":23,"key":"SMITH"}],"neow_cost":"TEN_PERCENT_HP_LOSS","seed_source_timestamp":226016356190410,"circlet_count":0,"master_deck":["AscendersBane","Defend_G+1","Defend_G","Defend_G","Defend_G+1","Strike_G","Strike_G","Strike_G","Strike_G","Survivor","Neutralize","Backstab+1","Footwork+1","Noxious Fumes+1","Crippling Poison+1","PiercingWail","PiercingWail","Poisoned Stab","Envenom","Cloak And Dagger","Backflip","Calculated Gamble","After Image","Cloak And Dagger"],"relics":["Ring of the Snake","StoneCalendar","Bottled Tornado","Dream Catcher","Golden Idol","Ancient Tea Set","Sozu","War Paint","Juzu Bracelet","Bag of Preparation"],"potions_floor_usage":[8,8],"damage_taken":[{"damage":2,"enemies":"Small Slimes","floor":1,"turns":5},{"damage":4,"enemies":"Cultist","floor":2,"turns":5},{"damage":0,"enemies":"2 Louse","floor":5,"turns":3},{"damage":22,"enemies":"3 Sentries","floor":8,"turns":7},{"damage":13,"enemies":"Exordium Wildlife","floor":11,"turns":5},{"damage":0,"enemies":"Hexaghost","floor":16,"turns":9},{"damage":5,"enemies":"2 Thieves","floor":18,"turns":5},{"damage":20,"enemies":"Colosseum Slavers","floor":19,"turns":7},{"damage":6,"enemies":"3 Byrds","floor":20,"turns":5},{"damage":13,"enemies":"Snecko","floor":24,"turns":6},{"damage":4,"enemies":"Centurion and Healer","floor":25,"turns":7},{"damage":27,"enemies":"Cultist and Chosen","floor":28,"turns":4}],"seed_played":"-4971531757919006020","potions_obtained":[{"floor":1,"key":"Ancient Potion"},{"floor":2,"key":"FearPotion"},{"floor":11,"key":"Strength Potion"}],"is_trial":false,"path_per_floor":["M","M","?","$","M","R","$","E","T","?","M","R","?","T","R","B",null,"M","?","M","?","T","R","M","M","T","$","M"],"character_chosen":"THE_SILENT","items_purchased":["AttackPotion","Cloak And Dagger","Bag of Preparation"],"campfire_rested":2,"item_purchase_floors":[7,27,27],"current_hp_per_floor":[57,53,41,41,41,41,41,19,19,19,6,24,24,24,40,40,52,47,27,21,39,39,39,26,22,22,22,0],"gold":75,"neow_bonus":"ONE_RARE_RELIC","is_prod":false,"is_daily":false,"chose_seed":false,"campfire_upgraded":2,"win_rate":0,"timestamp":1550410136,"path_taken":["M","M","?","$","M","R","$","E","T","?","?","R","?","?","R","BOSS","M","?","M","?","?","R","M","M","T","$","M"],"build_version":"2019-01-23","purchased_purges":1,"victory":false,"max_hp_per_floor":[60,60,60,60,60,60,60,60,60,60,60,60,56,56,56,56,56,56,56,56,56,56,56,56,56,56,56,56],"card_choices":[{"not_picked":["Deflect","Expertise"],"picked":"Backstab","floor":1},{"not_picked":["Prepared","All Out Attack"],"picked":"Footwork","floor":2},{"not_picked":["Prepared","Dodge and Roll"],"picked":"Noxious Fumes","floor":5},{"not_picked":["Sucker Punch","Leg Sweep"],"picked":"Crippling Poison","floor":8},{"not_picked":["Slice","Concentrate"],"picked":"PiercingWail","floor":11},{"not_picked":["Distraction","Wraith Form v2"],"picked":"PiercingWail","floor":12},{"not_picked":["Masterful Stab","Blade Dance"],"picked":"Poisoned Stab","floor":15},{"not_picked":["Phantasmal Killer","Die Die Die"],"picked":"Envenom","floor":16},{"not_picked":["Underhanded Strike","Dagger Spray"],"picked":"Cloak And Dagger","floor":18},{"not_picked":["Flechettes","Infinite Blades"],"picked":"Backflip","floor":20},{"not_picked":["Quick Slash","Acrobatics"],"picked":"Calculated Gamble","floor":24},{"not_picked":["Skewer","Acrobatics"],"picked":"After Image","floor":25}],"player_experience":671872,"relics_obtained":[{"floor":8,"key":"Bottled Tornado"},{"floor":9,"key":"Dream Catcher"},{"floor":14,"key":"Ancient Tea Set"},{"floor":22,"key":"War Paint"},{"floor":26,"key":"Juzu Bracelet"}],"event_choices":[{"damage_healed":0,"gold_gain":0,"player_choice":"Entered Light","damage_taken":12,"max_hp_gain":0,"max_hp_loss":0,"event_name":"Shining Light","floor":3,"gold_loss":0,"cards_upgraded":["Defend_G","Backstab"]},{"cards_removed":["Defend_G"],"damage_healed":0,"gold_gain":0,"player_choice":"Purged","damage_taken":0,"max_hp_gain":0,"max_hp_loss":0,"event_name":"Purifier","floor":10,"gold_loss":0},{"damage_healed":0,"gold_gain":0,"player_choice":"Lose Max HP","damage_taken":0,"relics_obtained":["Golden Idol"],"max_hp_gain":0,"max_hp_loss":4,"event_name":"Golden Idol","floor":13,"gold_loss":0},{"damage_healed":0,"gold_gain":0,"player_choice":"Fight","damage_taken":0,"max_hp_gain":0,"max_hp_loss":0,"event_name":"Colosseum","floor":19,"gold_loss":0},{"damage_healed":0,"gold_gain":0,"player_choice":"Fled From Nobs","damage_taken":0,"max_hp_gain":0,"max_hp_loss":0,"event_name":"Colosseum","floor":19,"gold_loss":0},{"damage_healed":18,"gold_gain":0,"player_choice":"Heal","damage_taken":0,"max_hp_gain":0,"max_hp_loss":0,"event_name":"The Library","floor":21,"gold_loss":0}],"is_beta":false,"boss_relics":[{"not_picked":["Orrery","Busted Crown"],"picked":"Sozu"}],"items_purged_floors":[4],"is_endless":false,"potions_floor_spawned":[1,2,11,18,20],"killed_by":"Cultist and Chosen","ascension_level":14}