{"path_per_floor":["M","?","M","M","M","E","R","M","T","R","M","?","M","E","R","B",null,"M","$","M","M","M"],"character_chosen":"IRONCLAD","items_purchased":["Rampage","Metallicize","Matryoshka"],"gold_per_floor":[113,188,208,220,234,266,266,285,285,285,299,299,324,358,358,482,482,506,51,66,81,95,95],"floor_reached":23,"campfire_rested":2,"playtime":4979,"current_hp_per_floor":[76,65,63,67,64,23,23,19,19,43,47,47,47,28,52,12,80,67,67,56,41,8,0],"items_purged":["Strike_R"],"gold":95,"score":217,"play_id":"a96b651d-509b-4f1a-a5a8-153ddefe4148","local_time":"20180421202302","is_prod":false,"is_daily":false,"chose_seed":false,"is_ascension_mode":true,"campfire_upgraded":1,"timestamp":1524356582,"path_taken":["M","?","?","M","?","E","R","M","T","R","M","?","M","E","R","BOSS","M","$","?","?","M","E"],"build_version":"2018-04-19","seed_source_timestamp":21308151063082,"purchased_purges":1,"victory":false,"master_deck":["Strike_R","Strike_R","Strike_R","Strike_R","Defend_R","Defend_R","Defend_R","Defend_R","Bash","Clothesline","Disarm","Iron Wave","Armaments+1","Seeing Red","Ghostly Armor","Rampage","Injury","Power Through","Headbutt","Juggernaut","Wild Strike","Rampage","Metallicize","Evolve","Battle Trance","Intimidate"],"max_hp_per_floor":[80,80,80,80,80,80,80,80,80,80,80,80,80,80,80,80,80,80,80,80,80,80,80],"relics":["Burning Blood","Prayer Wheel","Gremlin Horn","Golden Idol","Du-Vu Doll","Black Star","Matryoshka"],"card_choices":[{"not_picked":["Havoc","Pommel Strike"],"picked":"Clothesline","floor":1},{"not_picked":["Flex","Shrug It Off"],"picked":"Disarm","floor":3},{"not_picked":["Havoc","Headbutt"],"picked":"Iron Wave","floor":4},{"not_picked":["Flex","Headbutt"],"picked":"Armaments","floor":6},{"not_picked":["Headbutt","Ghostly Armor"],"picked":"Seeing Red","floor":8},{"not_picked":["Anger","Carnage"],"picked":"Ghostly Armor","floor":9},{"not_picked":["Shrug It Off","Sword Boomerang"],"picked":"Rampage","floor":11},{"not_picked":["Headbutt","Brutality"],"picked":"Power Through","floor":13},{"not_picked":["Clothesline","Pummel"],"picked":"Headbutt","floor":14},{"not_picked":["Brutality","Fiend Fire"],"picked":"Juggernaut","floor":16},{"not_picked":["Headbutt","Flex"],"picked":"Wild Strike","floor":18},{"not_picked":["Shrug It Off","Headbutt"],"picked":"Evolve","floor":20},{"not_picked":["Sever Soul","Clash"],"picked":"Battle Trance","floor":21},{"not_picked":["Warcry","Flex"],"picked":"Intimidate","floor":22}],"player_experience":270185,"potions_floor_usage":[5,16,20,22,22,23],"damage_taken":[{"damage":10,"enemies":"2 Louse","floor":1,"turns":3},{"damage":8,"enemies":"Jaw Worm","floor":3,"turns":4},{"damage":2,"enemies":"Cultist","floor":4,"turns":4},{"damage":21,"enemies":"Gremlin Gang","floor":5,"turns":6},{"damage":47,"enemies":"Lagavulin","floor":6,"turns":10},{"damage":10,"enemies":"Large Slime","floor":8,"turns":9},{"damage":2,"enemies":"2 Fungi Beasts","floor":11,"turns":4},{"damage":6,"enemies":"Lots of Slimes","floor":13,"turns":5},{"damage":25,"enemies":"3 Sentries","floor":14,"turns":8},{"damage":46,"enemies":"The Guardian","floor":16,"turns":13},{"damage":19,"enemies":"Shell Parasite","floor":18,"turns":9},{"damage":17,"enemies":"Chosen","floor":20,"turns":6},{"damage":21,"enemies":"Snecko","floor":21,"turns":6},{"damage":39,"enemies":"Centurion and Healer","floor":22,"turns":11},{"damage":8,"enemies":"Book of Stabbing","floor":23,"turns":5}],"event_choices":[{"event_name":"World of Goop","player_choice":"Gather Gold","floor":2,"damage_taken":0},{"event_name":"Golden Idol","player_choice":"Take Wound","floor":12,"damage_taken":0}],"boss_relics":[{"not_picked":["Velvet Choker","Eternal Feather"],"picked":"Black Star"}],"potions_floor_spawned":[3,4,11,14,18,20],"seed_played":"-919263852635917464","killed_by":"Book of Stabbing","ascension_level":1,"is_trial":false}