{"gold_per_floor":[15,32,42,52,127,142,152,152,177,177,197,197,231,250,250,353,353,369,388,388,100,111,144,144],"floor_reached":24,"playtime":2242,"items_purged":["Strike_B"],"score":255,"play_id":"a6a411d2-eada-4868-9e65-7a35f2b976c2","local_time":"20181218190746","is_ascension_mode":true,"campfire_choices":[{"data":"Storm","floor":15.0,"key":"SMITH"}],"neow_cost":"NO_GOLD","seed_source_timestamp":478295080118139,"circlet_count":0,"master_deck":["Defend_B","Defend_B","Defend_B","Defend_B","Zap","Dualcast","Sunder","Blizzard","Redo","BootSequence","Coolheaded","Ball Lightning","White Noise","Chill","Capacitor","Machine Learning","Storm+1","Machine Learning","Capacitor+1","Storm+1","Bandage Up","Go for the Eyes"],"special_seed":0,"relics":["FrozenCore","Bag of Marbles","Boot","Mummified Hand","Smiling Mask","Oddly Smooth Stone","Anchor"],"potions_floor_usage":[19,23,23,24],"damage_taken":[{"damage":0.0,"enemies":"Cultist","floor":1.0,"turns":4.0},{"damage":7.0,"enemies":"Jaw Worm","floor":2.0,"turns":2.0},{"damage":0.0,"enemies":"2 Louse","floor":3.0,"turns":2.0},{"damage":0.0,"enemies":"Looter","floor":4.0,"turns":3.0},{"damage":5.0,"enemies":"Lots of Slimes","floor":6.0,"turns":5.0},{"damage":0.0,"enemies":"Exordium Wildlife","floor":7.0,"turns":3.0},{"damage":0.0,"enemies":"Gremlin Gang","floor":11.0,"turns":3.0},{"damage":15.0,"enemies":"3 Sentries","floor":13.0,"turns":4.0},{"damage":4.0,"enemies":"Looter","floor":14.0,"turns":3.0},{"damage":9.0,"enemies":"The Guardian","floor":16.0,"turns":9.0},{"damage":8,"enemies":"Chosen","floor":18,"turns":6},{"damage":2,"enemies":"2 Thieves","floor":19,"turns":3},{"damage":14,"enemies":"Centurion and Healer","floor":22,"turns":7},{"damage":56,"enemies":"Slavers","floor":23,"turns":6},{"damage":25,"enemies":"Snecko","floor":24,"turns":4}],"seed_played":"6382350980416844188","potions_obtained":[{"floor":1.0,"key":"SkillPotion"},{"floor":2.0,"key":"Ancient Potion"},{"floor":4.0,"key":"Strength Potion"},{"floor":7.0,"key":"Swift Potion"},{"floor":16.0,"key":"SkillPotion"},{"floor":19,"key":"Regen Potion"},{"floor":22,"key":"AttackPotion"}],"is_trial":false,"path_per_floor":["M","M","M","M","?","M","M","?","T","?","M","T","E","M","R","B",null,"M","M","?","$","M","E","M"],"character_chosen":"DEFECT","items_purchased":["Oddly Smooth Stone","Bandage Up"],"campfire_rested":0,"item_purchase_floors":[21,21],"current_hp_per_floor":[75,68,68,68,57,52,52,49,49,42,42,42,27,23,23,14,75,67,65,65,65,55,3,0],"gold":144,"neow_bonus":"TRANSFORM_TWO_CARDS","is_prod":false,"is_daily":false,"chose_seed":false,"campfire_upgraded":1,"win_rate":0,"timestamp":1545181666,"path_taken":["M","M","M","M","?","M","M","?","T","?","M","?","E","M","R","BOSS","M","?","?","$","?","E","M"],"build_version":"2018-12-13","purchased_purges":1,"victory":false,"max_hp_per_floor":[75,75,75,75,75,75,75,75,75,75,75,75,75,75,75,75,75,75,75,75,75,75,75,75],"card_choices":[{"not_picked":["Rip and Tear","Turbo"],"picked":"Redo","floor":1.0},{"not_picked":["Cold Snap","Self Repair"],"picked":"BootSequence","floor":2.0},{"not_picked":["Compile Driver","Redo"],"picked":"Coolheaded","floor":3.0},{"not_picked":["Gash","Stack"],"picked":"Ball Lightning","floor":4.0},{"not_picked":["Streamline","Barrage","White Noise"],"picked":"SKIP","floor":6.0},{"not_picked":["Streamline","Barrage"],"picked":"White Noise","floor":6.0},{"not_picked":["Recycle","Rainbow"],"picked":"Chill","floor":7.0},{"not_picked":["Sweeping Beam","Ball Lightning"],"picked":"Capacitor","floor":11.0},{"not_picked":["Rebound","Stack"],"picked":"Machine Learning","floor":13.0},{"not_picked":["Hologram","Leap"],"picked":"Storm","floor":14.0},{"not_picked":["Reboot","Meteor Strike"],"picked":"Machine Learning","floor":16.0},{"not_picked":["Beam Cell","FTL+1"],"picked":"Capacitor+1","floor":18},{"not_picked":["Barrage","Blizzard","Coolheaded+1"],"picked":"SKIP","floor":19},{"not_picked":["Streamline","Steam"],"picked":"Go for the Eyes","floor":22},{"not_picked":["All For One","Turbo","Hologram"],"picked":"SKIP","floor":23}],"player_experience":285645,"relics_obtained":[{"floor":9.0,"key":"Boot"},{"floor":12.0,"key":"Mummified Hand"},{"floor":13.0,"key":"Smiling Mask"},{"floor":23,"key":"Anchor"}],"event_choices":[{"damage_healed":0.0,"max_hp_gain":0.0,"max_hp_loss":0.0,"gold_gain":75.0,"event_name":"World of Goop","player_choice":"Gather Gold","floor":5.0,"gold_loss":0.0,"damage_taken":11.0},{"damage_healed":0.0,"max_hp_gain":0.0,"max_hp_loss":0.0,"gold_gain":0.0,"event_name":"Scrap Ooze","player_choice":"Success","floor":8.0,"gold_loss":0.0,"damage_taken":3.0,"relics_obtained":["Bag of Marbles"]},{"cards_removed":["Strike_B"],"damage_healed":0.0,"max_hp_gain":0.0,"max_hp_loss":0.0,"gold_gain":0.0,"event_name":"Golden Wing","player_choice":"Card Removal","floor":10.0,"gold_loss":0.0,"damage_taken":7.0},{"damage_healed":0,"gold_gain":0,"player_choice":"Copied","damage_taken":0,"max_hp_gain":0,"max_hp_loss":0,"event_name":"Duplicator","floor":20,"gold_loss":0,"cards_obtained":["Storm"]}],"is_beta":false,"boss_relics":[{"not_picked":["Velvet Choker","Empty Cage"],"picked":"FrozenCore"}],"items_purged_floors":[21],"is_endless":false,"potions_floor_spawned":[1,2,4,7,16,19,22],"killed_by":"Snecko","ascension_level":3}