{"gold_per_floor":[114,189,202,202,127,152,164,183,206,225,225,195,195,20,20,20],"floor_reached":16,"playtime":493,"items_purged":["Strike_G","Strike_G"],"score":125,"play_id":"f9bcc2f3-2b52-40ce-b12e-8f74bf8dd3bf","local_time":"20180923155911","is_ascension_mode":false,"campfire_choices":[{"data":"Blade Dance","floor":13,"key":"SMITH"},{"data":"Terror","floor":15,"key":"SMITH"}],"neow_cost":"NONE","seed_source_timestamp":89656677896393,"circlet_count":0,"master_deck":["Defend_G","Defend_G","Defend_G","Defend_G","Defend_G","Strike_G","Strike_G","Strike_G","Survivor","Neutralize+1","Tactician","Dagger Spray","Dagger Spray","Blade Dance+1","Terror+1","Escape Plan"],"relics":["Ring of the Snake","NeowsBlessing","Regal Pillow","Dream Catcher","Snake Skull"],"potions_floor_usage":[7,8,12,16],"damage_taken":[{"damage":0,"enemies":"Jaw Worm","floor":1,"turns":1},{"damage":0,"enemies":"2 Louse","floor":3,"turns":1},{"damage":0,"enemies":"Lagavulin","floor":6,"turns":1},{"damage":2,"enemies":"Small Slimes","floor":7,"turns":5},{"damage":5,"enemies":"Looter","floor":8,"turns":4},{"damage":3,"enemies":"Lots of Slimes","floor":10,"turns":3},{"damage":48,"enemies":"The Guardian","floor":16,"turns":18}],"seed_played":"5426290296157771586","potions_obtained":[{"floor":1,"key":"Regen Potion"},{"floor":7,"key":"Ancient Potion"},{"floor":8,"key":"LiquidBronze"},{"floor":12,"key":"FearPotion"},{"floor":12,"key":"Fruit Juice"}],"is_trial":false,"path_per_floor":["M","?","M","?","$","E","M","M","T","M","?","?","R","$","R"],"character_chosen":"THE_SILENT","items_purchased":["Escape Plan"],"campfire_rested":0,"item_purchase_floors":[14],"current_hp_per_floor":[70,59,59,41,41,41,51,46,46,43,43,48,48,48,48,0],"gold":20,"neow_bonus":"THREE_ENEMY_KILL","is_prod":false,"is_daily":false,"chose_seed":false,"campfire_upgraded":2,"win_rate":0,"timestamp":1537711151,"path_taken":["M","?","M","?","$","E","M","M","T","M","?","?","R","$","R","BOSS"],"build_version":"2018-09-20","purchased_purges":2,"victory":false,"max_hp_per_floor":[70,70,70,70,70,70,70,70,70,70,70,75,75,75,75,75],"card_choices":[{"not_picked":["Sucker Punch","Dodge and Roll"],"picked":"Tactician","floor":1},{"not_picked":["Deflect","Cloak And Dagger"],"picked":"Dagger Spray","floor":3},{"not_picked":["Underhanded Strike","Quick Slash"],"picked":"Dagger Spray","floor":6},{"not_picked":["Backflip","Predator"],"picked":"Blade Dance","floor":7},{"not_picked":["Underhanded Strike","Outmaneuver"],"picked":"Terror","floor":8},{"not_picked":["Dodge and Roll","A Thousand Cuts","Caltrops"],"picked":"SKIP","floor":10}],"player_experience":172529,"relics_obtained":[{"floor":6,"key":"Dream Catcher"},{"floor":9,"key":"Snake Skull"}],"event_choices":[{"event_name":"World of Goop","player_choice":"Gather Gold","floor":2,"damage_taken":0},{"event_name":"Scrap Ooze","player_choice":"success","floor":4,"damage_taken":18},{"event_name":"Upgrade Shrine","player_choice":"Upgraded","floor":11,"damage_taken":0},{"event_name":"The Woman in Blue","player_choice":"Bought 2 Potions","floor":12,"damage_taken":0}],"is_beta":false,"boss_relics":[],"items_purged_floors":[5,14],"is_endless":false,"potions_floor_spawned":[1,7,8],"killed_by":"The Guardian","ascension_level":0}