{"gold_per_floor":[119,138,138,150,105,105,115,148,230,230,244,244,255,265,265,363,363,383,188,188,200,200,200,219,219,272,272,306,306,306,306,306,306],"floor_reached":33,"playtime":1420,"items_purged":[],"score":411,"play_id":"bb005d45-f7b6-4ea6-a3b3-c32b35a0f52b","local_time":"20190228004915","is_ascension_mode":true,"campfire_choices":[{"data":"Perfected Strike","floor":6,"key":"SMITH"},{"data":"Bash","floor":10,"key":"SMITH"},{"data":"Shockwave","floor":12,"key":"SMITH"},{"data":"Intimidate","floor":15,"key":"SMITH"},{"data":"Metamorphosis","floor":23,"key":"SMITH"},{"data":"Feed","floor":25,"key":"SMITH"},{"data":"Corruption","floor":27,"key":"SMITH"},{"floor":32,"key":"REST"}],"neow_cost":"CURSE","seed_source_timestamp":37067796766717,"circlet_count":0,"master_deck":["AscendersBane","Strike_R","Strike_R","Strike_R","Strike_R","Strike_R","Defend_R","Defend_R","Defend_R","Defend_R","Bash+1","Headbutt","Perfected Strike+1","Twin Strike","Shrug It Off","Ghostly Armor","Flame Barrier","Shockwave+1","Intimidate+1","Feed+1","Corruption+1","Metamorphosis+1"],"relics":["Burning Blood","Turnip","Self Forming Clay","Tiny Chest","Velvet Choker","Nloth\u0027s Gift","PreservedInsect","Centennial Puzzle","MutagenicStrength"],"potions_floor_usage":[7,8,29,33],"damage_taken":[{"damage":17,"enemies":"Jaw Worm","floor":1,"turns":7},{"damage":11,"enemies":"Cultist","floor":2,"turns":4},{"damage":2,"enemies":"2 Louse","floor":4,"turns":4},{"damage":5,"enemies":"Gremlin Gang","floor":7,"turns":8},{"damage":10,"enemies":"Gremlin Nob","floor":8,"turns":3},{"damage":0,"enemies":"Large Slime","floor":11,"turns":3},{"damage":12,"enemies":"2 Fungi Beasts","floor":13,"turns":4},{"damage":6,"enemies":"Looter","floor":14,"turns":4},{"damage":17,"enemies":"The Guardian","floor":16,"turns":14},{"damage":13,"enemies":"3 Byrds","floor":18,"turns":4},{"damage":5,"enemies":"Chosen","floor":21,"turns":4},{"damage":12,"enemies":"Centurion and Healer","floor":24,"turns":4},{"damage":21,"enemies":"Slavers","floor":28,"turns":5},{"damage":7,"enemies":"Colosseum Slavers","floor":29,"turns":5},{"damage":84,"enemies":"Automaton","floor":33,"turns":8}],"seed_played":"-879012528894617651","potions_obtained":[{"floor":4,"key":"AttackPotion"},{"floor":7,"key":"FearPotion"},{"floor":11,"key":"Weak Potion"},{"floor":13,"key":"SpeedPotion"}],"is_trial":false,"path_per_floor":["?","M","?","M","?","?","?"],"character_chosen":"IRONCLAD","items_purchased":["Shrug It Off","Metamorphosis"],"campfire_rested":1,"item_purchase_floors":[5,19],"current_hp_per_floor":[61,56,56,60,60,60,61,57,57,57,63,63,57,57,57,46,72,65,65,65,69,69,69,63,63,63,63,52,55,55,55,82,0],"gold":306,"neow_bonus":"ONE_RARE_RELIC","is_prod":false,"is_daily":false,"chose_seed":false,"campfire_upgraded":7,"win_rate":0,"timestamp":1551311355,"path_taken":["M","M","?","M","$","R","M","E","T","R","M","R","?","M","R","BOSS","M","$","?","?","$","R","M","R","T","R","E","?","?","?","R","BOSS"],"build_version":"2019-01-23","purchased_purges":0,"victory":false,"max_hp_per_floor":[80,80,80,80,80,80,80,80,80,80,80,80,80,80,80,80,80,80,80,80,83,83,83,83,83,83,83,87,91,91,91,91,91],"card_choices":[{"not_picked":["Havoc","Metallicize"],"picked":"Headbutt","floor":1},{"not_picked":["Fire Breathing","Clash"],"picked":"Perfected Strike","floor":2},{"not_picked":["Flex","Anger"],"picked":"Twin Strike","floor":4},{"not_picked":["Evolve","Rage"],"picked":"Ghostly Armor","floor":7},{"not_picked":["Thunderclap","Shrug It Off"],"picked":"Flame Barrier","floor":8},{"not_picked":["Sword Boomerang","Warcry"],"picked":"Shockwave","floor":11},{"not_picked":["Reckless Charge","Sword Boomerang","Seeing Red"],"picked":"SKIP","floor":13},{"not_picked":["Thunderclap","Flex"],"picked":"Intimidate","floor":14},{"not_picked":["Reaper","Exhume"],"picked":"Feed","floor":16},{"not_picked":["Sword Boomerang+1","Spot Weakness"],"picked":"Corruption","floor":18},{"not_picked":["Twin Strike","Havoc","Evolve"],"picked":"SKIP","floor":21},{"not_picked":["Thunderclap","Cleave","Anger+1"],"picked":"SKIP","floor":24},{"not_picked":["Bludgeon","Infernal Blade","Brutality"],"picked":"SKIP","floor":28}],"player_experience":336999,"relics_obtained":[{"floor":8,"key":"Self Forming Clay"},{"floor":9,"key":"Tiny Chest"},{"floor":26,"key":"PreservedInsect"},{"floor":28,"key":"Centennial Puzzle"}],"event_choices":[{"cards_removed":["Doubt"],"damage_healed":0,"gold_gain":0,"player_choice":"Offered Curse","damage_taken":0,"relics_obtained":["Spirit Poop"],"max_hp_gain":0,"max_hp_loss":0,"event_name":"Bonfire Elementals","floor":3,"gold_loss":0},{"damage_healed":0,"gold_gain":0,"player_choice":"Traded Relic","damage_taken":0,"relics_obtained":["Nloth\u0027s Gift"],"max_hp_gain":0,"max_hp_loss":0,"event_name":"N\u0027loth","floor":20,"relics_lost":["Spirit Poop"],"gold_loss":0},{"damage_healed":0,"gold_gain":0,"player_choice":"Fight","damage_taken":0,"max_hp_gain":0,"max_hp_loss":0,"event_name":"Colosseum","floor":29,"gold_loss":0},{"damage_healed":0,"gold_gain":0,"player_choice":"Fled From Nobs","damage_taken":0,"max_hp_gain":0,"max_hp_loss":0,"event_name":"Colosseum","floor":29,"gold_loss":0},{"damage_healed":0,"gold_gain":0,"player_choice":"Ignored","damage_taken":0,"max_hp_gain":0,"max_hp_loss":0,"event_name":"Vampires","floor":30,"gold_loss":0},{"damage_healed":0,"gold_gain":0,"player_choice":"Inject Mutagens","damage_taken":0,"relics_obtained":["MutagenicStrength"],"max_hp_gain":0,"max_hp_loss":0,"event_name":"Drug Dealer","floor":31,"gold_loss":0}],"is_beta":false,"boss_relics":[{"not_picked":["Philosopher\u0027s Stone","Busted Crown"],"picked":"Velvet Choker"}],"items_purged_floors":[],"is_endless":false,"potions_floor_spawned":[4,7,11,13,21,24,29],"killed_by":"Automaton","ascension_level":11}