{"gold_per_floor":[118,118,136,136,14,53,71,71,116,116,116,136,136,36,36,160,160,174,192,206,81,102,142,158,158,185,198,232,0,0,43,43,167,167,183,202,327,350,363,363,407,407,407,740,770,770,797,797,797,797,797,797,67,95,95],"floor_reached":55,"playtime":3779,"items_purged":["Strike_B","Pain","Electrodynamics","Meteor Strike"],"score":1307,"play_id":"65fa380d-dbc9-4773-881a-970d6c81e59e","local_time":"20190121001026","is_ascension_mode":true,"campfire_choices":[{"floor":11.0,"key":"REST"},{"data":"Zap","floor":13.0,"key":"SMITH"},{"data":"Go for the Eyes","floor":15.0,"key":"SMITH"},{"floor":25.0,"key":"REST"},{"data":"Capacitor","floor":32,"key":"SMITH"},{"floor":40,"key":"RECALL"},{"floor":42,"key":"REST"},{"floor":46,"key":"REST"},{"floor":49,"key":"REST"},{"floor":52,"key":"REST"}],"neow_cost":"PERCENT_DAMAGE","seed_source_timestamp":496638352499494,"circlet_count":0,"master_deck":["AscendersBane","Zap+1","Dualcast","Coolheaded","Go for the Eyes+1","Gash+1","Compile Driver+1","Core Surge","Leap+1","Electrodynamics","Chaos","White Noise","Rip and Tear","Genetic Algorithm+1","Conserve Battery+1","Consume+1","Go for the Eyes+1","Reprogram+1","Capacitor+1","Echo Form","Redo+1","Redo+1","BootSequence+1"],"special_seed":0,"relics":["Cracked Core","Lantern","Bag of Marbles","WarpedTongs","Pandora\u0027s Box","Emotion Chip","Blood Vial","Bottled Flame","Omamori","Regal Pillow","The Courier","Fusion Hammer","Incense Burner","Blue Candle","Whetstone","Pen Nib","Calipers","Ornamental Fan","War Paint","Pantograph"],"potions_floor_usage":[33,37,55,55],"damage_taken":[{"damage":0.0,"enemies":"Cultist","floor":1.0,"turns":4.0},{"damage":2.0,"enemies":"Jaw Worm","floor":3.0,"turns":3.0},{"damage":29.0,"enemies":"3 Sentries","floor":6.0,"turns":8.0},{"damage":0.0,"enemies":"Small Slimes","floor":7.0,"turns":3.0},{"damage":0.0,"enemies":"2 Fungi Beasts","floor":12.0,"turns":4.0},{"damage":0.0,"enemies":"The Guardian","floor":16.0,"turns":11.0},{"damage":6.0,"enemies":"3 Byrds","floor":18.0,"turns":2.0},{"damage":10.0,"enemies":"Shell Parasite","floor":19.0,"turns":4.0},{"damage":3.0,"enemies":"3 Cultists","floor":20.0,"turns":4.0},{"damage":28.0,"enemies":"Snake Plant","floor":22.0,"turns":3.0},{"damage":27.0,"enemies":"Book of Stabbing","floor":23.0,"turns":8.0},{"damage":1.0,"enemies":"Cultist and Chosen","floor":24.0,"turns":4.0},{"damage":0.0,"enemies":"Snecko","floor":27.0,"turns":3.0},{"damage":0.0,"enemies":"Gremlin Leader","floor":28.0,"turns":6.0},{"damage":26,"enemies":"Book of Stabbing","floor":31,"turns":6},{"damage":26,"enemies":"Collector","floor":33,"turns":9},{"damage":17,"enemies":"3 Darklings","floor":35,"turns":3},{"damage":19,"enemies":"3 Shapes","floor":36,"turns":3},{"damage":4,"enemies":"Mind Bloom Boss Battle","floor":37,"turns":6},{"damage":15,"enemies":"Sphere and 2 Shapes","floor":38,"turns":4},{"damage":1,"enemies":"Maw","floor":39,"turns":5},{"damage":29,"enemies":"Reptomancer","floor":41,"turns":5},{"damage":15,"enemies":"Nemesis","floor":45,"turns":5},{"damage":38,"enemies":"Giant Head","floor":47,"turns":10},{"damage":75,"enemies":"Donu and Deca","floor":50,"turns":7},{"damage":65,"enemies":"Shield and Spear","floor":54,"turns":5},{"damage":73,"enemies":"The Heart","floor":55,"turns":3}],"seed_played":"2424216146292680901","potions_obtained":[{"floor":1.0,"key":"LiquidBronze"},{"floor":6.0,"key":"EssenceOfSteel"},{"floor":16.0,"key":"SkillPotion"},{"floor":19.0,"key":"Regen Potion"},{"floor":23.0,"key":"Poison Potion"},{"floor":28,"key":"Regen Potion"},{"floor":35,"key":"Regen Potion"},{"floor":36,"key":"Regen Potion"},{"floor":37,"key":"Strength Potion"}],"is_trial":false,"path_per_floor":["M","?","M","?","$","E","M","?","T","?","R","M","R","$","R","B",null,"M","M","M","$","M","E","M","R","T","M","E","$","?","E","R","B",null,"M","M","?","M","M","R","E","R","T","?","E","R","E","?","R","B",null,"R","$","E","B"],"character_chosen":"DEFECT","items_purchased":["Go for the Eyes","Omamori","Capacitor","Calipers","Ornamental Fan","War Paint","LiquidBronze"],"campfire_rested":6,"item_purchase_floors":[5,29,29,53,53,53,53],"current_hp_per_floor":[64,42,40,45,45,16,16,16,16,16,44,44,44,44,44,44,82,76,66,63,63,35,23,22,50,50,52,54,54,54,30,30,21,76,61,44,57,44,45,45,18,61,61,61,48,91,55,55,94,19,75,94,94,29,0],"gold":95,"neow_bonus":"TWENTY_PERCENT_HP_BONUS","is_prod":false,"is_daily":false,"chose_seed":false,"campfire_upgraded":3,"win_rate":0,"timestamp":1548051026,"path_taken":["M","?","M","?","?","E","M","?","T","?","R","?","R","$","R","BOSS","M","?","M","$","M","E","M","R","T","M","E","$","?","E","R","BOSS","M","M","?","M","M","R","E","R","T","?","E","R","E","?","R","BOSS","R","$","E","BOSS"],"build_version":"2019-01-17v2","purchased_purges":4,"victory":false,"max_hp_per_floor":[89,89,89,94,94,94,94,94,94,94,94,94,94,94,94,94,94,94,94,94,94,94,94,94,94,94,94,94,94,94,94,94,94,94,94,94,94,94,94,94,94,94,94,94,94,94,94,94,94,94,94,94,94,94,94],"card_choices":[{"not_picked":["Steam Power","Turbo","Steam"],"picked":"SKIP","floor":1.0},{"not_picked":["Compile Driver","Rebound"],"picked":"Coolheaded","floor":3.0},{"not_picked":["Barrage","Recycle"],"picked":"Gash","floor":6.0},{"not_picked":["Barrage","Coolheaded"],"picked":"Compile Driver","floor":7.0},{"not_picked":["Double Energy","Hologram"],"picked":"Core Surge","floor":12.0},{"not_picked":["Reboot","Meteor Strike"],"picked":"Electrodynamics","floor":16.0},{"not_picked":["Stack","Cold Snap"],"picked":"Conserve Battery+1","floor":18.0},{"not_picked":["Skim","Stack","All For One"],"picked":"SKIP","floor":19.0},{"not_picked":["Blizzard","Lockon","Ball Lightning"],"picked":"SKIP","floor":20.0},{"not_picked":["Storm","Streamline","Stack"],"picked":"SKIP","floor":22.0},{"not_picked":["Streamline+1","Compile Driver"],"picked":"Consume+1","floor":23.0},{"not_picked":["Compile Driver","Reinforced Body+1"],"picked":"Go for the Eyes+1","floor":24.0},{"not_picked":["Coolheaded","Ball Lightning","Steam Power"],"picked":"SKIP","floor":27.0},{"not_picked":["Reinforced Body","Chaos"],"picked":"Reprogram+1","floor":28},{"not_picked":["Compile Driver","Meteor Strike","Beam Cell"],"picked":"SKIP","floor":31},{"not_picked":["Compile Driver","Meteor Strike","Beam Cell"],"picked":"SKIP","floor":31},{"not_picked":["Hyperbeam","Fission"],"picked":"Echo Form","floor":33},{"not_picked":["Chaos+1","Ball Lightning+1"],"picked":"Redo+1","floor":35},{"not_picked":["Sweeping Beam","Storm"],"picked":"Redo+1","floor":36},{"not_picked":["Go for the Eyes+1","Gash","Compile Driver+1"],"picked":"SKIP","floor":38},{"not_picked":["Stack","Leap","Reprogram"],"picked":"SKIP","floor":39},{"not_picked":["Cold Snap","Hello World","Ball Lightning+1"],"picked":"SKIP","floor":41},{"not_picked":["Thunder Strike","Turbo+1"],"picked":"BootSequence+1","floor":45},{"not_picked":["Hello World+1","Coolheaded","Heatsinks"],"picked":"SKIP","floor":47},{"not_picked":["Cold Snap","Ball Lightning","Blizzard"],"picked":"SKIP","floor":54}],"player_experience":794050,"relics_obtained":[{"floor":6.0,"key":"Lantern"},{"floor":9.0,"key":"Bag of Marbles"},{"floor":23.0,"key":"Emotion Chip"},{"floor":26.0,"key":"Blood Vial"},{"floor":28,"key":"Bottled Flame"},{"floor":31,"key":"The Courier"},{"floor":37,"key":"Incense Burner"},{"floor":41,"key":"Blue Candle"},{"floor":45,"key":"Whetstone"},{"floor":47,"key":"Pen Nib"},{"floor":54,"key":"Pantograph"}],"event_choices":[{"damage_healed":0.0,"max_hp_gain":0.0,"max_hp_loss":0.0,"gold_gain":0.0,"event_name":"Golden Idol","player_choice":"Take Damage","floor":2.0,"gold_loss":0.0,"damage_taken":22.0,"relics_obtained":["Golden Idol"]},{"damage_healed":0.0,"max_hp_gain":5.0,"max_hp_loss":0.0,"gold_gain":0.0,"event_name":"Big Fish","player_choice":"Donut","floor":4.0,"gold_loss":0.0,"damage_taken":0.0},{"damage_healed":0.0,"max_hp_gain":0.0,"max_hp_loss":0.0,"gold_gain":0.0,"event_name":"Shining Light","player_choice":"Ignored","floor":8.0,"gold_loss":0.0,"damage_taken":0.0},{"damage_healed":0.0,"max_hp_gain":0.0,"max_hp_loss":0.0,"gold_gain":0.0,"event_name":"Accursed Blacksmith","player_choice":"Rummage","floor":10.0,"gold_loss":0.0,"damage_taken":0.0,"relics_obtained":["WarpedTongs"],"cards_obtained":["Pain"]},{"damage_healed":0,"gold_gain":0,"player_choice":"Opened","damage_taken":0,"relics_obtained":["Regal Pillow"],"max_hp_gain":0,"max_hp_loss":0,"event_name":"The Mausoleum","floor":30,"gold_loss":0},{"damage_healed":0,"gold_gain":0,"player_choice":"Fight","damage_taken":0,"max_hp_gain":0,"max_hp_loss":0,"event_name":"MindBloom","floor":37,"gold_loss":0},{"damage_healed":0,"gold_gain":333,"player_choice":"Gave Idol","damage_taken":0,"max_hp_gain":0,"max_hp_loss":0,"event_name":"The Moai Head","floor":44,"relics_lost":["Golden Idol"],"gold_loss":0},{"damage_healed":0,"gold_gain":0,"player_choice":"Ignored","damage_taken":0,"max_hp_gain":0,"max_hp_loss":0,"event_name":"Tomb of Lord Red Mask","floor":48,"gold_loss":0}],"is_beta":false,"boss_relics":[{"not_picked":["Inserter","Nuclear Battery"],"picked":"Pandora\u0027s Box"},{"not_picked":["Black Star","Empty Cage"],"picked":"Fusion Hammer"}],"items_purged_floors":[5,14,21,53],"is_endless":false,"potions_floor_spawned":[1,6,16,19,20,23,28,35,36,37],"killed_by":"The Heart","ascension_level":10}