{"gold_per_floor":[118,128,128,0,150,193,218,258,258,7,7,21,21,46,46,46],"floor_reached":16,"playtime":378,"items_purged":["Doubt"],"score":236,"play_id":"f3d0861b-ed35-480a-bf32-b921722d2d8c","local_time":"20190204170721","is_ascension_mode":true,"campfire_choices":[{"floor":15,"key":"REST"}],"neow_cost":"NONE","seed_source_timestamp":97067165962983,"circlet_count":0,"master_deck":["AscendersBane","Defend_G","Defend_G","Defend_G","Defend_G","Defend_G","Strike_G","Strike_G","Strike_G","Strike_G","Strike_G","Survivor","Neutralize+1","Riddle With Holes+1","Cloak And Dagger","Injury","Noxious Fumes","Poisoned Stab","PiercingWail","Deadly Poison","Die Die Die+1","Noxious Fumes","Bouncing Flask","Dagger Spray+1","Parasite","PiercingWail","Footwork"],"relics":["Ring of the Snake","NeowsBlessing","Golden Idol","Whetstone","Molten Egg 2","Bag of Marbles"],"potions_floor_usage":[14,16],"damage_taken":[{"damage":0,"enemies":"Cultist","floor":1,"turns":1},{"damage":0,"enemies":"Small Slimes","floor":2,"turns":1},{"damage":0,"enemies":"3 Sentries","floor":6,"turns":2},{"damage":9,"enemies":"Jaw Worm","floor":7,"turns":3},{"damage":40,"enemies":"Gremlin Nob","floor":8,"turns":5},{"damage":17,"enemies":"2 Fungi Beasts","floor":12,"turns":4},{"damage":0,"enemies":"Exordium Wildlife","floor":14,"turns":4},{"damage":31,"enemies":"Slime Boss","floor":16,"turns":3}],"seed_played":"2048590695596221215","potions_obtained":[{"floor":7,"key":"Energy Potion"},{"floor":8,"key":"GhostInAJar"}],"is_trial":false,"path_per_floor":["M","M","?","$","?","E","M","E","T","$","?","M","$","M","R","B"],"character_chosen":"THE_SILENT","items_purchased":["Noxious Fumes","Poisoned Stab","Noxious Fumes","Bouncing Flask","Dagger Spray+1"],"campfire_rested":1,"item_purchase_floors":[4,4,10,10,10],"current_hp_per_floor":[59,59,59,59,59,59,50,10,10,10,26,9,9,9,28,0],"gold":46,"neow_bonus":"THREE_ENEMY_KILL","is_prod":false,"is_daily":false,"chose_seed":false,"campfire_upgraded":0,"win_rate":0,"timestamp":1549318041,"path_taken":["M","M","?","$","?","E","M","E","T","$","?","M","?","M","R","BOSS"],"build_version":"2019-01-23","purchased_purges":1,"victory":false,"max_hp_per_floor":[66,66,66,66,66,66,66,66,66,66,66,66,66,66,66,66],"card_choices":[{"not_picked":["Sucker Punch","Dodge and Roll"],"picked":"Riddle With Holes","floor":1},{"not_picked":["Well Laid Plans","Eviscerate"],"picked":"Cloak And Dagger","floor":2},{"not_picked":["Slice","Masterful Stab"],"picked":"PiercingWail","floor":6},{"not_picked":["Reflex","Well Laid Plans"],"picked":"Deadly Poison","floor":7},{"not_picked":["Sucker Punch","Infinite Blades"],"picked":"Die Die Die","floor":8},{"not_picked":["Calculated Gamble","Eviscerate+1"],"picked":"PiercingWail","floor":12},{"not_picked":["All Out Attack+1","Sucker Punch+1"],"picked":"Footwork","floor":14}],"player_experience":2317823,"relics_obtained":[{"floor":6,"key":"Whetstone"},{"floor":8,"key":"Molten Egg 2"},{"floor":9,"key":"Bag of Marbles"}],"event_choices":[{"damage_healed":0,"gold_gain":0,"player_choice":"Take Wound","damage_taken":0,"relics_obtained":["Golden Idol"],"max_hp_gain":0,"max_hp_loss":0,"event_name":"Golden Idol","floor":3,"gold_loss":0,"cards_obtained":["Injury"]},{"damage_healed":0,"gold_gain":150,"player_choice":"AGREE","damage_taken":0,"max_hp_gain":0,"max_hp_loss":0,"event_name":"Liars Game","floor":5,"gold_loss":0,"cards_obtained":["Doubt"]},{"damage_healed":16,"gold_gain":0,"player_choice":"Healed and dodged fight","damage_taken":0,"max_hp_gain":0,"max_hp_loss":0,"event_name":"Mushrooms","floor":11,"gold_loss":0,"cards_obtained":["Parasite"]}],"is_beta":false,"boss_relics":[],"items_purged_floors":[10],"is_endless":false,"potions_floor_spawned":[7,8,12],"killed_by":"Slime Boss","ascension_level":15}