{"gold_per_floor":[99,99,49,49,23,23,23,23,23,23,23,23,23,0,0,0,0,0,0,0,0,0,0,0,0,0,0,0,0,0,0,0,0],"floor_reached":33,"playtime":1118,"items_purged":[],"score":393,"play_id":"43e53ff6-18a1-41f6-9467-52f948483d59","local_time":"20190108224840","is_ascension_mode":true,"campfire_choices":[{"data":"Bash","floor":8,"key":"SMITH"},{"data":"Armaments","floor":10,"key":"SMITH"},{"floor":12,"key":"REST"},{"data":"Flex","floor":15,"key":"SMITH"},{"data":"Barricade","floor":23,"key":"SMITH"},{"floor":29,"key":"REST"},{"floor":32,"key":"REST"}],"neow_cost":"NONE","seed_source_timestamp":337926000459337,"circlet_count":0,"master_deck":["Defend_R","Defend_R","Defend_R","Defend_R","Bash+1","Cleave","Warcry","Armaments+1","Ghostly Armor","Headbutt","Flex+1","Barricade+1","Spot Weakness+1","Sword Boomerang+1","Bite","Bite","Bite","Bite","Bite","Flame Barrier"],"relics":["Ectoplasm","Orichalcum","Centennial Puzzle","Omamori","Velvet Choker","Enchiridion","Anchor","Sundial"],"potions_floor_usage":[16,22,31,31],"damage_taken":[{"damage":12,"enemies":"Jaw Worm","floor":1,"turns":3},{"damage":20,"enemies":"Gremlin Nob","floor":6,"turns":4},{"damage":0,"enemies":"Small Slimes","floor":7,"turns":3},{"damage":7,"enemies":"2 Louse","floor":11,"turns":2},{"damage":2,"enemies":"2 Fungi Beasts","floor":13,"turns":2},{"damage":1,"enemies":"Looter","floor":14,"turns":3},{"damage":18,"enemies":"Slime Boss","floor":16,"turns":8},{"damage":7,"enemies":"Chosen","floor":18,"turns":4},{"damage":0,"enemies":"Spheric Guardian","floor":22,"turns":3},{"damage":22,"enemies":"Cultist and Chosen","floor":24,"turns":8},{"damage":30,"enemies":"Snake Plant","floor":30,"turns":4},{"damage":16,"enemies":"Book of Stabbing","floor":31,"turns":6},{"damage":55,"enemies":"Collector","floor":33,"turns":7}],"seed_played":"-3653795532101454490","potions_obtained":[{"floor":11,"key":"Strength Potion"},{"floor":13,"key":"Regen Potion"},{"floor":18,"key":"GamblersBrew"},{"floor":30,"key":"Block Potion"}],"is_trial":false,"path_per_floor":["M","?","?","?","$","E","M","R","T","R","M","R","M","M","R","B",null,"M","$","?","?","M","R","M","?","T","?","?","R","M","E","R","B"],"character_chosen":"IRONCLAD","items_purchased":["Warcry"],"campfire_rested":3,"item_purchase_floors":[5],"current_hp_per_floor":[60,60,60,57,57,37,37,37,37,37,30,54,52,51,51,33,68,61,61,61,61,61,61,39,23,23,23,23,39,19,19,35,0],"gold":0,"neow_bonus":"BOSS_RELIC","is_prod":false,"is_daily":false,"chose_seed":false,"campfire_upgraded":4,"win_rate":0,"timestamp":1546955320,"path_taken":["M","?","?","?","?","E","?","R","T","R","M","R","M","M","R","BOSS","M","$","?","?","M","R","M","?","T","?","?","R","?","E","R","BOSS"],"build_version":"2019-01-03v4","purchased_purges":0,"victory":false,"max_hp_per_floor":[80,80,80,80,80,80,80,80,80,80,80,80,80,80,80,80,80,80,80,80,80,80,80,80,80,80,56,56,56,56,56,56,56],"card_choices":[{"not_picked":["Combust","Iron Wave"],"picked":"Cleave","floor":1},{"not_picked":["Heavy Blade","Corruption"],"picked":"Armaments","floor":6},{"not_picked":["Dropkick","Combust","Dual Wield"],"picked":"SKIP","floor":7},{"not_picked":["Infernal Blade","Body Slam"],"picked":"Ghostly Armor","floor":11},{"not_picked":["Anger","Dark Embrace"],"picked":"Headbutt","floor":13},{"not_picked":["Warcry","Anger"],"picked":"Flex","floor":14},{"not_picked":["Dark Embrace","Brutality"],"picked":"Barricade","floor":16},{"not_picked":["Rampage+1","Anger"],"picked":"Spot Weakness+1","floor":18},{"not_picked":["Power Through","True Grit"],"picked":"Sword Boomerang+1","floor":22},{"not_picked":["Sentinel","Infernal Blade","Sever Soul"],"picked":"SKIP","floor":24},{"not_picked":["Carnage","Warcry","Anger+1"],"picked":"SKIP","floor":30},{"not_picked":["Headbutt","Wild Strike","Cleave"],"picked":"SKIP","floor":31}],"player_experience":352896,"relics_obtained":[{"floor":6,"key":"Centennial Puzzle"},{"floor":9,"key":"Omamori"},{"floor":25,"key":"Enchiridion"},{"floor":26,"key":"Anchor"},{"floor":31,"key":"Sundial"}],"event_choices":[{"damage_healed":0,"gold_gain":0,"player_choice":"Ignored","damage_taken":0,"max_hp_gain":0,"max_hp_loss":0,"event_name":"Liars Game","floor":2,"gold_loss":0},{"cards_removed":["Strike_R"],"damage_healed":0,"gold_gain":0,"player_choice":"Card Removal","damage_taken":0,"max_hp_gain":0,"max_hp_loss":0,"event_name":"The Cleric","floor":3,"gold_loss":50},{"damage_healed":0,"gold_gain":0,"player_choice":"Success","damage_taken":3,"relics_obtained":["Orichalcum"],"max_hp_gain":0,"max_hp_loss":0,"event_name":"Scrap Ooze","floor":4,"gold_loss":0},{"damage_healed":0,"gold_gain":0,"player_choice":"Ignored","damage_taken":0,"max_hp_gain":0,"max_hp_loss":0,"event_name":"Beggar","floor":21,"gold_loss":0},{"damage_healed":0,"gold_gain":0,"player_choice":"Obtained Book","damage_taken":16,"max_hp_gain":0,"max_hp_loss":0,"event_name":"Cursed Tome","floor":25,"gold_loss":0},{"damage_healed":0,"gold_gain":0,"player_choice":"Became a vampire","damage_taken":0,"max_hp_gain":0,"max_hp_loss":24,"event_name":"Vampires","floor":27,"gold_loss":0,"cards_obtained":["Bite","Bite","Bite","Bite","Bite"]},{"damage_healed":0,"gold_gain":0,"player_choice":"Read","damage_taken":0,"max_hp_gain":0,"max_hp_loss":0,"event_name":"The Library","floor":28,"gold_loss":0,"cards_obtained":["Flame Barrier"]}],"is_beta":false,"boss_relics":[{"not_picked":["Runic Cube","Orrery"],"picked":"Velvet Choker"}],"items_purged_floors":[],"is_endless":false,"potions_floor_spawned":[11,13,18,30],"killed_by":"Collector","ascension_level":8}