{"gold_per_floor":[115,126,20,35,35,35,50,63,63,12,12,39,39,53,53,128,128,142,142,142,67,67,167,167,180,180,180],"floor_reached":27,"playtime":1080,"items_purged":[],"score":373,"play_id":"7c29cad7-82f4-4f29-bcd1-0f882d278f59","local_time":"20190116014713","is_ascension_mode":true,"campfire_choices":[{"data":"Neutralize","floor":6.0,"key":"SMITH"},{"floor":13.0,"key":"REST"},{"data":"Envenom","floor":15.0,"key":"SMITH"},{"data":"Bullet Time","floor":24,"key":"SMITH"}],"neow_cost":"NONE","seed_source_timestamp":953466177668654,"circlet_count":0,"master_deck":["AscendersBane","Defend_G","Defend_G","Defend_G","Defend_G","Survivor","Neutralize+1","Bullet Time+1","Prepared","Blur+1","All Out Attack","Distraction","Underhanded Strike","Backflip","Skewer","Envenom+1","Dagger Spray","Glass Knife","Bite","Bite","Bite","Bite","Backflip+1"],"special_seed":0,"relics":["Ring of the Snake","Bottled Lightning","Snake Skull","Empty Cage","Darkstone Periapt"],"potions_floor_usage":[27],"damage_taken":[{"damage":10.0,"enemies":"Cultist","floor":1.0,"turns":6.0},{"damage":3.0,"enemies":"Small Slimes","floor":2.0,"turns":5.0},{"damage":0.0,"enemies":"2 Louse","floor":4.0,"turns":2.0},{"damage":0.0,"enemies":"2 Fungi Beasts","floor":7.0,"turns":3.0},{"damage":0.0,"enemies":"Exordium Wildlife","floor":8.0,"turns":3.0},{"damage":15.0,"enemies":"Gremlin Nob","floor":12.0,"turns":3.0},{"damage":7.0,"enemies":"Large Slime","floor":14.0,"turns":4.0},{"damage":29.0,"enemies":"The Guardian","floor":16.0,"turns":12.0},{"damage":27.0,"enemies":"Spheric Guardian","floor":18.0,"turns":5.0},{"damage":10,"enemies":"Shell Parasite","floor":25,"turns":5},{"damage":32,"enemies":"Chosen and Byrds","floor":27,"turns":4}],"seed_played":"-2961085246851344452","potions_obtained":[{"floor":2.0,"key":"SkillPotion"},{"floor":7.0,"key":"Poison Potion"},{"floor":8.0,"key":"Fire Potion"},{"floor":16.0,"key":"LiquidBronze"}],"is_trial":false,"path_per_floor":["M","M","$","M","?","R","M","M","T","$","?","E","R","M","R","B",null,"M","?","?","?","?","?","R","M","T","M"],"character_chosen":"THE_SILENT","items_purchased":["All Out Attack","Distraction","Energy Potion"],"campfire_rested":1,"item_purchase_floors":[3,3,10],"current_hp_per_floor":[53,50,50,50,50,50,50,50,50,50,36,21,42,35,35,6,54,27,14,14,14,14,14,14,8,8,0],"gold":180,"neow_bonus":"ONE_RANDOM_RARE_CARD","is_prod":false,"is_daily":false,"chose_seed":false,"campfire_upgraded":3,"win_rate":0,"timestamp":1547570833,"path_taken":["M","M","?","M","?","R","M","M","T","$","?","E","R","M","R","BOSS","M","?","?","?","?","?","R","?","T","M"],"build_version":"2019-01-10","purchased_purges":0,"victory":false,"max_hp_per_floor":[70,70,70,70,70,70,70,70,70,70,70,70,70,70,70,70,70,70,75,52,52,52,52,52,52,52,52],"card_choices":[{"not_picked":["Choke","Reflex"],"picked":"Prepared","floor":1.0},{"not_picked":["Poisoned Stab","Slice"],"picked":"Blur","floor":2.0},{"not_picked":["Deadly Poison","Backflip"],"picked":"Underhanded Strike","floor":4.0},{"not_picked":["Slice","Masterful Stab"],"picked":"Backflip","floor":7.0},{"not_picked":["PiercingWail","Blade Dance"],"picked":"Skewer","floor":8.0},{"not_picked":["Outmaneuver","Flying Knee"],"picked":"Envenom","floor":12.0},{"not_picked":["Deadly Poison","Blade Dance"],"picked":"Dagger Spray","floor":14.0},{"not_picked":["Corpse Explosion","Grand Finale"],"picked":"Glass Knife","floor":16.0},{"not_picked":["Quick Slash","Heel Hook","Tactician"],"picked":"SKIP","floor":18.0},{"not_picked":["Quick Slash","Distraction"],"picked":"Backflip+1","floor":25}],"player_experience":381726,"relics_obtained":[{"floor":9.0,"key":"Bottled Lightning"},{"floor":12.0,"key":"Snake Skull"},{"floor":26,"key":"Darkstone Periapt"}],"event_choices":[{"damage_healed":0.0,"max_hp_gain":0.0,"max_hp_loss":0.0,"gold_gain":0.0,"event_name":"Liars Game","player_choice":"Ignored","floor":5.0,"gold_loss":0.0,"damage_taken":0.0},{"damage_healed":0.0,"max_hp_gain":0.0,"max_hp_loss":0.0,"gold_gain":0.0,"event_name":"Shining Light","player_choice":"Entered Light","floor":11.0,"gold_loss":0.0,"damage_taken":14.0,"cards_upgraded":["Strike_G","Blur"]},{"damage_healed":0.0,"max_hp_gain":5.0,"max_hp_loss":0.0,"gold_gain":0.0,"event_name":"Forgotten Altar","player_choice":"Shed Blood","floor":19.0,"gold_loss":0.0,"damage_taken":18.0},{"damage_healed":0.0,"max_hp_gain":0.0,"max_hp_loss":23.0,"gold_gain":0.0,"event_name":"Vampires","player_choice":"Became a vampire","floor":20.0,"gold_loss":0.0,"damage_taken":0.0,"cards_obtained":["Bite","Bite","Bite","Bite","Bite"]},{"cards_removed":["Bite"],"damage_healed":0.0,"max_hp_gain":0.0,"max_hp_loss":0.0,"gold_gain":0.0,"event_name":"Beggar","player_choice":"Gave Gold","floor":21.0,"gold_loss":75.0,"damage_taken":0.0},{"damage_healed":0,"gold_gain":0,"player_choice":"Ignored","damage_taken":0,"max_hp_gain":0,"max_hp_loss":0,"event_name":"The Mausoleum","floor":22,"gold_loss":0},{"damage_healed":0,"gold_gain":100,"player_choice":"Pray","damage_taken":0,"max_hp_gain":0,"max_hp_loss":0,"event_name":"Golden Shrine","floor":23,"gold_loss":0}],"is_beta":false,"boss_relics":[{"not_picked":["Coffee Dripper","HoveringKite"],"picked":"Empty Cage"}],"items_purged_floors":[],"is_endless":false,"potions_floor_spawned":[2,7,8,16],"killed_by":"Chosen and Byrds","ascension_level":13}