{"gold_per_floor":[117,117,91,116,191,229,229,229,281,281,305,305,329,368,368,493,493,479,492,512,532,532,532,548,548],"floor_reached":25,"playtime":1175,"items_purged":[],"score":381,"play_id":"3d612994-d3b6-43de-91fc-3bcebbeeae9a","local_time":"20190112145220","is_ascension_mode":true,"campfire_choices":[{"data":"True Grit","floor":7,"key":"SMITH"},{"floor":15,"key":"REST"},{"floor":23,"key":"REST"}],"neow_cost":"NONE","seed_source_timestamp":299511965562804,"circlet_count":0,"master_deck":["AscendersBane","Strike_R","Strike_R","Strike_R","Strike_R","Defend_R","Defend_R","Defend_R","Defend_R","Bash","Disarm","True Grit+1","Headbutt","Metallicize","Headbutt","Clash","Pommel Strike","Dropkick","Demon Form","Thunderclap","Sword Boomerang","Feel No Pain","Carnage","Flame Barrier"],"relics":["Burning Blood","NeowsBlessing","Golden Idol","PreservedInsect","Boot","Art of War","Ice Cream","Snecko Eye","Gremlin Horn"],"potions_floor_usage":[16,24],"damage_taken":[{"damage":0,"enemies":"Jaw Worm","floor":1,"turns":1},{"damage":0,"enemies":"Small Slimes","floor":4,"turns":1},{"damage":0,"enemies":"3 Sentries","floor":6,"turns":1},{"damage":5,"enemies":"Cultist","floor":11,"turns":4},{"damage":19,"enemies":"Large Slime","floor":13,"turns":7},{"damage":14,"enemies":"Gremlin Nob","floor":14,"turns":4},{"damage":69,"enemies":"Hexaghost","floor":16,"turns":16},{"damage":23,"enemies":"2 Thieves","floor":18,"turns":4},{"damage":8,"enemies":"Shell Parasite","floor":19,"turns":4},{"damage":28,"enemies":"Shelled Parasite and Fungi","floor":20,"turns":4},{"damage":15,"enemies":"Centurion and Healer","floor":21,"turns":6},{"damage":13,"enemies":"3 Cultists","floor":24,"turns":4},{"damage":30,"enemies":"Shelled Parasite and Fungi","floor":25,"turns":2}],"seed_played":"-5934921005217350846","potions_obtained":[{"floor":6,"key":"Dexterity Potion"},{"floor":21,"key":"Swift Potion"}],"is_trial":false,"path_per_floor":["M","?","$","M","?","E","R","?","T","?","M","?","M","E","R","B",null,"M","M","M","M","?","R","M","M"],"character_chosen":"IRONCLAD","items_purchased":["True Grit"],"campfire_rested":2,"item_purchase_floors":[3],"current_hp_per_floor":[78,74,74,74,63,69,69,74,74,74,75,75,62,54,77,14,63,46,44,22,13,13,36,29,0],"gold":548,"neow_bonus":"THREE_ENEMY_KILL","is_prod":false,"is_daily":false,"chose_seed":false,"campfire_upgraded":1,"win_rate":0,"timestamp":1547322740,"path_taken":["M","?","$","M","?","E","R","?","T","?","?","?","M","E","R","BOSS","M","M","M","M","?","R","M","M"],"build_version":"2019-01-10","purchased_purges":0,"victory":false,"max_hp_per_floor":[80,74,74,74,74,74,74,79,79,79,79,79,79,79,79,79,79,79,79,79,79,79,79,79,79],"card_choices":[{"not_picked":["Flex","Power Through"],"picked":"Disarm","floor":1},{"not_picked":["Reckless Charge","Ghostly Armor"],"picked":"Headbutt","floor":4},{"not_picked":["Reckless Charge","Burning Pact"],"picked":"Metallicize","floor":6},{"not_picked":["Havoc","Perfected Strike"],"picked":"Clash","floor":11},{"not_picked":["Iron Wave","Sever Soul"],"picked":"Pommel Strike","floor":13},{"not_picked":["Dual Wield","Second Wind"],"picked":"Dropkick","floor":14},{"not_picked":["Reaper","Feed"],"picked":"Demon Form","floor":16},{"not_picked":["Iron Wave","Perfected Strike+1"],"picked":"Thunderclap","floor":18},{"not_picked":["Combust","Body Slam"],"picked":"Sword Boomerang","floor":19},{"not_picked":["Perfected Strike","Twin Strike"],"picked":"Feel No Pain","floor":20},{"not_picked":["Blood for Blood","Flex+1"],"picked":"Carnage","floor":21},{"not_picked":["Thunderclap","Evolve"],"picked":"Flame Barrier","floor":24}],"player_experience":2096698,"relics_obtained":[{"floor":6,"key":"PreservedInsect"},{"floor":9,"key":"Boot"},{"floor":14,"key":"Ice Cream"}],"event_choices":[{"damage_healed":0,"gold_gain":0,"player_choice":"Lose Max HP","damage_taken":0,"relics_obtained":["Golden Idol"],"max_hp_gain":0,"max_hp_loss":6,"event_name":"Golden Idol","floor":2,"gold_loss":0},{"damage_healed":0,"gold_gain":75,"player_choice":"Gather Gold","damage_taken":11,"max_hp_gain":0,"max_hp_loss":0,"event_name":"World of Goop","floor":5,"gold_loss":0},{"damage_healed":0,"gold_gain":0,"player_choice":"Donut","damage_taken":0,"max_hp_gain":5,"max_hp_loss":0,"event_name":"Big Fish","floor":8,"gold_loss":0},{"damage_healed":0,"gold_gain":0,"cards_transformed":["Strike_R"],"player_choice":"Transformed","damage_taken":0,"max_hp_gain":0,"max_hp_loss":0,"event_name":"Transmorgrifier","floor":10,"gold_loss":0,"cards_obtained":["Headbutt"]},{"damage_healed":0,"gold_gain":0,"player_choice":"Searched \u00271\u0027 times","damage_taken":0,"relics_obtained":["Art of War"],"max_hp_gain":0,"max_hp_loss":0,"event_name":"Dead Adventurer","floor":12,"gold_loss":0},{"damage_healed":0,"gold_gain":0,"player_choice":"Opened","damage_taken":0,"relics_obtained":["Gremlin Horn"],"max_hp_gain":0,"max_hp_loss":0,"event_name":"The Mausoleum","floor":22,"gold_loss":0}],"is_beta":false,"boss_relics":[{"not_picked":["Velvet Choker","White Beast Statue"],"picked":"Snecko Eye"}],"items_purged_floors":[],"is_endless":false,"potions_floor_spawned":[6,21],"killed_by":"Shelled Parasite and Fungi","ascension_level":12}