{"gold_per_floor":[112,132,143,155,12,12,40,51,51,51,83,48,48,77,89,203,215,238,250,282,314,357,425,57,57,83,83,83,113,33,33,33,134,134,150,150,150,162,179,511,511,523,523,129,0,0,0,12,12,12,12,12,12,41,41],"floor_reached":55,"playtime":5080,"items_purged":["Strike_B"],"score":828,"play_id":"2f209e61-30e3-49ab-838a-af12bceed2c5","local_time":"20190126164444","is_ascension_mode":false,"campfire_choices":[{"data":"Defragment","floor":6.0,"key":"SMITH"},{"floor":10.0,"key":"REST"},{"data":"Seek","floor":15.0,"key":"SMITH"},{"floor":25.0,"key":"REST"},{"floor":27.0,"key":"REST"},{"floor":32.0,"key":"REST"},{"floor":41.0,"key":"RECALL"},{"data":"BootSequence","floor":46.0,"key":"SMITH"},{"data":"Consume","floor":49.0,"key":"SMITH"},{"data":"Reboot","floor":52.0,"key":"SMITH"}],"neow_cost":"NONE","seed_source_timestamp":0,"circlet_count":0,"master_deck":["Strike_B","Strike_B+1","Defend_B","Defend_B","Defend_B+1","Defend_B","Zap","Dualcast","Ball Lightning","Defragment+1","Hologram+1","Self Repair","Coolheaded+1","Seek+1","Go for the Eyes","Reboot+1","Go for the Eyes","Hologram","Auto Shields+1","Cold Snap+1","Doom and Gloom","FTL","BootSequence+1","Capacitor","Electrodynamics","White Noise+1","White Noise+1","Redo+1","Conserve Battery","Compile Driver+1","Consume+1","Loop+1","Panache+1","Capacitor+1","Defragment+1","Consume"],"special_seed":0,"relics":["Black Star","Art of War","Mummified Hand","Symbiotic Virus","Nunchaku","Incense Burner","Kunai","MawBank","Inserter","War Paint","Tiny Chest","Bag of Preparation","Bottled Tornado","Orichalcum","Prayer Wheel","Pear","Ancient Tea Set","DataDisk","Eternal Feather","Frozen Egg 2","Old Coin","Lantern","Red Mask","Unceasing Top","StoneCalendar"],"potions_floor_usage":[55],"damage_taken":[{"damage":3.0,"enemies":"2 Louse","floor":1.0,"turns":3.0},{"damage":3.0,"enemies":"Jaw Worm","floor":2.0,"turns":4.0},{"damage":1.0,"enemies":"Cultist","floor":3.0,"turns":4.0},{"damage":3.0,"enemies":"2 Fungi Beasts","floor":4.0,"turns":3.0},{"damage":35.0,"enemies":"Gremlin Nob","floor":7.0,"turns":5.0},{"damage":0.0,"enemies":"Large Slime","floor":8.0,"turns":4.0},{"damage":17.0,"enemies":"3 Sentries","floor":11.0,"turns":5.0},{"damage":5.0,"enemies":"Lagavulin","floor":14.0,"turns":5.0},{"damage":26.0,"enemies":"Hexaghost","floor":16.0,"turns":7.0},{"damage":10.0,"enemies":"Spheric Guardian","floor":18.0,"turns":4.0},{"damage":19.0,"enemies":"Chosen","floor":20.0,"turns":5.0},{"damage":13.0,"enemies":"Snecko","floor":21.0,"turns":5.0},{"damage":7.0,"enemies":"Snake Plant","floor":22.0,"turns":4.0},{"damage":34.0,"enemies":"Slavers","floor":23.0,"turns":6.0},{"damage":32.0,"enemies":"Gremlin Leader","floor":29.0,"turns":7.0},{"damage":34.0,"enemies":"Automaton","floor":33.0,"turns":9.0},{"damage":22.0,"enemies":"3 Darklings","floor":35.0,"turns":4.0},{"damage":0.0,"enemies":"3 Shapes","floor":38.0,"turns":4.0},{"damage":0.0,"enemies":"Sphere and 2 Shapes","floor":39.0,"turns":3.0},{"damage":17.0,"enemies":"Giant Head","floor":40.0,"turns":7.0},{"damage":3.0,"enemies":"Spire Growth","floor":42.0,"turns":4.0},{"damage":0.0,"enemies":"Maw","floor":48.0,"turns":5.0},{"damage":14.0,"enemies":"Time Eater","floor":50.0,"turns":9.0},{"damage":23.0,"enemies":"Shield and Spear","floor":54.0,"turns":5.0},{"damage":71,"enemies":"The Heart","floor":55,"turns":8}],"seed_played":"6621970384645233071","potions_obtained":[{"floor":1.0,"key":"PowerPotion"},{"floor":8.0,"key":"Strength Potion"},{"floor":18.0,"key":"LiquidBronze"},{"floor":20.0,"key":"LiquidBronze"},{"floor":29.0,"key":"SpeedPotion"},{"floor":35.0,"key":"Regen Potion"},{"floor":54,"key":"Block Potion"}],"is_trial":false,"path_per_floor":["M","M","M","M","$","R","E","M","T","R","E","?","?","E","R","B",null,"M","?","M","M","M","E","$","R","T","R","T","E","$","?","R","B",null,"M","?","?","M","M","E","R","M","T","$","?","R","?","M","R","B",null,"R","$","E","B"],"character_chosen":"DEFECT","items_purchased":["Art of War","Bottled Tornado","FTL","EntropicBrew","Capacitor","Consume","Loop+1","Panache+1"],"campfire_rested":4,"item_purchase_floors":[5,24,24,24,30,44,44,44],"current_hp_per_floor":[72,69,68,65,65,65,30,37,37,59,49,67,52,54,54,28,75,72,72,60,47,40,13,13,35,35,57,57,42,42,42,67,33,85,70,70,70,85,85,68,85,82,82,82,82,85,85,85,85,71,85,85,85,69,0],"gold":41,"neow_bonus":"BOSS_RELIC","is_prod":false,"is_daily":false,"chose_seed":false,"campfire_upgraded":5,"win_rate":0,"timestamp":1548549884,"path_taken":["M","M","M","M","$","R","E","M","T","R","E","?","?","E","R","BOSS","M","?","M","M","M","E","$","R","T","R","?","E","$","?","R","BOSS","M","?","?","M","?","E","R","M","T","$","?","R","?","M","R","BOSS","R","$","E","BOSS"],"build_version":"2019-01-23","purchased_purges":1,"victory":false,"max_hp_per_floor":[75,75,75,75,75,75,75,75,75,75,75,75,75,75,75,75,75,75,75,75,75,75,75,75,75,75,75,75,85,85,85,85,85,85,85,85,85,85,85,85,85,85,85,85,85,85,85,85,85,85,85,85,85,85,85],"card_choices":[{"not_picked":["Skim","Self Repair"],"picked":"Ball Lightning","floor":1.0},{"not_picked":["Go for the Eyes","Static Discharge"],"picked":"Defragment","floor":2.0},{"not_picked":["Turbo","Gash","Rebound"],"picked":"SKIP","floor":3.0},{"not_picked":["Turbo","Sweeping Beam"],"picked":"Hologram","floor":4.0},{"not_picked":["Aggregate","Conserve Battery"],"picked":"Self Repair","floor":7.0},{"not_picked":["Cold Snap","Rebound"],"picked":"Coolheaded","floor":8.0},{"not_picked":["Cold Snap","Streamline"],"picked":"Seek","floor":11.0},{"not_picked":["Beam Cell","Sweeping Beam"],"picked":"Go for the Eyes","floor":14.0},{"not_picked":["Amplify","Meteor Strike"],"picked":"Reboot","floor":16.0},{"not_picked":["Stack","Double Energy"],"picked":"Go for the Eyes","floor":18.0},{"not_picked":["Tempest","Ball Lightning"],"picked":"Hologram","floor":20.0},{"not_picked":["Hologram","Cold Snap"],"picked":"Auto Shields+1","floor":21.0},{"not_picked":["Streamline+1","Coolheaded+1"],"picked":"Cold Snap+1","floor":22.0},{"not_picked":["Coolheaded","Self Repair"],"picked":"Doom and Gloom","floor":23.0},{"not_picked":["Gash","Hello World"],"picked":"BootSequence","floor":29.0},{"not_picked":["All For One","Rainbow"],"picked":"Electrodynamics","floor":33.0},{"not_picked":["Fusion","Steam"],"picked":"White Noise+1","floor":35.0},{"not_picked":["Rebound","Force Field+1","Doom and Gloom+1"],"picked":"SKIP","floor":35.0},{"not_picked":["Tempest+1","Hello World+1"],"picked":"White Noise+1","floor":38.0},{"not_picked":["Go for the Eyes+1","Gash+1","Ball Lightning+1"],"picked":"SKIP","floor":38.0},{"not_picked":["Skim","Scrape"],"picked":"Redo+1","floor":39.0},{"not_picked":["Compile Driver+1","Rip and Tear+1","Darkness"],"picked":"SKIP","floor":39.0},{"not_picked":["Auto Shields","Fission"],"picked":"Conserve Battery","floor":40.0},{"not_picked":["Go for the Eyes","Lockon"],"picked":"Compile Driver+1","floor":42.0},{"not_picked":["Fusion","Stack+1","Conserve Battery+1"],"picked":"SKIP","floor":42.0},{"not_picked":["Conserve Battery","Steam"],"picked":"Capacitor+1","floor":48.0},{"not_picked":["Hologram","Compile Driver+1"],"picked":"Defragment+1","floor":48.0},{"not_picked":["Turbo","Gash"],"picked":"Consume","floor":54}],"player_experience":160788,"relics_obtained":[{"floor":7.0,"key":"Mummified Hand"},{"floor":7.0,"key":"Symbiotic Virus"},{"floor":11.0,"key":"Nunchaku"},{"floor":11.0,"key":"Incense Burner"},{"floor":14.0,"key":"Kunai"},{"floor":14.0,"key":"MawBank"},{"floor":23.0,"key":"Tiny Chest"},{"floor":23.0,"key":"Bag of Preparation"},{"floor":26.0,"key":"Orichalcum"},{"floor":28.0,"key":"Prayer Wheel"},{"floor":29.0,"key":"Pear"},{"floor":29.0,"key":"Ancient Tea Set"},{"floor":40.0,"key":"Frozen Egg 2"},{"floor":40.0,"key":"Old Coin"},{"floor":43.0,"key":"Lantern"},{"floor":54,"key":"Unceasing Top"},{"floor":54,"key":"StoneCalendar"}],"event_choices":[{"damage_healed":18.0,"max_hp_gain":0.0,"max_hp_loss":0.0,"gold_gain":0.0,"event_name":"The Cleric","player_choice":"Healed","floor":12.0,"gold_loss":35.0,"damage_taken":0.0},{"damage_healed":0.0,"max_hp_gain":0.0,"max_hp_loss":0.0,"gold_gain":0.0,"event_name":"Shining Light","player_choice":"Entered Light","floor":13.0,"gold_loss":0.0,"damage_taken":15.0,"cards_upgraded":["Defend_B","Strike_B"]},{"damage_healed":0.0,"max_hp_gain":0.0,"max_hp_loss":0.0,"gold_gain":0.0,"event_name":"WeMeetAgain","player_choice":"Gave Potion","floor":19.0,"gold_loss":0.0,"damage_taken":0.0,"relics_obtained":["War Paint"]},{"damage_healed":0.0,"max_hp_gain":0.0,"max_hp_loss":0.0,"gold_gain":0.0,"event_name":"Addict","player_choice":"Stole Relic","floor":31.0,"gold_loss":0.0,"damage_taken":0.0,"relics_obtained":["DataDisk"],"cards_obtained":["Shame"]},{"cards_removed":["Strike_B"],"damage_healed":0.0,"max_hp_gain":0.0,"max_hp_loss":0.0,"gold_gain":0.0,"event_name":"Falling","player_choice":"Removed Attack","floor":36.0,"gold_loss":0.0,"damage_taken":0.0},{"cards_removed":["Shame"],"damage_healed":0.0,"max_hp_gain":0.0,"max_hp_loss":0.0,"gold_gain":0.0,"event_name":"Fountain of Cleansing","player_choice":"Removed Curses","floor":37.0,"gold_loss":0.0,"damage_taken":0.0},{"damage_healed":0.0,"max_hp_gain":0.0,"max_hp_loss":0.0,"gold_gain":0.0,"event_name":"Tomb of Lord Red Mask","player_choice":"Paid","floor":45.0,"gold_loss":129.0,"damage_taken":0.0,"relics_obtained":["Red Mask"]},{"damage_healed":0.0,"max_hp_gain":0.0,"max_hp_loss":0.0,"gold_gain":0.0,"event_name":"SensoryStone","player_choice":"Memory 1","floor":47.0,"gold_loss":0.0,"damage_taken":0.0}],"is_beta":false,"boss_relics":[{"not_picked":["Orrery","Lizard Tail"],"picked":"Inserter"},{"not_picked":["Coffee Dripper","Runic Dome"],"picked":"Eternal Feather"}],"items_purged_floors":[44],"is_endless":false,"potions_floor_spawned":[1,8,18,20,29,35,54],"killed_by":"The Heart","ascension_level":0}