{"path_per_floor":["M","M","M","?","?","E","R","M","T","R","M","M","R","T","R","B",null,"M","$","?","?","M","R","M"],"character_chosen":"IRONCLAD","items_purchased":["Corruption","Thunderclap","Warcry","Flex"],"gold_per_floor":[115,126,146,126,126,156,156,173,173,173,190,201,201,201,201,299,299,319,47,47,47,58,58,72,72],"floor_reached":25,"campfire_rested":4,"playtime":1358,"item_purchase_floors":[19,19,19,19],"current_hp_per_floor":[80,70,69,69,62,30,54,49,49,73,58,42,66,66,66,52,80,80,80,80,80,56,80,53,0],"items_purged":["Strike_R"],"gold":72,"score":223,"play_id":"3a6af76d-5de3-4153-a8b8-837113cfb1f1","local_time":"20180609124240","is_prod":false,"is_daily":false,"chose_seed":false,"is_ascension_mode":true,"campfire_upgraded":1,"win_rate":0,"timestamp":1528562560,"campfire_choices":[{"floor":7,"key":"REST"},{"floor":10,"key":"REST"},{"floor":13,"key":"REST"},{"data":"Cleave","floor":15,"key":"SMITH"},{"floor":23,"key":"REST"}],"path_taken":["M","?","M","?","?","E","R","M","T","R","M","?","R","?","R","BOSS","M","$","?","?","M","R","M","E"],"build_version":"2018-06-07v3","seed_source_timestamp":235563314394453,"purchased_purges":1,"victory":false,"master_deck":["Strike_R","Strike_R","Strike_R","Strike_R","Defend_R","Defend_R","Bash","Pommel Strike","Sentinel","Flex","Feel No Pain","Cleave+1","Carnage","Shockwave","Heavy Blade","Feed","Thunderclap","Corruption","Thunderclap","Warcry","Flex","Power Through","Pommel Strike"],"max_hp_per_floor":[80,80,80,80,80,80,80,80,80,80,80,80,80,80,80,80,80,80,80,80,80,80,80,80,80],"relics":["Burning Blood","Bottled Flame","Gambling Chip","Blood Vial","Cursed Key"],"card_choices":[{"not_picked":["Thunderclap","Wild Strike"],"picked":"Sentinel","floor":1},{"not_picked":["Clothesline","Headbutt"],"picked":"Flex","floor":2},{"not_picked":["Iron Wave","Shrug It Off"],"picked":"Feel No Pain","floor":3},{"not_picked":["Twin Strike","Flex"],"picked":"Cleave","floor":6},{"not_picked":["Iron Wave","Wild Strike"],"picked":"Carnage","floor":8},{"not_picked":["Dual Wield","Rampage"],"picked":"Shockwave","floor":11},{"not_picked":["Power Through","Flex"],"picked":"Heavy Blade","floor":12},{"not_picked":["Reaper","Exhume"],"picked":"Feed","floor":16},{"not_picked":["Clothesline","Flex+1"],"picked":"Thunderclap","floor":18},{"not_picked":["Thunderclap+1","Sword Boomerang"],"picked":"Power Through","floor":22},{"not_picked":["Rupture","Headbutt"],"picked":"Pommel Strike","floor":24}],"player_experience":431471,"potions_floor_usage":[11,16,16,16,22],"damage_taken":[{"damage":0,"enemies":"Cultist","floor":1,"turns":2},{"damage":16,"enemies":"Jaw Worm","floor":2,"turns":4},{"damage":7,"enemies":"Small Slimes","floor":3,"turns":3},{"damage":38,"enemies":"3 Sentries","floor":6,"turns":8},{"damage":11,"enemies":"Looter","floor":8,"turns":2},{"damage":21,"enemies":"Large Slime","floor":11,"turns":4},{"damage":22,"enemies":"Gremlin Gang","floor":12,"turns":4},{"damage":22,"enemies":"Slime Boss","floor":16,"turns":10},{"damage":6,"enemies":"Spheric Guardian","floor":18,"turns":3},{"damage":30,"enemies":"Shell Parasite","floor":22,"turns":4},{"damage":33,"enemies":"Snake Plant","floor":24,"turns":4},{"damage":63,"enemies":"Gremlin Leader","floor":25,"turns":7}],"relics_obtained":[{"floor":6,"key":"Bottled Flame"},{"floor":9,"key":"Gambling Chip"},{"floor":14,"key":"Blood Vial"}],"event_choices":[{"event_name":"The Woman in Blue","player_choice":"Bought 1 Potion","floor":4,"damage_taken":0},{"event_name":"Golden Wing","player_choice":"Card Removal","floor":5,"damage_taken":0},{"event_name":"Drug Dealer","player_choice":"Ignored","floor":20,"damage_taken":0},{"event_name":"Ghosts","player_choice":"Ignored","floor":21,"damage_taken":0}],"boss_relics":[{"not_picked":["Orrery","Runic Pyramid"],"picked":"Cursed Key"}],"items_purged_floors":[19],"potions_floor_spawned":[1,6,12,18],"seed_played":"-4683136223524330643","killed_by":"Gremlin Leader","ascension_level":2,"potions_obtained":[{"floor":1,"key":"Swift Potion"},{"floor":4,"key":"SteroidPotion"},{"floor":6,"key":"Weak Potion"},{"floor":12,"key":"Block Potion"},{"floor":18,"key":"Fire Potion"}],"is_trial":false}