{"gold_per_floor":[111,61,61,75,37,37,37,37,37,62,95,118,132,152,152,275,275,291,216,216,231,255,294,294,294,347,347,191,210,210,231,231,362,362,377,401,426,440,456,456,356,356,356,356,356,356,156,181,181,181],"floor_reached":50,"playtime":2572,"items_purged":["Defend_B","Parasite"],"score":462,"play_id":"4bfb4d21-2696-47a4-95ec-46d2295d4575","local_time":"20181212153044","is_ascension_mode":false,"campfire_choices":[{"data":"Streamline","floor":6,"key":"SMITH"},{"data":"Auto Shields","floor":8,"key":"SMITH"},{"data":"Electrodynamics","floor":15,"key":"SMITH"},{"data":"Redo","floor":24,"key":"SMITH"},{"data":"Dualcast","floor":27,"key":"SMITH"},{"floor":30,"key":"RECALL"},{"data":"Amplify","floor":32,"key":"SMITH"},{"data":"Multi-Cast","floor":40,"key":"SMITH"},{"data":"Glacier","floor":49,"key":"SMITH"}],"neow_cost":"NONE","seed_source_timestamp":1172734061322491,"circlet_count":0,"master_deck":["Strike_B+1","Strike_B+1","Strike_B+1","Defend_B+1","Defend_B+1","Defend_B+1","Zap+1","Dualcast+1","Streamline+1","Go for the Eyes+1","Auto Shields+1","Redo+1","Coolheaded","Hologram","Electrodynamics+1","Amplify+1","BootSequence+1","Tempest+1","Cold Snap+1","Multi-Cast+1","Barrage+1","Self Repair+1","Dark Shackles","Glacier+1"],"relics":["Cracked Core","Golden Idol","Nunchaku","Unceasing Top","Eternal Feather","Bag of Preparation","WingedGreaves","Bag of Marbles","Lantern","Inserter","Mummified Hand","OrangePellets"],"potions_floor_usage":[11,16,33,50,50],"damage_taken":[{"damage":2,"enemies":"2 Louse","floor":1,"turns":3},{"damage":2,"enemies":"Small Slimes","floor":4,"turns":3},{"damage":0,"enemies":"Cultist","floor":10,"turns":3},{"damage":18,"enemies":"Lagavulin","floor":11,"turns":6},{"damage":1,"enemies":"Large Slime","floor":12,"turns":4},{"damage":11,"enemies":"Exordium Wildlife","floor":13,"turns":4},{"damage":2,"enemies":"Looter","floor":14,"turns":3},{"damage":24,"enemies":"The Guardian","floor":16,"turns":11},{"damage":17,"enemies":"Shell Parasite","floor":18,"turns":5},{"damage":22,"enemies":"3 Byrds","floor":21,"turns":4},{"damage":7,"enemies":"Book of Stabbing","floor":23,"turns":6},{"damage":12,"enemies":"Colosseum Slavers","floor":25,"turns":2},{"damage":1,"enemies":"Sentry and Sphere","floor":29,"turns":4},{"damage":0,"enemies":"Snake Plant","floor":31,"turns":2},{"damage":48,"enemies":"Automaton","floor":33,"turns":12},{"damage":0,"enemies":"3 Shapes","floor":35,"turns":2},{"damage":9,"enemies":"Orb Walker","floor":36,"turns":3},{"damage":2,"enemies":"3 Darklings","floor":37,"turns":2},{"damage":29,"enemies":"Writhing Mass","floor":38,"turns":7},{"damage":33,"enemies":"Jaw Worm Horde","floor":39,"turns":5},{"damage":12,"enemies":"Spire Growth","floor":48,"turns":4},{"damage":57,"enemies":"Awakened One","floor":50,"turns":13}],"seed_played":"-6030904544249906720","potions_obtained":[{"floor":4,"key":"Fruit Juice"},{"floor":10,"key":"FocusPotion"},{"floor":14,"key":"Ancient Potion"},{"floor":21,"key":"GamblersBrew"},{"floor":23,"key":"Dexterity Potion"},{"floor":33,"key":"AttackPotion"},{"floor":38,"key":"PowerPotion"}],"is_trial":false,"path_per_floor":["M","?","?","M","$","R","?","R","T","M","E","M","M","M","R","B",null,"M","$","?","M","T","E","R","?","T","R","$","M","R","M","R","B",null,"M","M","M","M","M","R","$","T","T","?","$","?","$","M","R","B"],"character_chosen":"DEFECT","items_purchased":["Auto Shields","Lantern","OrangePellets"],"campfire_rested":0,"item_purchase_floors":[5,28,47],"current_hp_per_floor":[73,73,69,67,67,67,67,67,67,67,49,48,37,35,35,16,74,57,57,57,35,35,28,37,25,25,34,34,33,42,42,51,3,74,74,65,73,54,31,43,43,43,43,43,43,43,43,41,53,0],"gold":181,"neow_bonus":"UPGRADE_CARD","is_prod":false,"is_daily":false,"chose_seed":false,"campfire_upgraded":8,"win_rate":0,"timestamp":1544596244,"path_taken":["M","?","?","M","$","R","?","R","T","M","E","M","?","M","R","BOSS","M","$","?","M","?","E","R","?","T","R","$","?","R","M","R","BOSS","M","?","M","M","M","R","$","?","T","?","$","?","$","M","R","BOSS"],"build_version":"2018-12-06","purchased_purges":2,"victory":false,"max_hp_per_floor":[75,75,69,69,69,69,69,69,69,69,69,69,69,69,69,74,74,74,74,74,74,74,74,74,74,74,74,74,74,74,74,74,74,74,74,74,74,74,74,74,71,71,71,71,71,67,67,67,67,67],"card_choices":[{"not_picked":["Steam","Coolheaded"],"picked":"Streamline","floor":1},{"not_picked":["Redo","Streamline"],"picked":"Go for the Eyes","floor":4},{"not_picked":["Gash","Go for the Eyes"],"picked":"Redo","floor":10},{"not_picked":["Lockon","Barrage"],"picked":"Coolheaded","floor":11},{"not_picked":["Storm","Lockon"],"picked":"Hologram","floor":12},{"not_picked":["Steam","Chaos"],"picked":"Electrodynamics","floor":13},{"not_picked":["Lockon","Go for the Eyes","Hologram"],"picked":"SKIP","floor":14},{"not_picked":["Electrodynamics","Creative AI"],"picked":"Amplify","floor":16},{"not_picked":["Melter","Coolheaded"],"picked":"BootSequence+1","floor":18},{"not_picked":["Aggregate","Recycle","Redo+1"],"picked":"SKIP","floor":21},{"not_picked":["Ball Lightning","Doom and Gloom"],"picked":"Tempest+1","floor":23},{"not_picked":["Steam","Steam Power"],"picked":"Cold Snap+1","floor":29},{"not_picked":["Stack+1","Coolheaded","Sweeping Beam"],"picked":"SKIP","floor":31},{"not_picked":["Machine Learning","Amplify"],"picked":"Multi-Cast","floor":33},{"not_picked":["Recycle+1","Chaos"],"picked":"Barrage+1","floor":35},{"not_picked":["Turbo","Genetic Algorithm"],"picked":"Self Repair+1","floor":36},{"not_picked":["Steam+1","Rebound","Leap+1"],"picked":"SKIP","floor":37},{"not_picked":["Stack","BootSequence+1","Go for the Eyes"],"picked":"SKIP","floor":38},{"not_picked":["Sweeping Beam","Reboot","Heatsinks"],"picked":"SKIP","floor":39},{"not_picked":["Purity","HandOfGreed"],"picked":"Dark Shackles","floor":44},{"not_picked":["Gash+1","Hello World"],"picked":"Glacier","floor":48}],"player_experience":162256,"relics_obtained":[{"floor":9,"key":"Nunchaku"},{"floor":11,"key":"Unceasing Top"},{"floor":22,"key":"Bag of Preparation"},{"floor":23,"key":"WingedGreaves"},{"floor":26,"key":"Bag of Marbles"},{"floor":42,"key":"Mummified Hand"}],"event_choices":[{"cards_removed":["Strike_B"],"damage_healed":0,"gold_gain":0,"player_choice":"Card Removal","damage_taken":0,"max_hp_gain":0,"max_hp_loss":0,"event_name":"The Cleric","floor":2,"gold_loss":50},{"damage_healed":0,"gold_gain":0,"player_choice":"Lose Max HP","damage_taken":0,"relics_obtained":["Golden Idol"],"max_hp_gain":0,"max_hp_loss":6,"event_name":"Golden Idol","floor":3,"gold_loss":0},{"damage_healed":0,"gold_gain":0,"player_choice":"Upgraded","damage_taken":0,"max_hp_gain":0,"max_hp_loss":0,"event_name":"Upgrade Shrine","floor":7,"gold_loss":0,"cards_upgraded":["Go for the Eyes"]},{"damage_healed":0,"gold_gain":0,"player_choice":"Simplicity","damage_taken":0,"max_hp_gain":0,"max_hp_loss":0,"event_name":"Back to Basics","floor":20,"gold_loss":0,"cards_upgraded":["Strike_B","Strike_B","Strike_B","Defend_B","Defend_B","Defend_B"]},{"damage_healed":0,"gold_gain":0,"player_choice":"Fight","damage_taken":0,"max_hp_gain":0,"max_hp_loss":0,"event_name":"Colosseum","floor":25,"gold_loss":0},{"damage_healed":0,"gold_gain":0,"player_choice":"Fled From Nobs","damage_taken":0,"max_hp_gain":0,"max_hp_loss":0,"event_name":"Colosseum","floor":25,"gold_loss":0},{"damage_healed":0,"gold_gain":0,"player_choice":"Memory 1","damage_taken":0,"max_hp_gain":0,"max_hp_loss":0,"event_name":"SensoryStone","floor":44,"gold_loss":0},{"damage_healed":0,"gold_gain":0,"player_choice":"Max HP","damage_taken":0,"max_hp_gain":0,"max_hp_loss":4,"event_name":"Winding Halls","floor":46,"gold_loss":0}],"is_beta":false,"boss_relics":[{"not_picked":["Calling Bell","Astrolabe"],"picked":"Eternal Feather"},{"not_picked":["Fusion Hammer","Nuclear Battery"],"picked":"Inserter"}],"items_purged_floors":[19,41],"is_endless":false,"potions_floor_spawned":[4,10,14,21,23,33,35,38,39],"killed_by":"Awakened One","ascension_level":0}