{"path_per_floor":["M","$","?","M","$","R","E","M","T","M","E","R","$","M","R","B",null,"M","M","?","M","M","R","E"],"character_chosen":"IRONCLAD","items_purchased":["Shrug It Off","Whirlwind"],"gold_per_floor":[118,66,66,86,11,11,42,61,86,102,135,135,55,72,72,176,176,188,201,201,211,225,225,257,257],"floor_reached":25,"campfire_rested":3,"playtime":1631,"item_purchase_floors":[2,13],"current_hp_per_floor":[80,80,64,66,66,66,55,55,55,40,17,56,56,49,80,24,80,54,43,43,26,9,48,9,0],"items_purged":["Strike_R"],"gold":257,"score":233,"play_id":"e90e5d25-dbdf-46a0-adb9-46314a3c6da0","local_time":"20180612172839","is_prod":false,"is_daily":false,"chose_seed":false,"is_ascension_mode":false,"campfire_upgraded":1,"win_rate":0,"timestamp":1528838919,"campfire_choices":[{"data":"Shrug It Off","floor":6,"key":"SMITH"},{"floor":12,"key":"REST"},{"floor":15,"key":"REST"},{"floor":23,"key":"REST"}],"path_taken":["M","$","?","M","?","R","E","?","T","M","E","R","$","M","R","BOSS","M","?","?","M","M","R","E","M"],"build_version":"2018-06-07v3","seed_source_timestamp":511610325631501,"purchased_purges":1,"victory":false,"master_deck":["Strike_R+1","Strike_R+1","Strike_R+1","Strike_R+1","Defend_R+1","Defend_R+1","Defend_R+1","Bash","Offering","Heavy Blade","Shrug It Off+1","Hemokinesis","Battle Trance","Pommel Strike","Thunderclap","Whirlwind","Rage","Demon Form","Flame Barrier+1","Shrug It Off","Metallicize","Armaments","Limit Break"],"max_hp_per_floor":[80,80,80,80,80,80,80,80,80,80,80,80,80,80,80,80,80,80,80,80,80,80,80,80,80],"relics":["Burning Blood","Regal Pillow","Art of War","Omamori","Sozu","Dream Catcher"],"card_choices":[{"not_picked":["Perfected Strike","Second Wind"],"picked":"Heavy Blade","floor":1},{"not_picked":["Armaments","Fire Breathing"],"picked":"Hemokinesis","floor":4},{"not_picked":["Anger","Intimidate"],"picked":"Battle Trance","floor":7},{"not_picked":["Blood for Blood","Ghostly Armor"],"picked":"Pommel Strike","floor":8},{"not_picked":["Sever Soul","Warcry"],"picked":"Thunderclap","floor":10},{"not_picked":["Sword Boomerang","Havoc","Headbutt"],"picked":"SKIP","floor":11},{"not_picked":["Corruption","Heavy Blade"],"picked":"Rage","floor":14},{"not_picked":["Juggernaut","Berserk"],"picked":"Demon Form","floor":16},{"not_picked":["Pummel","Rage+1"],"picked":"Flame Barrier+1","floor":18},{"not_picked":["Pommel Strike","Perfected Strike"],"picked":"Shrug It Off","floor":19},{"not_picked":["Pommel Strike","Wild Strike"],"picked":"Metallicize","floor":21},{"not_picked":["Headbutt","Anger+1"],"picked":"Armaments","floor":22},{"not_picked":["Pommel Strike","Seeing Red"],"picked":"Limit Break","floor":24}],"player_experience":501320,"potions_floor_usage":[11,22],"damage_taken":[{"damage":0,"enemies":"Small Slimes","floor":1,"turns":3},{"damage":4,"enemies":"Jaw Worm","floor":4,"turns":2},{"damage":17,"enemies":"3 Sentries","floor":7,"turns":7},{"damage":6,"enemies":"Cultist","floor":8,"turns":3},{"damage":21,"enemies":"Lots of Slimes","floor":10,"turns":4},{"damage":29,"enemies":"Lagavulin","floor":11,"turns":6},{"damage":13,"enemies":"Blue Slaver","floor":14,"turns":3},{"damage":62,"enemies":"Slime Boss","floor":16,"turns":12},{"damage":32,"enemies":"2 Thieves","floor":18,"turns":4},{"damage":17,"enemies":"Spheric Guardian","floor":19,"turns":4},{"damage":23,"enemies":"Chosen and Byrds","floor":21,"turns":6},{"damage":23,"enemies":"Slaver and Parasite","floor":22,"turns":8},{"damage":45,"enemies":"Slavers","floor":24,"turns":7},{"damage":9,"enemies":"Snecko","floor":25,"turns":3}],"relics_obtained":[{"floor":7,"key":"Regal Pillow"},{"floor":9,"key":"Art of War"},{"floor":11,"key":"Omamori"},{"floor":24,"key":"Dream Catcher"}],"event_choices":[{"event_name":"Shining Light","player_choice":"Entered Light","floor":3,"damage_taken":0},{"event_name":"Back to Basics","player_choice":"Simplicity","floor":20,"damage_taken":0}],"boss_relics":[{"not_picked":["Black Blood","Busted Crown"],"picked":"Sozu"}],"items_purged_floors":[5],"potions_floor_spawned":[10,16,19],"seed_played":"-5386704000666341548","killed_by":"Snecko","ascension_level":0,"potions_obtained":[{"floor":10,"key":"Explosive Potion"},{"floor":16,"key":"EssenceOfSteel"}],"is_trial":false}