{"gold_per_floor":[110,110,130,55,55,88,88,108,108,108,140,157,176,191,191,191],"floor_reached":16,"playtime":976,"items_purged":["Defend_G"],"score":178,"play_id":"bf2ee9c9-8844-4905-a666-22444abf3a7c","local_time":"20180630145626","is_ascension_mode":true,"campfire_choices":[{"data":"1","floor":7,"key":"LIFT"},{"floor":15,"key":"REST"}],"neow_cost":"NONE","seed_source_timestamp":322600850112803,"circlet_count":0,"master_deck":["Defend_G","Defend_G","Defend_G","Strike_G","Strike_G","Strike_G","Strike_G","Strike_G","Survivor+1","Neutralize","Cloak And Dagger","Backflip+1","Choke","Well Laid Plans"],"relics":["Ring of the Snake","NeowsBlessing","Girya","Anchor","Pear","Paper Crane"],"potions_floor_usage":[11,13,13,16],"damage_taken":[{"damage":0,"enemies":"2 Louse","floor":1,"turns":1},{"damage":0,"enemies":"Jaw Worm","floor":3,"turns":1},{"damage":0,"enemies":"Lagavulin","floor":6,"turns":1},{"damage":0,"enemies":"Small Slimes","floor":8,"turns":2},{"damage":20,"enemies":"Gremlin Nob","floor":11,"turns":5},{"damage":0,"enemies":"Blue Slaver","floor":12,"turns":3},{"damage":0,"enemies":"Lots of Slimes","floor":13,"turns":4},{"damage":0,"enemies":"3 Louse","floor":14,"turns":2},{"damage":36,"enemies":"Slime Boss","floor":16,"turns":9}],"seed_played":"1246390579102749593","potions_obtained":[{"floor":6,"key":"Dexterity Potion"},{"floor":11,"key":"EssenceOfSteel"},{"floor":12,"key":"AttackPotion"},{"floor":14,"key":"SpeedPotion"}],"is_trial":false,"path_per_floor":["M","?","M","$","?","E","R","M","T","?","E","M","M","M","R"],"character_chosen":"THE_SILENT","items_purchased":[],"campfire_rested":1,"item_purchase_floors":[],"current_hp_per_floor":[63,63,63,63,30,30,30,30,40,24,4,4,4,4,28,0],"gold":191,"neow_bonus":"THREE_ENEMY_KILL","is_prod":false,"is_daily":false,"chose_seed":false,"campfire_upgraded":0,"win_rate":0,"timestamp":1530388586,"path_taken":["M","?","M","$","?","E","R","M","T","?","E","M","M","?","R","BOSS"],"build_version":"2018-06-29","purchased_purges":1,"victory":false,"max_hp_per_floor":[70,70,70,70,70,70,70,70,80,80,80,80,80,80,80,80],"card_choices":[{"not_picked":["Dodge and Roll","Acrobatics","Flying Knee"],"picked":"SKIP","floor":1},{"not_picked":["Setup","Acrobatics"],"picked":"Cloak And Dagger","floor":3},{"not_picked":["Reflex","Prepared"],"picked":"Backflip","floor":6},{"not_picked":["Cloak And Dagger","Acrobatics","Backflip"],"picked":"SKIP","floor":8},{"not_picked":["Poisoned Stab","Distraction"],"picked":"Choke","floor":11},{"not_picked":["Prepared","Venomology"],"picked":"Well Laid Plans","floor":12},{"not_picked":["Escape Plan","Sucker Punch","Prepared"],"picked":"SKIP","floor":13},{"not_picked":["Skewer","Acrobatics","Distraction"],"picked":"SKIP","floor":14}],"player_experience":207504,"relics_obtained":[{"floor":6,"key":"Anchor"},{"floor":9,"key":"Pear"},{"floor":11,"key":"Paper Crane"}],"event_choices":[{"event_name":"Living Wall","player_choice":"Forget","floor":2,"damage_taken":0},{"event_name":"Scrap Ooze","player_choice":"success","floor":5,"damage_taken":33},{"event_name":"Shining Light","player_choice":"Entered Light","floor":10,"damage_taken":0}],"boss_relics":[],"items_purged_floors":[4],"is_endless":false,"potions_floor_spawned":[6,11,12,14],"killed_by":"Slime Boss","ascension_level":6}