{"gold_per_floor":[114,129,129,144,159,189,204,234,309,309,339,354,384,399,399,499,499,514,529,544,559,574,604,619,619,644,694,694,724,823,498,498,598,598,613,628,643,658,164,494,24,54,54,69,84,84,99,114,114,114],"floor_reached":51,"playtime":2176,"items_purged":[],"score":1112,"play_id":"3574c056-f418-432f-88f9-bbf3dcfb07aa","local_time":"20190113123600","daily_mods":["Allstar","Vintage","Terminal"],"is_ascension_mode":false,"campfire_choices":[{"data":"Doom and Gloom","floor":15,"key":"SMITH"},{"data":"Seek","floor":25,"key":"SMITH"},{"data":"Jack Of All Trades","floor":32,"key":"SMITH"},{"floor":46,"key":"DIG"},{"floor":49,"key":"DIG"}],"neow_cost":"","seed_source_timestamp":0,"circlet_count":0,"master_deck":["Defend_B","Defend_B+1","Defend_B","Defend_B","Zap","Dualcast","Enlightenment","Dramatic Entrance","Blind+1","Jack Of All Trades+1","Dramatic Entrance+1","Consume","Compile Driver","Electrodynamics","Doom and Gloom+1","Redo","Seek+1","All For One","Bite","Bite","Bite","Bite","Bite","Biased Cognition+1","Steam","Beam Cell","Storm+1","Leap","Coolheaded","Loop+1","Storm+1","Cold Snap","Hologram","Sweeping Beam"],"special_seed":17909,"relics":["Cracked Core","Bronze Scales","Anchor","Symbiotic Virus","Ornamental Fan","Omamori","Sundial","War Paint","Matryoshka","FaceOfCleric","Vajra","Mango","Dodecahedron","Whetstone","Busted Crown","Oddly Smooth Stone","Frozen Egg 2","Ancient Tea Set","Calipers","Gremlin Horn","Bottled Lightning","Singing Bowl","Pen Nib","Juzu Bracelet","Strawberry","Pear","Runic Pyramid","Shovel","Lantern","Regal Pillow","Bottled Tornado","Bag of Marbles","Runic Capacitor","Old Coin","FossilizedHelix","Potion Belt","Cables","Centennial Puzzle","Orichalcum","Bag of Preparation","Gambling Chip","Meat on the Bone","Pocketwatch"],"potions_floor_usage":[11,11,23,23,33,33,45,50,50],"damage_taken":[{"damage":0.0,"enemies":"Small Slimes","floor":1.0,"turns":2.0},{"damage":0.0,"enemies":"Cultist","floor":2.0,"turns":2.0},{"damage":0.0,"enemies":"2 Louse","floor":4.0,"turns":1.0},{"damage":0.0,"enemies":"Gremlin Gang","floor":5.0,"turns":2.0},{"damage":16.0,"enemies":"3 Sentries","floor":6.0,"turns":6.0},{"damage":0.0,"enemies":"2 Fungi Beasts","floor":7.0,"turns":2.0},{"damage":3,"enemies":"Lagavulin","floor":8,"turns":6},{"damage":3,"enemies":"Gremlin Nob","floor":11,"turns":3},{"damage":0,"enemies":"Blue Slaver","floor":12,"turns":2},{"damage":0,"enemies":"3 Sentries","floor":13,"turns":2},{"damage":0,"enemies":"Exordium Thugs","floor":14,"turns":3},{"damage":0,"enemies":"Slime Boss","floor":16,"turns":5},{"damage":0,"enemies":"2 Thieves","floor":18,"turns":3},{"damage":0,"enemies":"3 Byrds","floor":19,"turns":2},{"damage":0,"enemies":"Snake Plant","floor":20,"turns":2},{"damage":0,"enemies":"Cultist and Chosen","floor":21,"turns":3},{"damage":0,"enemies":"Shelled Parasite and Fungi","floor":22,"turns":3},{"damage":1,"enemies":"Book of Stabbing","floor":23,"turns":4},{"damage":0,"enemies":"Centurion and Healer","floor":24,"turns":3},{"damage":0,"enemies":"Gremlin Leader","floor":29,"turns":3},{"damage":1,"enemies":"Champ","floor":33,"turns":9},{"damage":0,"enemies":"3 Shapes","floor":35,"turns":1},{"damage":0,"enemies":"3 Darklings","floor":36,"turns":2},{"damage":0,"enemies":"4 Shapes","floor":37,"turns":2},{"damage":0,"enemies":"Sphere and 2 Shapes","floor":38,"turns":1},{"damage":0,"enemies":"Giant Head","floor":40,"turns":6},{"damage":0,"enemies":"Reptomancer","floor":42,"turns":3},{"damage":0,"enemies":"3 Darklings","floor":44,"turns":1},{"damage":0,"enemies":"Maw","floor":45,"turns":4},{"damage":0,"enemies":"Jaw Worm Horde","floor":47,"turns":1},{"damage":0,"enemies":"Transient","floor":48,"turns":5},{"damage":0,"enemies":"Awakened One","floor":50,"turns":7}],"seed_played":"-9145318416937267474","potions_obtained":[{"floor":2.0,"key":"Poison Potion"},{"floor":5.0,"key":"Strength Potion"},{"floor":8,"key":"Energy Potion"},{"floor":12,"key":"Poison Potion"},{"floor":13,"key":"Weak Potion"},{"floor":20,"key":"Fire Potion"},{"floor":29,"key":"AttackPotion"},{"floor":38,"key":"SmokeBomb"},{"floor":42,"key":"GamblersBrew"},{"floor":44,"key":"PowerPotion"},{"floor":45,"key":"LiquidBronze"},{"floor":47,"key":"Explosive Potion"},{"floor":48,"key":"FocusPotion"}],"is_trial":false,"path_per_floor":["M","M","?","M","M","E","M","E","T","?","E","M","E","M","R","B",null,"M","M","M","M","M","E","M","R","T","T","?","E","?","$","R","B",null,"M","M","M","M","$","E","$","E","T","M","M","R","M","M","R","B",null],"character_chosen":"DEFECT","items_purchased":["Biased Cognition+1","Steam","Beam Cell","EssenceOfSteel","Storm+1","Bag of Marbles","Leap","Coolheaded","Runic Capacitor","FossilizedHelix","Storm+1","Cold Snap","Hologram"],"campfire_rested":0,"item_purchase_floors":[31,31,31,31,39,39,39,39,39,41,41,41,41],"current_hp_per_floor":[73,72,71,70,69,53,53,50,50,50,48,63,64,65,65,66,76,76,76,76,76,76,76,76,75,74,80,79,91,90,89,88,90,89,89,89,89,89,88,88,87,87,86,86,86,85,85,85,84,84],"gold":114,"neow_bonus":"","is_prod":false,"is_daily":true,"chose_seed":false,"campfire_upgraded":3,"win_rate":0,"timestamp":1547379360,"path_taken":["M","M","?","M","M","E","?","E","T","?","E","M","E","M","R","BOSS","M","M","M","M","M","E","M","R","T","?","?","E","?","$","R","BOSS","M","M","M","M","$","E","$","E","T","M","M","R","M","M","R","BOSS"],"build_version":"2019-01-10","purchased_purges":0,"victory":true,"max_hp_per_floor":[73,72,71,70,69,68,67,66,65,64,64,78,78,78,77,77,76,76,76,76,76,76,76,76,75,74,80,79,91,90,89,88,90,89,89,89,89,89,88,88,87,87,86,86,86,85,85,85,84,84],"card_choices":[{"not_picked":["Loop","Rebound"],"picked":"Compile Driver","floor":6.0},{"not_picked":["Turbo","Creative AI"],"picked":"Electrodynamics","floor":8},{"not_picked":["Redo","Steam"],"picked":"Doom and Gloom","floor":11},{"not_picked":["Beam Cell","Steam Power"],"picked":"Redo","floor":13},{"not_picked":["Multi-Cast","Electrodynamics"],"picked":"Seek","floor":16},{"not_picked":[],"picked":"All For One","floor":23},{"not_picked":["Lockon"],"picked":"Singing Bowl","floor":29},{"not_picked":["Amplify"],"picked":"Singing Bowl","floor":33},{"not_picked":[],"picked":"Loop+1","floor":40},{"not_picked":[],"picked":"Sweeping Beam","floor":42}],"player_experience":1882155,"relics_obtained":[{"floor":1.0,"key":"Bronze Scales"},{"floor":2.0,"key":"Anchor"},{"floor":4.0,"key":"Symbiotic Virus"},{"floor":5.0,"key":"Ornamental Fan"},{"floor":6.0,"key":"Omamori"},{"floor":7.0,"key":"Sundial"},{"floor":8,"key":"War Paint"},{"floor":9,"key":"Matryoshka"},{"floor":11,"key":"Vajra"},{"floor":12,"key":"Mango"},{"floor":13,"key":"Dodecahedron"},{"floor":14,"key":"Whetstone"},{"floor":18,"key":"Oddly Smooth Stone"},{"floor":19,"key":"Frozen Egg 2"},{"floor":20,"key":"Blood Vial"},{"floor":21,"key":"Ancient Tea Set"},{"floor":22,"key":"Calipers"},{"floor":23,"key":"Gremlin Horn"},{"floor":24,"key":"Bottled Lightning"},{"floor":26,"key":"Singing Bowl"},{"floor":26,"key":"Pen Nib"},{"floor":27,"key":"Juzu Bracelet"},{"floor":27,"key":"Strawberry"},{"floor":29,"key":"Pear"},{"floor":35,"key":"Shovel"},{"floor":36,"key":"Lantern"},{"floor":37,"key":"Regal Pillow"},{"floor":38,"key":"Bottled Tornado"},{"floor":40,"key":"Old Coin"},{"floor":42,"key":"Potion Belt"},{"floor":43,"key":"Cables"},{"floor":44,"key":"Centennial Puzzle"},{"floor":45,"key":"Orichalcum"},{"floor":46,"key":"Bag of Preparation"},{"floor":47,"key":"Gambling Chip"},{"floor":48,"key":"Meat on the Bone"},{"floor":49,"key":"Pocketwatch"}],"event_choices":[{"damage_healed":0.0,"max_hp_gain":0.0,"max_hp_loss":0.0,"gold_gain":0.0,"cards_transformed":["Strike_B"],"event_name":"Transmorgrifier","player_choice":"Transformed","floor":3.0,"gold_loss":0.0,"damage_taken":0.0,"cards_obtained":["Consume"]},{"damage_healed":0,"gold_gain":0,"player_choice":"Trade","damage_taken":0,"relics_obtained":["FaceOfCleric"],"max_hp_gain":0,"max_hp_loss":0,"event_name":"FaceTrader","floor":10,"gold_loss":0},{"damage_healed":0,"gold_gain":0,"player_choice":"Became a vampire (Vial)","damage_taken":0,"max_hp_gain":0,"max_hp_loss":0,"event_name":"Vampires","floor":28,"relics_lost":["Blood Vial"],"gold_loss":0,"cards_obtained":["Bite","Bite","Bite","Bite","Bite"]},{"damage_healed":0,"gold_gain":99,"player_choice":"Stole From Cult","damage_taken":0,"max_hp_gain":0,"max_hp_loss":0,"event_name":"Nest","floor":30,"gold_loss":0}],"is_beta":false,"boss_relics":[{"not_picked":["Nuclear Battery","Philosopher\u0027s Stone"],"picked":"Busted Crown"},{"not_picked":["Coffee Dripper","Lizard Tail"],"picked":"Runic Pyramid"}],"items_purged_floors":[],"is_endless":false,"potions_floor_spawned":[2,5,8,12,13,18,20,21,29,38,42,44,45,47,48],"ascension_level":0}