{"gold_per_floor":[111,122,68,68,33,74,74,87,158,173,194,194,213,287,287,413,413,432,447,465,564,564],"floor_reached":22,"playtime":1261,"items_purged":[],"score":263,"play_id":"f5f9a361-a6bb-41f4-83d5-d9129b5ba85e","local_time":"20180730120008","is_ascension_mode":true,"campfire_choices":[{"data":"Spot Weakness","floor":7.0,"key":"SMITH"},{"floor":12.0,"key":"REST"},{"floor":15.0,"key":"REST"}],"neow_cost":"","seed_source_timestamp":411347220846750,"circlet_count":0,"master_deck":["Strike_R","Strike_R","Strike_R","Strike_R","Strike_R","Defend_R","Defend_R","Defend_R","Defend_R","Bash","Metallicize","Spot Weakness+1","Iron Wave","Shockwave","Offering","Pummel+1","Dropkick+1","Inflame","Shrug It Off","Limit Break","Sword Boomerang+1","Heavy Blade+1","Heavy Blade+1"],"special_seed":0,"relics":["Burning Blood","Golden Idol","Bag of Preparation","Molten Egg 2","Du-Vu Doll","Mark of Pain"],"potions_floor_usage":[22],"damage_taken":[{"damage":12.0,"enemies":"Jaw Worm","floor":1.0,"turns":3.0},{"damage":0.0,"enemies":"Small Slimes","floor":2.0,"turns":5.0},{"damage":34.0,"enemies":"Lagavulin","floor":6.0,"turns":7.0},{"damage":10.0,"enemies":"2 Louse","floor":8.0,"turns":3.0},{"damage":8.0,"enemies":"2 Fungi Beasts","floor":10.0,"turns":4.0},{"damage":10.0,"enemies":"Looter","floor":11.0,"turns":3.0},{"damage":8.0,"enemies":"Exordium Thugs","floor":13.0,"turns":4.0},{"damage":18.0,"enemies":"Gremlin Nob","floor":14.0,"turns":3.0},{"damage":26.0,"enemies":"Hexaghost","floor":16.0,"turns":5.0},{"damage":24.0,"enemies":"2 Thieves","floor":18.0,"turns":3.0},{"damage":5.0,"enemies":"Shell Parasite","floor":19.0,"turns":1.0},{"damage":34.0,"enemies":"Snecko","floor":20.0,"turns":6.0},{"damage":32,"enemies":"Cultist and Chosen","floor":22,"turns":4}],"seed_played":"-6379173293725916112","potions_obtained":[{"floor":1.0,"key":"Fire Potion"},{"floor":11.0,"key":"PowerPotion"},{"floor":13.0,"key":"Strength Potion"},{"floor":14.0,"key":"Block Potion"},{"floor":19.0,"key":"SpeedPotion"},{"floor":20.0,"key":"Swift Potion"}],"is_trial":false,"path_per_floor":["M","M","$","?","?","E","R","M","T","M","M","R","M","?","R","B",null,"M","M","M","?"],"character_chosen":"IRONCLAD","items_purchased":["Iron Wave"],"campfire_rested":2,"item_purchase_floors":[3],"current_hp_per_floor":[66,72,72,52,72,44,44,40,40,38,34,58,56,44,68,48,72,54,55,27,27,0],"gold":564,"neow_bonus":"","is_prod":false,"is_daily":false,"chose_seed":false,"campfire_upgraded":1,"win_rate":0,"timestamp":1532966408,"path_taken":["M","M","$","?","?","E","R","M","T","?","M","R","M","?","R","BOSS","M","M","M","?","M"],"build_version":"2018-07-26","purchased_purges":0,"victory":false,"max_hp_per_floor":[80,80,80,80,80,80,80,80,80,80,80,80,80,80,80,80,80,80,80,80,80,80],"card_choices":[{"not_picked":["Headbutt","Body Slam"],"picked":"Metallicize","floor":1.0},{"not_picked":["Warcry","Iron Wave"],"picked":"Spot Weakness","floor":2.0},{"not_picked":["Iron Wave","Seeing Red"],"picked":"Shockwave","floor":6.0},{"not_picked":["Twin Strike","Cleave"],"picked":"Offering","floor":8.0},{"not_picked":["Infernal Blade","Thunderclap+1"],"picked":"Pummel+1","floor":10.0},{"not_picked":["Perfected Strike+1","True Grit"],"picked":"Dropkick+1","floor":11.0},{"not_picked":["Perfected Strike+1","Sentinel"],"picked":"Inflame","floor":13.0},{"not_picked":["Clash+1","Clothesline+1"],"picked":"Shrug It Off","floor":14.0},{"not_picked":["Dark Embrace","Feed+1"],"picked":"Limit Break","floor":16.0},{"not_picked":["Havoc","Body Slam+1"],"picked":"Sword Boomerang+1","floor":18.0},{"not_picked":["Ghostly Armor+1","Twin Strike+1"],"picked":"Heavy Blade+1","floor":19.0},{"not_picked":["Perfected Strike+1","Cleave+1"],"picked":"Heavy Blade+1","floor":20.0}],"player_experience":1359167,"relics_obtained":[{"floor":6.0,"key":"Bag of Preparation"},{"floor":9.0,"key":"Molten Egg 2"},{"floor":14.0,"key":"Du-Vu Doll"}],"event_choices":[{"event_name":"Golden Idol","player_choice":"Take Damage","floor":4.0,"damage_taken":0.0},{"event_name":"The Cleric","player_choice":"Healed","floor":5.0,"damage_taken":0.0},{"event_name":"Dead Adventurer","player_choice":"Searched \u00271\u0027 times","floor":14.0,"damage_taken":0.0},{"event_name":"Nest","player_choice":"Stole From Cult","floor":21.0,"damage_taken":0.0}],"is_beta":false,"boss_relics":[{"not_picked":["Black Star","Lizard Tail"],"picked":"Mark of Pain"}],"items_purged_floors":[],"is_endless":false,"potions_floor_spawned":[1,11,13,14,19,20],"killed_by":"Cultist and Chosen","ascension_level":8}