{"path_per_floor":["M","?","M","$","M","R","E","R","T","E","M","R","E","M","R","B",null,"M","?","M","M","M","E","R","E","T","$","$","?","E","M","R","B",null,"M","M","M","M","M","R","E","M","T","M","E","M","E","?","R","B"],"character_chosen":"THE_SILENT","items_purchased":[],"gold_per_floor":[99,99,99,24,24,24,24,24,24,24,24,24,24,24,24,24,24,24,24,0,0,0,0,0,0,0,0,0,0,0,0,0,0,0,0,0,0,0,0,0,0,0,0,0,0,0,0,0,0,0],"floor_reached":51,"campfire_rested":1,"playtime":5163,"item_purchase_floors":[],"current_hp_per_floor":[70,52,52,52,51,51,38,38,38,35,35,35,35,35,35,35,70,59,59,69,69,69,62,62,54,54,54,54,54,52,52,52,20,77,77,77,77,77,77,77,66,65,65,65,48,26,12,12,35,19],"items_purged":["Strike_G"],"gold":0,"score":913,"play_id":"c65037ef-124d-46e1-9c95-e1223989c372","local_time":"20180606165908","is_prod":false,"is_daily":false,"chose_seed":false,"is_ascension_mode":true,"campfire_upgraded":7,"win_rate":0,"timestamp":1528297148,"campfire_choices":[{"data":"Blade Dance","floor":6.0,"key":"SMITH"},{"data":"Neutralize","floor":8.0,"key":"SMITH"},{"data":"Backflip","floor":12.0,"key":"SMITH"},{"data":"Envenom","floor":15.0,"key":"SMITH"},{"data":"A Thousand Cuts","floor":24.0,"key":"SMITH"},{"data":"Finisher","floor":32.0,"key":"SMITH"},{"data":"Caltrops","floor":40.0,"key":"SMITH"},{"floor":49,"key":"REST"}],"path_taken":["M","?","M","$","M","R","E","R","T","E","M","R","E","M","R","BOSS","M","?","M","M","M","E","R","E","T","?","$","?","E","?","R","BOSS","M","M","M","M","M","R","E","M","T","M","E","M","E","?","R","BOSS"],"build_version":"2018-06-04v2","seed_source_timestamp":0,"purchased_purges":1,"victory":true,"master_deck":["Defend_G","Defend_G","Defend_G","Defend_G","Defend_G","Strike_G","Strike_G+1","Strike_G+1","Survivor","Neutralize+1","Flying Knee","Blade Dance+1","Backflip","Backflip+1","Envenom+1","Blur","A Thousand Cuts+1","All Out Attack+1","Backflip","PiercingWail","Finisher+1","Riddle With Holes","Flying Knee+1","Unload","Backstab","Die Die Die","Dagger Spray","Dodge and Roll+1","Dagger Spray+1","Caltrops+1","Phantasmal Killer","Backflip"],"max_hp_per_floor":[70,70,70,70,70,70,70,70,70,70,70,70,70,70,70,70,70,70,70,70,70,70,77,77,77,77,77,77,77,77,77,77,77,77,77,77,77,77,77,77,77,77,77,77,77,77,77,77,77,77],"relics":["Ectoplasm","Toolbox","Bottled Flame","Whetstone","Ice Cream","Ninja Scroll","White Beast Statue","Strawberry","Pen Nib","Bag of Marbles","Bag of Preparation","Busted Crown","Thread and Needle","Tough Bandages","Potion Belt","Ancient Tea Set"],"card_choices":[{"not_picked":["Calculated Gamble","Underhanded Strike"],"picked":"Flying Knee","floor":1.0},{"not_picked":["Skewer","Leg Sweep"],"picked":"Blade Dance","floor":3.0},{"not_picked":["Masterful Stab","Dagger Throw"],"picked":"Backflip","floor":5.0},{"not_picked":["Flechettes","Prepared"],"picked":"Backflip","floor":7.0},{"not_picked":["Heel Hook","Bouncing Flask","Slice"],"picked":"SKIP","floor":10.0},{"not_picked":["Prepared","Deadly Poison","Poisoned Stab"],"picked":"SKIP","floor":11.0},{"not_picked":["Backflip","Underhanded Strike"],"picked":"Envenom","floor":13.0},{"not_picked":["Deadly Poison","Dodge and Roll"],"picked":"Blur","floor":14.0},{"not_picked":["Tactician","After Image"],"picked":"A Thousand Cuts","floor":16.0},{"not_picked":["Distraction+1","Poisoned Stab"],"picked":"All Out Attack+1","floor":18.0},{"not_picked":["Predator","Dodge and Roll"],"picked":"Backflip","floor":20.0},{"not_picked":["Prepared+1","Backflip"],"picked":"PiercingWail","floor":21.0},{"not_picked":["Leg Sweep","Reflex+1"],"picked":"Finisher","floor":22.0},{"not_picked":["Endless Agony+1","Prepared+1"],"picked":"Riddle With Holes","floor":23.0},{"not_picked":["Dagger Throw","Bouncing Flask"],"picked":"Flying Knee+1","floor":25.0},{"not_picked":["Tactician","Poisoned Stab"],"picked":"Unload","floor":30.0},{"not_picked":["Outmaneuver","Bane"],"picked":"Backstab","floor":31.0},{"not_picked":["Wraith Form v2","Unload"],"picked":"Die Die Die","floor":33.0},{"not_picked":[],"picked":"Dagger Spray","floor":35.0},{"not_picked":[],"picked":"Dodge and Roll+1","floor":36.0},{"not_picked":["Well Laid Plans"],"picked":"SKIP","floor":37.0},{"not_picked":[],"picked":"Dagger Spray+1","floor":38.0},{"not_picked":[],"picked":"Caltrops","floor":39.0},{"not_picked":["Bouncing Flask+1"],"picked":"SKIP","floor":41},{"not_picked":["Outmaneuver"],"picked":"SKIP","floor":42},{"not_picked":["Prepared"],"picked":"SKIP","floor":44},{"not_picked":[],"picked":"Phantasmal Killer","floor":45},{"not_picked":["Catalyst+1"],"picked":"SKIP","floor":46},{"not_picked":[],"picked":"Backflip","floor":47}],"player_experience":50727,"potions_floor_usage":[50,50,50,50],"damage_taken":[{"damage":0.0,"enemies":"Small Slimes","floor":1.0,"turns":4.0},{"damage":0.0,"enemies":"2 Louse","floor":3.0,"turns":2.0},{"damage":1.0,"enemies":"Jaw Worm","floor":5.0,"turns":3.0},{"damage":13.0,"enemies":"Gremlin Nob","floor":7.0,"turns":4.0},{"damage":3.0,"enemies":"3 Sentries","floor":10.0,"turns":7.0},{"damage":0.0,"enemies":"3 Louse","floor":11.0,"turns":2.0},{"damage":0.0,"enemies":"Lagavulin","floor":13.0,"turns":4.0},{"damage":0.0,"enemies":"2 Fungi Beasts","floor":14.0,"turns":3.0},{"damage":0.0,"enemies":"Hexaghost","floor":16.0,"turns":6.0},{"damage":11.0,"enemies":"Spheric Guardian","floor":18.0,"turns":4.0},{"damage":2.0,"enemies":"2 Thieves","floor":20.0,"turns":4.0},{"damage":0.0,"enemies":"Centurion and Healer","floor":21.0,"turns":5.0},{"damage":0.0,"enemies":"Snecko","floor":22.0,"turns":4.0},{"damage":14.0,"enemies":"Gremlin Leader","floor":23.0,"turns":9.0},{"damage":8.0,"enemies":"Book of Stabbing","floor":25.0,"turns":5.0},{"damage":2.0,"enemies":"Slavers","floor":30.0,"turns":3.0},{"damage":0.0,"enemies":"Cultist and Chosen","floor":31.0,"turns":5.0},{"damage":32.0,"enemies":"Champ","floor":33.0,"turns":8.0},{"damage":0.0,"enemies":"3 Shapes","floor":35.0,"turns":2.0},{"damage":0.0,"enemies":"Flame Bruiser 1 Orb","floor":36.0,"turns":2.0},{"damage":0.0,"enemies":"4 Shapes","floor":37.0,"turns":5.0},{"damage":0.0,"enemies":"Flame Bruiser 2 Orb","floor":38.0,"turns":1.0},{"damage":0.0,"enemies":"Maw","floor":39.0,"turns":8.0},{"damage":11,"enemies":"Nemesis","floor":41,"turns":5},{"damage":1,"enemies":"Sphere and 2 Shapes","floor":42,"turns":2},{"damage":0,"enemies":"3 Darklings","floor":44,"turns":4},{"damage":17,"enemies":"2 Orb Walkers","floor":45,"turns":5},{"damage":22,"enemies":"Transient","floor":46,"turns":5},{"damage":14,"enemies":"Nemesis","floor":47,"turns":6},{"damage":46,"enemies":"Time Eater","floor":50,"turns":11}],"relics_obtained":[{"floor":7.0,"key":"Bottled Flame"},{"floor":9.0,"key":"Whetstone"},{"floor":10.0,"key":"Ice Cream"},{"floor":13.0,"key":"Ninja Scroll"},{"floor":23.0,"key":"Strawberry"},{"floor":25.0,"key":"Pen Nib"},{"floor":26.0,"key":"Bag of Marbles"},{"floor":30.0,"key":"Bag of Preparation"},{"floor":41,"key":"Thread and Needle"},{"floor":43,"key":"Tough Bandages"},{"floor":45,"key":"Potion Belt"},{"floor":47,"key":"Ancient Tea Set"}],"event_choices":[{"event_name":"Scrap Ooze","player_choice":"success","floor":2.0,"damage_taken":18.0},{"event_name":"Beggar","player_choice":"Ignored","floor":19.0,"damage_taken":0.0},{"event_name":"Wheel of Change","player_choice":"Card Removal","floor":29.0,"damage_taken":0.0},{"event_name":"Accursed Blacksmith","player_choice":"Ignore","floor":48,"damage_taken":0}],"boss_relics":[{"not_picked":["Cursed Key","Calling Bell"],"picked":"White Beast Statue"},{"not_picked":["Black Star","Philosopher\u0027s Stone"],"picked":"Busted Crown"}],"items_purged_floors":[],"potions_floor_spawned":[1,7,10,13,16,18,20,21,22,23,25,30,31,33,35,36,37,38,39,41,42,44,45,46,47],"seed_played":"5275927057958886920","ascension_level":1,"potions_obtained":[{"floor":1.0,"key":"Ancient Potion"},{"floor":7.0,"key":"SteroidPotion"},{"floor":10.0,"key":"PowerPotion"},{"floor":13.0,"key":"Poison Potion"},{"floor":16.0,"key":"Regen Potion"},{"floor":18.0,"key":"SteroidPotion"},{"floor":20.0,"key":"Swift Potion"},{"floor":21.0,"key":"Explosive Potion"},{"floor":23.0,"key":"Dexterity Potion"},{"floor":25.0,"key":"FairyPotion"},{"floor":30.0,"key":"Swift Potion"},{"floor":33.0,"key":"SteroidPotion"},{"floor":35.0,"key":"Dexterity Potion"},{"floor":36.0,"key":"SkillPotion"},{"floor":37.0,"key":"Regen Potion"},{"floor":38.0,"key":"EssenceOfSteel"},{"floor":39.0,"key":"Dexterity Potion"},{"floor":41,"key":"EssenceOfSteel"},{"floor":45,"key":"SneckoOil"},{"floor":46,"key":"Regen Potion"},{"floor":47,"key":"GhostInAJar"}],"is_trial":false}