{"gold_per_floor":[118,37,112,62,62,93,93,105,182,7,27,40,40,52,52,157,157,175,148,67,67,67,102,102,120,120,120,133,133,152,165,165,165],"floor_reached":33,"playtime":2381,"items_purged":[],"score":365,"play_id":"b18c14ae-92b5-4134-af7b-cb2d5dd5ae5f","local_time":"20180707150723","is_ascension_mode":true,"campfire_choices":[{"data":"Neutralize","floor":7,"key":"SMITH"},{"data":"Catalyst","floor":13,"key":"SMITH"},{"floor":15,"key":"REST"},{"floor":24,"key":"REST"},{"floor":29,"key":"REST"},{"floor":32,"key":"REST"}],"neow_cost":"NONE","seed_source_timestamp":322663188963432,"circlet_count":0,"master_deck":["Defend_G+1","Defend_G","Defend_G","Defend_G+1","Defend_G","Strike_G","Strike_G","Strike_G","Survivor","Neutralize+1","Blur","Crippling Poison","Catalyst+1","PiercingWail","Backflip","Escape Plan","Flechettes","Footwork","After Image","Flechettes","Deadly Poison","Well Laid Plans","Backflip+1","Cloak And Dagger","PiercingWail","Poisoned Stab+1"],"relics":["Ring of the Snake","NeowsBlessing","War Paint","Oddly Smooth Stone","Shuriken","Lizard Tail","Singing Bowl","Peace Pipe"],"potions_floor_usage":[16,18,18,31,31],"damage_taken":[{"damage":0,"enemies":"Small Slimes","floor":1,"turns":1},{"damage":0,"enemies":"Lagavulin","floor":6,"turns":1},{"damage":0,"enemies":"2 Louse","floor":8,"turns":1},{"damage":3,"enemies":"Cultist","floor":11,"turns":6},{"damage":0,"enemies":"2 Fungi Beasts","floor":12,"turns":5},{"damage":0,"enemies":"Blue Slaver","floor":14,"turns":3},{"damage":5,"enemies":"The Guardian","floor":16,"turns":27},{"damage":0,"enemies":"Chosen","floor":18,"turns":7},{"damage":28,"enemies":"2 Thieves","floor":19,"turns":5},{"damage":52,"enemies":"Slavers","floor":23,"turns":10},{"damage":3,"enemies":"Slaver and Parasite","floor":25,"turns":8},{"damage":4,"enemies":"Snecko","floor":28,"turns":5},{"damage":18,"enemies":"Chosen and Byrds","floor":30,"turns":12},{"damage":31,"enemies":"3 Cultists","floor":31,"turns":9},{"damage":26,"enemies":"Collector","floor":33,"turns":5}],"seed_played":"6281064777667708484","potions_obtained":[{"floor":8,"key":"LiquidBronze"},{"floor":11,"key":"GhostInAJar"},{"floor":16,"key":"Swift Potion"},{"floor":25,"key":"GhostInAJar"},{"floor":30,"key":"LiquidBronze"}],"is_trial":false,"path_per_floor":["M","$","?","?","?","E","R","M","T","$","M","M","R","M","R","B",null,"M","M","$","?","?","E","R","M","T","?","M","R","M","M","R"],"character_chosen":"THE_SILENT","items_purchased":["Crippling Poison","Backflip","GhostInAJar","GhostInAJar","Well Laid Plans"],"campfire_rested":4,"item_purchase_floors":[2,10,10,10,20],"current_hp_per_floor":[70,70,59,59,52,52,52,52,52,52,49,49,49,49,70,65,69,69,41,41,41,32,15,36,33,33,33,29,50,34,3,24,0],"gold":165,"neow_bonus":"THREE_ENEMY_KILL","is_prod":false,"is_daily":false,"chose_seed":false,"campfire_upgraded":2,"win_rate":0,"timestamp":1530990443,"path_taken":["M","$","?","?","?","E","R","M","T","$","M","M","R","M","R","BOSS","M","M","$","?","?","E","R","M","T","?","M","R","?","?","R","BOSS"],"build_version":"2018-07-05","purchased_purges":0,"victory":false,"max_hp_per_floor":[70,70,70,70,70,70,70,70,70,70,70,70,70,70,70,70,70,70,70,70,70,70,70,70,70,70,70,70,70,72,72,72,72],"card_choices":[{"not_picked":["Dagger Spray","Reflex"],"picked":"Blur","floor":1},{"not_picked":["Footwork","Concentrate"],"picked":"Catalyst","floor":6},{"not_picked":["Deadly Poison","Dagger Throw"],"picked":"PiercingWail","floor":8},{"not_picked":["Cloak And Dagger","Skewer"],"picked":"Escape Plan","floor":11},{"not_picked":["Bane","Slice"],"picked":"Flechettes","floor":12},{"not_picked":["Bane","Setup"],"picked":"Footwork","floor":14},{"not_picked":["Venomology","Unload"],"picked":"After Image","floor":16},{"not_picked":["Backstab","Backflip+1"],"picked":"Flechettes","floor":18},{"not_picked":["Eviscerate","Prepared"],"picked":"Deadly Poison","floor":19},{"not_picked":["Acrobatics","Dodge and Roll+1"],"picked":"Backflip+1","floor":23},{"not_picked":["Flying Knee","Quick Slash"],"picked":"Cloak And Dagger","floor":25},{"not_picked":["Storm of Steel","Poisoned Stab"],"picked":"PiercingWail","floor":28},{"not_picked":["Outmaneuver","Slice","Quick Slash+1"],"picked":"Singing Bowl","floor":30},{"not_picked":["Blur","Finisher"],"picked":"Poisoned Stab+1","floor":31}],"player_experience":989104,"relics_obtained":[{"floor":6,"key":"Oddly Smooth Stone"},{"floor":9,"key":"Shuriken"},{"floor":23,"key":"Singing Bowl"},{"floor":26,"key":"Peace Pipe"}],"event_choices":[{"event_name":"World of Goop","player_choice":"Gather Gold","floor":3,"damage_taken":0},{"event_name":"The Cleric","player_choice":"Card Removal","floor":4,"damage_taken":0},{"event_name":"Scrap Ooze","player_choice":"success","floor":5,"damage_taken":7},{"event_name":"Purifier","player_choice":"One Purge","floor":21,"damage_taken":0},{"event_name":"Cursed Tome","player_choice":"Stopped","floor":22,"damage_taken":0},{"event_name":"Drug Dealer","player_choice":"Ignored","floor":27,"damage_taken":0}],"boss_relics":[{"not_picked":["Black Star","Fusion Hammer"],"picked":"Lizard Tail"}],"items_purged_floors":[],"is_endless":false,"potions_floor_spawned":[8,11,12,16,25,30],"killed_by":"Collector","ascension_level":5}