{"gold_per_floor":[161,176,28,38,38,63,63,40,64,82,82,92,106,181,181,281,281,299,317,317,317,330,330,255,255],"floor_reached":25,"playtime":642,"items_purged":["Strike_G"],"score":252,"play_id":"4b4e9a71-ad15-4797-b903-d214d9c64a71","local_time":"20180726230322","is_ascension_mode":false,"campfire_choices":[{"data":"Terror","floor":7,"key":"SMITH"},{"data":"Accuracy","floor":11,"key":"SMITH"},{"floor":15,"key":"REST"},{"floor":23,"key":"REST"}],"neow_cost":"NONE","seed_source_timestamp":248928446743730,"circlet_count":0,"master_deck":["Defend_G","Defend_G","Defend_G","Defend_G","Defend_G","Strike_G","Strike_G","Strike_G","Strike_G","Survivor+1","Neutralize","Terror+1","Slice","Accuracy","Accuracy+1","Slice","Glass Knife","Dagger Spray","Dagger Spray","Poisoned Stab","Backstab","Storm of Steel","Parasite","Skewer+1","Dagger Spray","Dagger Spray+1"],"relics":["Tiny House","Oddly Smooth Stone","Darkstone Periapt","Snake Skull","Calling Bell","Anchor","Frozen Egg 2","Sundial","Spirit Poop"],"potions_floor_usage":[6,16,16,22,25,25,25],"damage_taken":[{"damage":8,"enemies":"2 Louse","floor":1,"turns":3},{"damage":4,"enemies":"Cultist","floor":2,"turns":4},{"damage":0,"enemies":"Small Slimes","floor":4,"turns":4},{"damage":9,"enemies":"Gremlin Nob","floor":6,"turns":4},{"damage":7,"enemies":"Blue Slaver","floor":10,"turns":3},{"damage":0,"enemies":"Large Slime","floor":12,"turns":5},{"damage":0,"enemies":"Exordium Wildlife","floor":13,"turns":1},{"damage":47,"enemies":"The Guardian","floor":16,"turns":10},{"damage":24,"enemies":"Shell Parasite","floor":18,"turns":6},{"damage":3,"enemies":"3 Byrds","floor":19,"turns":4},{"damage":50,"enemies":"Sentry and Sphere","floor":22,"turns":6},{"damage":46,"enemies":"Book of Stabbing","floor":25,"turns":6}],"seed_played":"-9198338707646692621","potions_obtained":[{"floor":0,"key":"PowerPotion"},{"floor":2,"key":"Energy Potion"},{"floor":6,"key":"Energy Potion"},{"floor":12,"key":"SkillPotion"},{"floor":16,"key":"PowerPotion"},{"floor":18,"key":"SteroidPotion"},{"floor":22,"key":"Dexterity Potion"}],"is_trial":false,"path_per_floor":["M","M","$","M","?","E","R","$","T","M","R","M","M","?","R","B",null,"M","M","?","?","M","R","?"],"character_chosen":"THE_SILENT","items_purchased":["Accuracy","Dagger Spray"],"campfire_rested":2,"item_purchase_floors":[3,8],"current_hp_per_floor":[67,63,63,63,56,47,47,47,47,40,40,40,40,29,51,4,93,69,66,66,66,16,43,43,0],"gold":255,"neow_bonus":"BOSS_RELIC","is_prod":false,"is_daily":false,"chose_seed":false,"campfire_upgraded":2,"win_rate":0,"timestamp":1532612002,"path_taken":["M","M","$","M","?","E","R","$","T","M","R","M","M","?","R","BOSS","M","M","?","?","M","R","?","E"],"build_version":"2018-07-19v2","purchased_purges":1,"victory":false,"max_hp_per_floor":[75,75,75,75,75,75,75,75,75,75,75,75,75,75,75,75,93,93,93,93,93,93,93,93,93],"card_choices":[{"not_picked":["Deflect","Setup"],"picked":"Terror","floor":0},{"not_picked":["Sucker Punch","Acrobatics"],"picked":"Slice","floor":1},{"not_picked":["Dagger Throw","Sucker Punch"],"picked":"Accuracy","floor":2},{"not_picked":["Bane","Dodge and Roll"],"picked":"Slice","floor":4},{"not_picked":["Quick Slash","Poisoned Stab"],"picked":"Glass Knife","floor":6},{"not_picked":["Endless Agony","Prepared"],"picked":"Dagger Spray","floor":10},{"not_picked":["Escape Plan","PiercingWail"],"picked":"Poisoned Stab","floor":12},{"not_picked":["Choke","Dodge and Roll"],"picked":"Backstab","floor":13},{"not_picked":["Venomology","Unload"],"picked":"Storm of Steel","floor":16},{"not_picked":["Flechettes","Flying Knee"],"picked":"Skewer+1","floor":18},{"not_picked":["Leg Sweep","Endless Agony"],"picked":"Dagger Spray","floor":19},{"not_picked":["Blur","PiercingWail"],"picked":"Dagger Spray+1","floor":22}],"player_experience":262254,"relics_obtained":[{"floor":6,"key":"Darkstone Periapt"},{"floor":9,"key":"Snake Skull"},{"floor":17,"key":"Anchor"},{"floor":17,"key":"Frozen Egg 2"},{"floor":17,"key":"Sundial"}],"event_choices":[{"event_name":"Scrap Ooze","player_choice":"success","floor":5,"damage_taken":7},{"event_name":"World of Goop","player_choice":"Gather Gold","floor":14,"damage_taken":0},{"event_name":"Bonfire Elementals","player_choice":"CURSE","floor":20,"damage_taken":0},{"event_name":"Vampires","player_choice":"Ignored","floor":21,"damage_taken":0},{"event_name":"Beggar","player_choice":"Gave Gold","floor":24,"damage_taken":0}],"is_beta":false,"boss_relics":[{"not_picked":["HoveringKite","White Beast Statue"],"picked":"Calling Bell"}],"items_purged_floors":[3],"is_endless":false,"potions_floor_spawned":[2,6,12,16,18,22],"killed_by":"Book of Stabbing","ascension_level":0}